3804 5858
800 497 871 552 Doc.
889 489 967 571 378.
994 525 1033 538 -
1058 494 1228 570 An.1495.

985 721 1072 790 378.

488 884 665 948 Ann01495.
689 895 727 944 19.
746 881 877 931 februarii.
899 882 1066 933 Viroviticae.

391 1056 556 1113 Vladislaus
578 1055 680 1128 Hung.
703 1062 743 1112 etc
765 1071 827 1125 rex,
849 1053 1103 1128 caprulozagmb.
1127 1053 1255 1124 mandat,
1279 1059 1314 1110 ut
1333 1052 1468 1110 sacellum
1490 1049 1653 1124 sspiritum

486 1161 516 1218 in
538 1161 611 1218 bona
633 1157 774 1235 quattuor
794 1161 948 1219 sessionum
963 1161 1198 1235 Jhbngienalium
1219 1157 1399 1216 redditurum
1423 1156 1546 1216 iuducet.

489 1322 682 1382 Wladislaus
699 1321 747 1380 dei
771 1323 875 1396 gracia
898 1339 953 1380 rex
976 1323 1135 1396 Hungarie
1157 1329 1187 1380 et
1211 1321 1359 1380 Bohemie
1381 1325 1437 1378 etc.
1461 1317 1652 1377 Honorabili

387 1430 525 1505 capitulo
556 1429 683 1488 ecclesie
714 1429 921 1502 zagrabiensis
951 1429 1084 1488 salutem
1114 1436 1147 1487 et
1170 1429 1317 1502 graciam.
1345 1426 1425 1485 Cum
1447 1441 1503 1484 nos
1525 1425 1576 1483 illi
1600 1439 1650 1482 re·

387 1536 534 1616 missioni,
550 1536 740 1612 restitucioni
763 1541 793 1594 et
816 1535 1123 1611 perpetualidacioni‚
1146 1551 1240 1610 quam
1263 1535 1367 1594 fidelis
1390 1539 1492 1592 noster
1514 1532 1650 1589 illustris

382 1643 538 1726 Johannes
560 1641 722 1715 Coruinus,
745 1643 874 1715 Opawie
898 1647 928 1700 et
949 1641 1134 1716 Lypthowie
1158 1641 1221 1699 dux
1245 1649 1300 1699 etc.
1319 1640 1357 1698 de
1369 1638 1556 1714 quibusdam
1570 1653 1649 1710 qua·

384 1753 454 1806 tuor
486 1749 674 1806 sessionibus
706 1746 955 1823 jobagionalibus
987 1749 1018 1807 in
1057 1749 1249 1821 possessione
1274 1747 1502 1806 Chernomercz
1527 1752 1648 1816 vocata,

381 1853 414 1912 iri
436 1854 583 1912 comitatu
607 1854 798 1926 zagrabiensi
821 1855 943 1924 habitis,
966 1849 1018 1930 (ad
1046 1853 1225 1927 cappellam
1249 1853 1346 1912 sancti
1370 1843 1508 1927 spiritus)
1532 1850 1563 1907 in
1588 1865 1646 1923 pa·

382 1960 487 2018 rochia
522 1959 666 2033 plebanie
690 1961 817 2018 ecclesie
848 1961 937 2018 beate
960 1961 1155 2034 Margaretbe
1188 1959 1317 2033 virginis
1340 1959 1372 2018 in
1395 1957 1545 2016 suburbio
1569 1957 1648 2014 civi·

382 2067 453 2124 tatis
485 2067 598 2123 montis
629 2064 790 2124 Grecensis
822 2065 949 2124 fundate
979 2067 1211 2139 pertinentibus,
1244 2066 1353 2140 vigore
1386 2071 1540 2140 certarum
1563 2062 1647 2120 litte·

382 2187 487 2230 rarum
518 2186 645 2229 suarum
685 2171 785 2229 eidem
816 2173 946 2245 capelle,
978 2172 1178 2245 eiusdemque
1213 2172 1385 2230 rectoribus
1415 2184 1474 2248 pro
1505 2176 1648 2241 tempore

380 2278 553 2336 constitutis
575 2276 681 2336 fecisse
703 2277 879 2348 dinoscitur,
904 2282 1044 2336 nostrum
1066 2279 1187 2350 regium
1211 2291 1394 2336 consensum
1417 2275 1646 2354 prebuerimus;

382 2390 411 2443 et
426 2384 645 2442 nichilominus
672 2387 770 2441 totum
785 2391 814 2441 et
837 2398 930 2441 omne
943 2384 990 2440 ius
1013 2389 1153 2441 nostrum
1169 2385 1299 2456 regium,
1316 2383 1341 2441 si
1358 2381 1442 2456 quod
1458 2383 1490 2440 in
1528 2380 1647 2443 eisdem

383 2495 515 2566 quatuor
550 2489 738 2548 sessionibus
772 2487 1024 2564 jobagionalibus
1060 2475 1331 2563 qualitercumque
1366 2489 1562 2560 haberemus,
1592 2493 1648 2545 aut

383 2594 492 2654 eedem
521 2601 662 2653 nostram
692 2611 730 2652 ex
762 2596 1011 2669 quibuscumque
1043 2597 1151 2664 causis,
1175 2597 1243 2668 viis,
1267 2595 1369 2654 modis
1390 2588 1433 2674 (et
1457 2585 1648 2673 racionibus)

384 2707 602 2760 concernerent
624 2701 825 2774 maiestatem,
857 2702 952 2758 simul
975 2718 1049 2760 cum
1070 2703 1191 2760 cunctis
1214 2701 1383 2760 earundem
1405 2701 1593 2760 utilitatibus
1616 2707 1649 2758 et

383 2807 579 2883 pertinenciis
609 2812 779 2865 memorate
809 2807 929 2880 capelle
960 2809 1057 2866 sancti
1090 2810 1217 2882 spiritus
1246 2812 1276 2867 et
1306 2807 1444 2866 eiusdem
1475 2806 1648 2866 rectoribus

385 2913 514 2988 prefatis
537 2906 668 2991 (vigore)
692 2914 887 2988 presencium
909 2915 1143 2988 contulerimus,
1166 2917 1361 2988 velimusque
1383 2913 1514 2972 eandem
1537 2913 1569 2972 in
1591 2911 1646 2970 do·

383 3020 515 3080 minium
539 3019 719 3078 earumdem
742 3036 799 3096 per
828 3027 970 3078 nostrum
994 3026 1023 3080 et
1046 3029 1184 3080 vestrum
1207 3023 1348 3080 homines
1368 3020 1523 3094 legittime
1546 3017 1649 3078 facere

385 3126 546 3186 introduci.
571 3125 671 3201 Super
694 3142 756 3200 quo
772 3127 916 3186 fidelitati
932 3135 1034 3186 vestre
1057 3129 1261 3203 precipientes
1284 3127 1477 3198 mandamus,
1496 3132 1649 3202 quatenus

383 3239 523 3292 restrum
553 3233 682 3290 mittatis
713 3233 872 3291 hominem
903 3249 960 3306 pro
982 3235 1158 3294 testimonio
1183 3235 1382 3308 fidedignum,
1410 3249 1472 3308 quo
1496 3237 1647 3308 presente,

383 3340 556 3415 Stephanus
580 3340 699 3398 Kasnar
723 3339 761 3396 de
796 3339 990 3414 Glawnycza,
1028 3342 1078 3400 vel
1101 3341 1209 3400 Petrus
1236 3341 1274 3400 de
1299 3343 1446 3412 Marenen,
1470 3344 1523 3398 aut
1546 3337 1645 3397 Geor·

382 3448 452 3521 gius
471 3445 509 3504 de
532 3444 711 3520 Schytaryo,
733 3447 803 3505 aliis
826 3449 1013 3523 absentibus,
1036 3451 1131 3508 homo
1153 3455 1266 3522 noster,
1289 3447 1329 3507 ad
1352 3447 1445 3506 iacies
1469 3447 1643 3522 prescripte

388 3553 591 3627 possessionis
607 3551 831 3613 Chernomercz
847 3565 1067 3630 consequenter
1084 3557 1296 3632 predictarum
1319 3561 1454 3632 quatuor
1474 3555 1647 3612 sessionum

386 3657 630 3735 jobagionalium
663 3659 739 3717 inibi
770 3662 956 3735 habitarum,
980 3664 1088 3722 vicinis
1111 3669 1141 3722 et
1161 3663 1384 3722 commetaneis
1406 3661 1470 3719 suis
1493 3660 1647 3718 universis

389 3765 541 3838 legittime
571 3766 747 3826 convocatis
779 3773 808 3824 et
839 3770 1033 3841 presentibus
1064 3771 1252 3842 accedentes,
1275 3767 1450 3828 introducat
1473 3765 1644 3825 discretum

387 3870 570 3929 Michaelem
594 3871 765 3944 plebanum
789 3866 882 3949 (dicte
898 3875 1026 3934 ecclesie
1039 3877 1128 3934 beate
1146 3867 1351 3954 Margaretbe)
1368 3874 1506 3950 virginis,
1522 3872 1648 3932 nomine

385 3976 466 4036 dicte
490 3977 611 4050 capelle
635 3978 666 4036 in
689 3977 860 4037 dominium
892 3982 1082 4054 earumdem,
1105 3987 1281 4056 statuatque
1304 3980 1428 4040 easdem
1452 3979 1554 4060 eidem
1576 3994 1647 4054 pre-

382 4085 477 4143 misso
500 4082 577 4160 juris
599 4084 690 4142 titulo
714 4085 773 4144 sibi
786 4086 990 4160 incumbente,
1015 4095 1165 4164 perpetuo
1187 4087 1397 4164 possidendas,
1414 4089 1439 4146 si
1462 4101 1522 4145 non
1546 4085 1643 4144 fuerit

383 4189 615 4250 contradictum.
640 4190 888 4250 Contradictores
913 4209 994 4266 vero,
1019 4195 1045 4253 si
1061 4197 1113 4270 qui
1138 4193 1263 4267 suerint,
1278 4200 1387 4254 evocet
1400 4193 1526 4252 eosdem
1539 4197 1646 4252 contra

384 4303 566 4356 annotatum
597 4297 779 4356 Michaelem
811 4299 981 4372 plebanum
1015 4300 1052 4358 ad
1078 4301 1245 4359 terminum
1269 4305 1497 4375 competentem
1521 4300 1552 4357 in
1576 4314 1646 4373 pre·

385 4405 519 4462 senciam
550 4404 623 4462 bani
650 4406 747 4462 nostri
770 4404 809 4463 ad
839 4407 1007 4466 terminum
1030 4411 1267 4481 competentem,
1292 4407 1448 4465 racionem
1473 4405 1643 4464 contradic-

386 4509 481 4570 cionis
518 4525 627 4568 eorum
659 4510 854 4583 reddituros;
885 4519 915 4570 et
938 4519 1008 4588 post
1036 4515 1093 4572 hec
1128 4511 1307 4571 huiusmodi
1340 4511 1579 4572 introduccionis
1607 4493 1645 4570 'et

384 4618 562 4676 statucionis
585 4617 697 4676 seriem
721 4633 791 4675 cum
823 4619 1083 4678 contradictorum
1106 4625 1136 4678 et
1158 4625 1368 4690 evocatorum,
1392 4620 1494 4696 siqui
1518 4618 1644 4690 fuerint,

383 4724 619 4800 vicinorumque
644 4729 674 4784 et
697 4731 990 4798 commetaneorum,
1006 4727 1059 4799 qui
1084 4727 1234 4800 premisse
1257 4727 1421 4786 statucioni
1444 4725 1642 4785 interfuerint

382 4831 570 4903 nominibus,
600 4832 796 4905 terminoque
834 4832 996 4905 assignato,
1020 4831 1122 4890 eidem
1145 4832 1227 4891 bano
1249 4839 1356 4892 nostro
1379 4847 1436 4892 suo
1471 4832 1565 4890 modo
1596 4849 1643 4892 re·

382 4938 530 4997 scribatis.
557 4937 673 4997 Datum
697 4938 728 4996 in
752 4937 870 5013 oppido
900 4937 1076 4997 Werewcze
1100 4937 1177 4998 feria
1201 4940 1308 5013 quinta
1339 4939 1484 5014 proxima
1506 4945 1576 4998 ante
1599 4938 1643 4998 ie·
