3930 5802
666 564 915 632 Dae.rrr.112,
941 596 980 606 -
1004 563 1060 621 Aa.
1085 558 1175 640 1438.

903 773 971 841 lll.

401 918 482 967 Anno
504 917 578 981 1438,
601 930 640 984 15.
657 918 776 983 junuarii.
796 901 911 970 dasmae.

301 1043 465 1121 Capitulum
488 1047 630 1106 lasraense
651 1047 826 1106 Machaeram
853 1047 983 1106 Talaoac
1005 1047 1111 1104 lanum
1141 1047 1288 1104 certiorem
1319 1044 1414 1103 reddit
1441 1039 1561 1117 requisi-

293 1153 369 1210 tione
390 1171 449 1211 esse
470 1161 613 1228 repertam
643 1158 768 1211 omnium
798 1151 986 1232 infimarum,
1016 1153 1125 1211 cibibus
1146 1152 1378 1227 aagrabiensr'bus
1401 1151 1561 1220 illatarum,

578 1261 691 1336 cupam
713 1262 853 1319 sustinere
884 1261 1052 1320 Villtelmum
1075 1261 1271 1318 castellanum.
1530 1241 1534 1252 ⁸

399 1403 565 1478 Magnifico
595 1405 665 1465 viro
697 1405 824 1464 domino
852 1403 1013 1464 Mathkoni
1035 1403 1074 1464 de
1096 1404 1265 1463 Thallaucz
1287 1404 1375 1477 regni
1397 1402 1561 1462 Sclauonie

293 1510 384 1583 bano,
406 1511 506 1569 amico
536 1513 677 1586 ipsorum
707 1511 897 1584 honorando,
921 1512 1094 1586 capitulum
1116 1511 1243 1570 ecclesie
1273 1509 1462 1568 chasmensis
1484 1511 1561 1568 arui·

294 1617 404 1676 eiciam
428 1623 570 1693 paratam
591 1634 664 1677 cum
695 1620 821 1677 honore.
857 1617 988 1678 Litteras
1021 1622 1141 1678 vestras
1170 1618 1379 1692 inquisitorias
1413 1632 1470 1690 per
1503 1631 1561 1674 vos

294 1724 384 1782 nobis
408 1725 616 1784 amicabiliter
639 1725 771 1784 directas
795 1725 999 1799 honoreque
1030 1724 1141 1798 decuit,
1171 1724 1294 1782 noverit
1322 1739 1379 1782 nos
1408 1723 1561 1796 recepisse

291 1829 323 1888 in
345 1830 402 1888 hec
424 1831 536 1889 verba:
559 1823 634 1909 (vid.
657 1832 731 1890 Doc.
758 1846 827 1907 109.
855 1845 923 1890 110.
947 1847 994 1892 an.
1021 1831 1112 1906 1348.
1138 1845 1185 1905 23.
1206 1822 1356 1908 januarii).
1373 1829 1437 1887 Nos
1455 1829 1561 1904 itaque

291 1937 403 1994 vestris
426 1937 644 1995 amicabilibus
668 1937 876 2011 peticionibus
899 1943 1075 2008 annuentes,
1099 1953 1160 1995 una
1182 1953 1254 1995 cum
1269 1935 1391 2010 prefato
1406 1934 1559 2008 Gregorio

292 2041 331 2099 de
355 2041 553 2115 Beryzlowch
576 2043 726 2117 predicta,
742 2044 868 2102 homine
889 2049 1003 2115 vestro,
1026 2049 1167 2102 nostrum
1183 2044 1342 2102 hominem
1357 2041 1559 2114 fidedignum,

292 2148 460 2207 discretum
481 2150 586 2208 uirum
609 2147 800 2224 Stephanum
824 2151 1034 2223 presbiterum
1064 2157 1093 2209 et
1124 2150 1365 2224 prebendarium
1396 2149 1482 2207 chori
1512 2148 1559 2222 ip·

292 2255 355 2313 sius
379 2256 507 2314 ecclesie
529 2262 633 2315 nostre
655 2257 695 2316 ad
718 2259 905 2332 premissam
929 2257 1164 2330 inquisicionem
1181 2256 1362 2327 faciendam,
1378 2259 1484 2314 nostro
1500 2269 1558 2328 pro

291 2361 469 2420 testimonio
491 2361 637 2421 duximus
661 2363 886 2422 destinandum.
911 2362 973 2437 Qui
995 2363 1120 2422 tandem
1143 2363 1254 2423 exinde
1276 2362 1317 2420 ad
1346 2377 1403 2420 nos
1432 2361 1558 2432 reversi,

291 2467 381 2525 nobis
405 2483 481 2528 voce
503 2485 636 2537 consona
659 2471 833 2530 retulerunt
857 2469 1044 2530 istomodo:
1067 2471 1152 2546 quod
1168 2469 1327 2546 predictus
1341 2470 1437 2528 homo
1456 2473 1559 2527 vester

290 2578 437 2647 presente
456 2574 539 2634 dicto
561 2583 667 2635 nostro
694 2577 878 2648 testimonio,
903 2576 980 2635 feria
1002 2583 1112 2652 quarta
1136 2578 1280 2652 proxima
1296 2581 1368 2650 post
1383 2573 1558 2648 predictum

290 2684 437 2738 octavum
459 2681 543 2740 diem
566 2682 637 2742 festi
659 2683 906 2758 Epiphaniarum
930 2683 1057 2754 domini,
1080 2700 1161 2742 nunc
1184 2683 1332 2759 preteriti,
1355 2682 1396 2740 ab
1412 2679 1558 2738 omnibus

290 2785 418 2845 illarum
442 2789 584 2864 parcium
607 2789 794 2861 hominibus,
818 2805 836 2847 a
862 2789 977 2864 quibus
1001 2791 1153 2850 decuisset
1176 2795 1206 2849 et
1228 2790 1373 2859 licuisset,
1396 2787 1504 2862 palam
1527 2789 1558 2846 et

291 2893 410 2952 occulte
441 2894 606 2968 diligenter
638 2896 677 2954 de
715 2897 875 2971 premissis
911 2897 1104 2971 inquirendo,
1128 2898 1232 2955 omnia
1253 2897 1405 2971 premissa
1428 2898 1458 2952 et
1481 2907 1557 2966 quo·

290 3000 411 3060 rumvis
434 3003 660 3074 premissorum
684 3003 806 3077 singula
829 3004 873 3062 sic
896 3009 926 3062 et
949 3004 1059 3062 eodem
1082 3004 1178 3062 modo
1208 2993 1288 3060 facta
1318 3009 1349 3062 et
1378 3005 1556 3077 perpetrata

290 3104 385 3164 fuisse
407 3113 437 3164 et
460 3123 526 3165 esse
548 3109 752 3183 rescivissent,
775 3115 868 3183 prout
902 3110 1004 3169 eidem
1038 3115 1142 3169 vestre
1174 3108 1408 3182 magnificencie
1438 3107 1557 3166 dictum
1613 3137 1617 3150 ·

290 3211 439 3270 extitisset
474 3220 504 3272 et
537 3215 615 3272 sicut
650 3221 737 3273 tenor
773 3217 948 3275 litterarum
980 3222 1155 3275 vestrarum
1178 3217 1312 3274 continet
1335 3215 1554 3290 predictarum.

290 3316 407 3376 Datum
431 3320 525 3378 tercio
549 3319 599 3378 die
623 3319 684 3378 diei
707 3321 918 3395 inquisicionis
934 3326 1104 3397 prenotate.
1128 3323 1219 3380 Anno
1234 3321 1353 3380 domini
1368 3321 1555 3396 supradicto.

396 3453 625 3520 1v.Kukuljevic.
650 3455 736 3506 Arkiv
760 3473 790 3506 ea
814 3458 977 3523 povjestnieu
998 3457 1208 3524 jugoslavenslru,
1234 3458 1287 3523 huj.
1306 3459 1359 3510 111.
1379 3463 1422 3510 str.
1442 3469 1554 3522 91-94.

894 3665 958 3736 112.

395 3809 476 3860 Anno
497 3811 571 3874 1438,
592 3823 633 3871 31.
651 3811 770 3876 januarii.
790 3811 938 3874 Zagrabiae.

296 3919 452 3979 comitarier
481 3921 598 3995 aagrab.
634 3923 743 3980 actrane
772 3940 792 3978 a
821 3921 929 3979 cr'ut'bus
958 3923 1076 3996 aagrab.
1099 3924 1230 3982 instituta
1253 3924 1287 3982 de
1308 3925 1426 4000 injuriis
1447 3943 1467 3982 a
1499 3925 1555 3984 Vil-

287 4026 379 4084 leelma
401 4029 558 4086 castellana
573 4029 664 4086 castri
677 4028 806 4086 Medaed
823 4035 924 4086 cantra
940 4030 1032 4087 orcam
1062 4028 1199 4089 Grelani
1210 4039 1240 4089 et
1251 4039 1422 4090 mercatores
1436 4033 1553 4106 cagrab.

280 4133 375 4208 sactis
403 4135 607 4210 quaesitionem
638 4153 695 4192 esse
728 4135 819 4193 latam
841 4137 966 4244 nuntiat,
988 4138 1157 4211 culpamque
1181 4139 1212 4195 ia
1244 4138 1413 4196 Vr'lhelmam
1436 4139 1554 4215 confert.

393 4277 458 4337 Nos
482 4277 636 4348 Nicolaus
660 4280 745 4338 filius
769 4279 915 4354 Gregorii
937 4281 975 4338 de
998 4280 1106 4356 Gepw,
1134 4298 1246 4353 comes,
1270 4299 1306 4342 ac
1328 4281 1444 4358 judices
1466 4284 1554 4343 nobi·

286 4383 366 4444 lium
389 4385 552 4445 comitatus
575 4387 788 4460 zagrabiensis.
812 4389 961 4448 Memorio
983 4389 1244 4464 commendamus,
1258 4391 1341 4465 quod
1356 4407 1427 4450 curn
1442 4407 1498 4452 nos
1514 4389 1554 4450 ad

288 4491 454 4550 instantem
488 4493 672 4567 peticionem
702 4492 822 4572 judicis,
845 4494 1020 4572 juratorum
1051 4501 1082 4556 et
1103 4498 1202 4556 tocius
1224 4500 1455 4558 communitatis
1478 4501 1553 4560 civi·

287 4597 360 4654 tatis
384 4599 497 4656 montis
534 4598 696 4659 Grecensis
731 4601 769 4659 de
802 4603 888 4662 iuxta
922 4603 1115 4676 Zagrabiam
1139 4603 1294 4662 Thomam
1318 4605 1490 4664 litteratum
1513 4606 1553 4665 de

290 4703 506 4776 Domagouich
530 4721 565 4764 ac
589 4705 769 4781 Georgium,
792 4708 894 4767 filium
918 4710 1058 4768 Matbeus
1082 4709 1120 4768 de
1143 4708 1340 4784 Sythomeria
1363 4711 1552 4785 et·Petrum,

288 4807 392 4866 filium
415 4808 564 4894 Johannis
588 4811 626 4870 de
649 4811 770 4886 Sythar‚
794 4819 857 4874 tres
880 4831 918 4874 ex
940 4816 1032 4874 nobis
1054 4817 1172 4874 scilicet
1195 4813 1311 4892 judices
1333 4817 1488 4876 nobilium
1511 4817 1552 4876 ad

286 4913 517 4990 infrascriptam
539 4917 773 4992 inquisicionem
798 4920 970 4979 faciendam
995 4922 1033 4980 de
1056 4920 1129 4980 sede
1150 4926 1256 4981 nostra
1277 4919 1439 4999 judiciaria
1461 4923 1552 4998 legit·

288 5021 363 5080 time
386 5021 634 5099 destinassemus,
666 5027 720 5101 qui
743 5026 872 5086 demum
894 5027 1004 5088 exinde
1027 5028 1066 5086 ad
1089 5043 1145 5088 nos
1174 5030 1293 5088 reversi
1314 5030 1404 5090 nobis
1434 5030 1550 5090 unifor-
