3932 5806
825 530 898 587 Dec.
922 543 988 586 212.
1011 561 1054 571 -
1077 529 1134 585 An.
1159 540 1242 606 1459

606 637 645 640 —
1308 635 1370 638 ..--
1411 634 1479 638 -.—-
1521 634 1534 638 -
1543 633 1616 641 -‹....
1633 634 1661 640 -ι

399 746 481 803 bona
504 747 601 819 ipsius
621 745 749 802 ecclesie
773 745 948 802 conservari
973 745 1062 801 solita
1080 749 1176 815 erant,
1191 745 1222 801 in
1246 744 1327 800 dicta
1350 743 1475 800 civitate
1499 743 1662 800 constituta

398 859 427 910 et
451 852 564 922 habita,
596 867 631 910 ac
666 852 696 909 in
721 852 834 924 quibus
858 866 915 924 pro
939 867 1019 908 nunc
1042 850 1215 920 castellum,
1236 850 1281 906 uti
1305 849 1426 920 dicitur,
1451 847 1490 905 de
1513 848 1663 907 mandato

398 965 427 1016 et
457 959 585 1031 speciali
613 957 830 1014 commissione
860 957 998 1014 eiusdem
1024 957 1195 1014 serenitatis
1219 960 1320 1012 vestre
1344 955 1592 1026 constructuitur,
1623 953 1662 1011 de

397 1065 584 1136 benignitate
599 1063 683 1134 regia
699 1064 817 1120 restitui
834 1063 935 1120 iacere
951 1069 1042 1136 atque
1065 1063 1258 1119 committere
1282 1061 1440 1134 dignetur;
1464 1075 1522 1134 pro
1548 1061 1662 1133 quibus

398 1171 494 1228 eciam
508 1170 638 1228 illustris
650 1169 794 1226 dominus
807 1169 951 1236 Nicolaus
967 1187 1021 1226 rex
1039 1169 1144 1238 Bozne,
1157 1174 1318 1241 totumque
1335 1167 1473 1226 eiusdem
1489 1167 1662 1224 serenitatis

398 1283 498 1333 vestre
521 1275 682 1333 Sclauonie
706 1291 835 1348 regnum
861 1277 926 1334 sive
950 1277 1013 1333 eius
1033 1275 1175 1348 indigene
1197 1276 1327 1345 nobiles,
1342 1275 1499 1332 communi
1515 1273 1663 1331 svadente

395 1379 523 1456 justicia,
541 1382 650 1439 diebus
672 1391 742 1440 ante
759 1384 913 1455 preteritis
929 1383 1098 1440 clarissime
1115 1381 1351 1456 descripserunt.
1375 1380 1407 1438 Si
1427 1387 1529 1438 autem
1553 1394 1662 1453 preno-

397 1489 451 1545 tati
467 1489 549 1546 cives
573 1488 690 1562 aliquid
714 1486 790 1562 juris
814 1495 844 1546 et
867 1489 1065 1562 proprietatis
1095 1490 1127 1546 in
1157 1488 1245 1546 dictis
1277 1487 1522 1561 possessionibus
1545 1486 1662 1542 habere

397 1593 590 1667 pretendunt,
614 1594 644 1651 id
669 1596 734 1652 iure
751 1601 779 1651 et
801 1594 1020 1653 consuetudine
1041 1595 1126 1666 regni
1144 1600 1250 1652 contra
1267 1593 1350 1650 idem
1367 1592 1539 1667 capitulum
1557 1607 1663 1666 prose·

397 1705 538 1773 quantur.
1295 1697 1304 1718 ⁸

502 1835 635 1898 Originale
654 1834 679 1885 iu
699 1836 795 1886 charta.
823 1838 855 1884 Iu
874 1837 968 1887 archiv.
989 1853 1045 1888 ven.
1066 1837 1149 1901 Capit.
1169 1836 1349 1900 zagrabieusis.
1371 1835 1432 1883 Act.
1452 1849 1506 1897 cap.
1526 1839 1578 1880 ant.
1598 1832 1660 1882 sose.

401 1936 439 1974 10.
459 1940 496 1974 nr.
517 1938 540 1986 4.

992 2103 1069 2168 212.

421 2309 422 2312 Ἴ
504 2243 583 2292 Anno
606 2256 679 2308 1459,
701 2256 723 2295 2.
744 2244 844 2322 aprilis
863 2247 1010 2308 Zagrnbiae.

399 2370 427 2425 Α
453 2371 576 2442 capitulo
607 2373 723 2443 zograb.
745 2373 940 2429 communitati
960 2373 1084 2431 civitatis
1107 2372 1235 2430 traditur
1263 2371 1411 2443 exemplar
1431 2369 1565 2441 cpz'stolae
1586 2368 1662 2440 regis

400 2475 534 2532 lisathio
557 2477 586 2532 in
610 2495 668 2550 (μαι
692 2479 804 2535 civitati
825 2480 955 2547 irrorzdat,
980 2487 1015 2536 nl
1035 2479 1180 2552 advigilat,
1205 2496 1239 2534 ne
1261 2476 1387 2532 horrtines
1408 2475 1535 2548 malefici
1548 2472 1661 2531 clande-

899 2587 973 2642 stine
995 2586 1161 2658 immigrant.

504 2727 567 2783 Nos
602 2727 774 2800 capitulum
806 2730 931 2787 ecclesie
965 2729 1180 2801 zagrabiensis.
1215 2729 1365 2786 Memorie
1401 2722 1658 2784 commendamus

400 2848 453 2904 per
477 2841 642 2905 presentes,
666 2835 750 2906 quod
773 2835 935 2917 Johannes,
953 2837 1037 2894 filius
1061 2836 1151 2902 Petri,
1174 2834 1268 2911 judex
1294 2833 1428 2892 civitatis
1452 2831 1566 2888 montis
1582 2828 1658 2885 Gre-

398 2939 495 2996 censis
518 2940 549 2996 in
572 2955 626 2996 sua
651 2955 686 2996 ac
710 2942 925 3014 universorum
943 2943 1067 3014 civium,
1093 2944 1252 3014 tociusque
1276 2938 1505 2998 communitatis
1521 2934 1659 2994 eiusdem

398 3045 530 3102 civitatis
563 3046 674 3103 montis
705 3046 867 3104 Grecensis
896 3050 1036 3122 personis
1070 3049 1109 3105 ad
1139 3056 1277 3104 nostram
1310 3047 1435 3103 veniens
1468 3041 1660 3117 presenciam

397 3152 536 3209 exhibuit
560 3158 590 3208 et
614 3155 803 3225 presentavit
825 3154 915 3211 nobis
934 3155 1084 3226 quasdam
1103 3155 1222 3211 litteras
1246 3152 1434 3210 serenissimi
1458 3148 1607 3224 principis
1630 3151 1660 3202 et

398 3255 523 3326 domini,
557 3257 675 3315 domini
707 3260 829 3330 Mathie,
854 3257 903 3318 dei
924 3262 1027 3333 gracia
1052 3263 1132 3333 regis
1154 3261 1321 3332 Hungarie,
1346 3257 1515 3328 Dalmacie,
1533 3255 1659 3313 Croacie

397 3367 452 3418 etc.
476 3363 594 3421 domini
617 3365 714 3422 nostri
737 3366 888 3422 naturalis
912 3367 971 3422 sub
987 3368 1128 3424 annulari
1144 3367 1249 3439 sigillo
1265 3383 1319 3424 sue
1335 3365 1503 3422 maiestatis
1519 3366 1659 3435 patenter

397 3468 558 3538 confectas,
590 3470 703 3527 tenoris
734 3470 932 3545 infrascripti,
963 3479 1069 3545 petens
1101 3487 1156 3530 nos
1178 3487 1234 3529 suo
1266 3479 1296 3528 et
1326 3470 1512 3539 nominibus,
1545 3466 1658 3540 quibus

397 3589 508 3646 supra,
532 3581 565 3631 ut
597 3574 721 3632 easdem
754 3577 873 3634 litteras
904 3577 941 3634 de
971 3581 1069 3636 verbo
1092 3579 1131 3636 ad
1156 3579 1289 3636 verbum
1312 3577 1497 3635 transummi
1527 3580 1556 3658 et
1578 3579 1659 3629 tran·

397 3680 498 3750 scribi,
524 3695 559 3736 ac
582 3681 693 3738 litteris
716 3683 828 3740 nostris
851 3684 994 3740 similiter
1018 3686 1195 3758 patentibus
1219 3685 1311 3741 inseri
1336 3683 1490 3751 facientes,
1520 3687 1659 3738 tenorem

397 3793 426 3841 et
450 3793 680 3860 transumptum
705 3788 885 3844 earumdem
909 3789 969 3846 sibi
993 3795 1022 3845 et
1045 3791 1122 3861 aliis,
1156 3791 1269 3864 quibus
1292 3804 1396 3862 supra,
1421 3786 1659 3845 concederemus

396 3889 435 3946 ad
461 3892 620 3948 cautelam.
645 3891 785 3964 Quarum
801 3899 888 3950 tenor
911 3894 981 3952 talis
998 3901 1059 3953 est:
1084 3889 1168 3975 (vide
1193 3896 1268 3954 Doc.
1296 3911 1364 3954 aoa.
1388 3909 1468 3952 anno
1496 3892 1586 3968 1458.
1612 3889 1658 3948 16.

396 3989 521 4074 martii).
554 3997 618 4055 Nos
648 3999 753 4071 itaque
776 4001 936 4072 premissis
959 3999 1047 4076 justis
1071 4010 1101 4060 et
1124 4001 1344 4077 jurisconsonis
1366 4001 1573 4075 peticionibus
1589 4013 1658 4072 pre·

397 4101 453 4159 sati
483 4103 629 4183 Johannis
662 4103 772 4178 judicis
804 4106 893 4163 nobis
926 4123 981 4164 suo
1014 4115 1043 4165 et
1076 4109 1264 4181 nominibus,
1300 4108 1414 4182 quibus
1437 4121 1541 4181 supra,
1565 4102 1658 4162 modo

398 4208 560 4282 prehabito
585 4212 744 4282 porrectis,
778 4219 951 4284 annuentes,
984 4215 1138 4287 predictas
1159 4217 1277 4273 litteras
1303 4215 1402 4289 ipsius
1426 4212 1544 4271 domini
1562 4209 1658 4269 nostri

396 4315 476 4387 regis
501 4313 539 4372 de
563 4317 660 4372 verbo
684 4315 873 4374 adverbum
897 4319 1015 4392 absque
1038 4321 1246 4379 diminucione
1270 4329 1321 4378 aut
1345 4325 1511 4394 augmento
1527 4315 1657 4390 aliquali

395 4422 579 4478 transummi
610 4430 638 4479 et
670 4423 832 4480 transcribi
856 4439 891 4481 ac
915 4428 1109 4497 presentibus
1132 4429 1243 4485 litteris
1266 4429 1363 4485 nostri
1386 4425 1479 4485 inseri
1503 4423 1656 4490 facientes,

395 4533 531 4584 tenorem
557 4533 586 4584 et
608 4535 837 4606 transumptum
863 4532 1042 4590 earumdem
1066 4535 1259 4606 presentibus
1284 4535 1470 4592 verbotenus
1497 4533 1657 4599 insertum,

395 4632 494 4688 eidem
517 4633 650 4714 Johanni
672 4633 768 4708 judici
791 4640 821 4691 et
851 4637 928 4706 aliis,
953 4639 1066 4710 quibus
1097 4656 1200 4713 supra,
1216 4641 1360 4698 duximus
1386 4637 1595 4697 concedendas
1617 4634 1655 4692 ad

394 4739 555 4800 cautelam.
586 4741 702 4798 Datum
735 4741 812 4799 feria
842 4743 975 4801 secunda
1010 4747 1154 4819 proxima
1184 4753 1255 4821 post
1286 4753 1410 4805 octavas
1443 4745 1543 4802 Pasce.
1569 4745 1657 4799 Anno

393 4843 511 4904 domini
535 4847 703 4904 millesimo
728 4847 1034 4922 quadringentesimo
1059 4854 1320 4928 quinquagesimo
1343 4869 1432 4913 nono.

500 4984 632 5048 Originale
651 4987 678 5035 in
698 4987 793 5038 charta.
813 4989 840 5036 A
861 4995 932 5050 tergo
952 4989 1089 5052 vestigium
1107 4990 1194 5055 sigilli.
1214 4993 1246 5039 Iu
1265 4993 1332 5044 arch.
1353 4992 1398 5044 lib.
1419 5009 1469 5058 reg.
1490 4995 1537 5046 civ.
1556 4994 1656 5058 zagrab.
