3804 5858
417 463 482 534 m
833 451 1257 536 Mm—mw-

415 671 565 746 mgistro
585 673 765 746 Laureacio,
795 687 913 744 necnon
937 671 1013 747 ipsis
1034 672 1165 732 Νόοοὶαο
1184 677 1219 732 et
1241 672 1415 732 Cristofom
1436 675 1598 749 preposito
1617 675 1681 732 aire

415 777 504 840 factis
527 777 689 852 coniectas,
706 780 823 840 tenoris
844 779 1068 852 su-bmquentis,
1085 779 1266 854 supplicans
1281 778 1382 837 eidem
1397 779 1597 852 sigismundo
1612 783 1680 854 regi

413 883 525 944 exinde
546 886 725 944 nominibus
748 887 862 961 quibus
886 899 981 959 supra
1003 885 1166 943 humiliter
1188 891 1219 943 et
1241 884 1360 956 deuote,
1384 892 1419 944 nt
1441 885 1567 946 easdam
1582 893 1677 960 rata,

410 996 519 1062 metas
541 997 571 1049 et
587 998 729 1067 acceptas
743 991 898 1064 habendo,
911 991 1041 1074 suisque
1055 992 1168 1050 litteris
1183 992 1434 1066 privilegialibus
1445 994 1510 1052 sub
1525 995 1679 1067 premisso

335 1167 338 1174 ,
414 1095 526 1154 maiori
548 1111 630 1154 novo
653 1097 794 1174 dupplici
818 1097 1059 1171 authenticoque
1081 1097 1188 1170 sigilio
1218 1113 1275 1156 suo
1297 1099 1486 1158 verbotenus
1514 1100 1610 1159 inseri
1633 1099 1678 1158 ia»

411 1200 530 1272 ciendo,
546 1217 606 1277 pro
618 1203 696 1278 ipsis
710 1205 829 1263 scilicet
844 1203 982 1274 Nicolao,
997 1202 1193 1262 Christoforo
1215 1209 1246 1262 ot
1261 1204 1410 1286 Johanne,
1432 1205 1678 1280 eorumdemque

412 1292 561 1390 johannis
583 1315 614 1366 et
636 1309 757 1369 Nicolai
772 1309 939 1368 heredibus
950 1309 1135 1380 bmovandm
1152 1316 1305 1384 perpetuo
1321 1310 1485 1370 vallimras
1500 1310 1680 1386 dignaretur

413 1413 607 1474 confirmare.
631 1414 772 1490 Quarum
794 1431 856 1474 una
872 1416 990 1474 scilicet
1005 1415 1110 1473 littera
1125 1414 1224 1489 ipsius
1241 1415 1360 1475 domini
1383 1415 1575 1490 sigismundi
1594 1420 1680 1492 regis

412 1518 516 1578 littora
538 1519 756 1591 donacionalis,
779 1520 927 1596 strigonii
946 1520 999 1579 die
1022 1519 1180 1578 dominico
1201 1521 1347 1594 proximo
1370 1528 1443 1596 pust
1457 1522 1573 1582 kanna
1593 1523 1680 1584 beati

412 1624 553 1684 barnabe
575 1627 719 1702 apostoli,
734 1643 815 1686 anno
832 1627 951 1686 domini
966 1627 1138 1686 millesimo
1150 1613 1365 1688 bacenlesimo
1380 1630 1581 1704 maagesimo
1595 1645 1679 1690 nono

411 1731 551 1791 coniecta
585 1735 790 1808 exprimebat,
821 1733 905 1808 quod
940 1749 1133 1808 quamquam
1163 1733 1250 1792 idem
1283 1734 1428 1794 dominus
1459 1735 1678 1810 sigismundus

411 1854 477 1910 rex,
499 1839 578 1898 alias
601 1840 642 1899 ad
671 1841 867 1915 importunas
898 1855 1006 1914 preces
1026 1838 1169 1898 fidelium
1201 1855 1331 1899 suorum
1360 1839 1479 1918 judicis
1502 1840 1678 1918 juratorum

413 1951 443 2002 et
466 1945 582 2003 civium
605 1947 739 2006 ciuitatis
760 1963 815 2005 sue
838 1948 952 2005 mouns
974 1945 1138 2005 Grecensis
1161 1946 1321 2020 quandam
1345 1947 1456 2028 sillam
1477 1963 1534 2006 seu
1558 1962 1679 2024 posses-

412 2050 532 2110 sionem
555 2052 740 2126 Petrowyna
764 2054 841 2111 alias
873 2053 1099 2112 lentii-Pelliee
1120 2057 1274 2125 uocatam,
1299 2067 1360 2128 que
1382 2058 1454 2112 tunc
1477 2053 1517 2111 ad
1540 2061 1678 2112 emirum

412 2171 503 2214 auum
526 2159 632 2230 regale
662 2155 774 2232 Selyu'
791 2165 938 2218 vocatum
961 2159 993 2216 in
1025 2157 1107 2216 dicto
1131 2159 1279 2216 comitatu
1312 2159 1506 2232 ragrabiensi
1528 2160 1678 2226 situatum

412 2241 593 2336 pertinebat,
616 2265 657 2324 ab
680 2265 788 2324 mem
813 2271 914 2324 castro
936 2279 993 2323 suo
1015 2263 1189 2338 separando
1212 2264 1328 2324 eisdem
1352 2265 1474 2324 civibus
1496 2273 1527 2324 et
1541 2265 1680 2340 'populis

412 2369 476 2426 suis
499 2368 581 2429 dicte
603 2371 736 2429 civitatis
760 2387 814 2429 sue
837 2371 951 2430 montis
971 2369 1133 2429 Grecensis
1156 2385 1226 2428 cum
1243 2371 1388 2429 omnibus
1404 2372 1468 2430 suis
1490 2371 1678 2436 utilitatibus

412 2479 443 2530 et
472 2474 669 2547 pertinenciis
699 2476 807 2549 rigore
834 2477 966 2534 aliarum
1002 2475 1179 2534 litterarum
1210 2491 1337 2534 suarum
1366 2475 1435 2553 jure
1458 2477 1677 2552 perhempnali

419 2577 636 2640 dinoscebatur
660 2583 836 2640 contulisse.
868 2581 986 2640 Tamen
1016 2582 1089 2655 quia
1111 2581 1194 2640 idem
1218 2581 1363 2640 dominus
1384 2581 1600 2656 sigismundus
1622 2599 1679 2641 rex

414 2681 533 2746 dudum
549 2686 725 2760 predictum
742 2695 878 2746 castrum
902 2686 997 2761 Selyn
1016 2694 1173 2760 vocaturn,
1196 2687 1235 2745 ad
1261 2687 1344 2762 quod
1367 2688 1508 2762 predicta
1524 2690 1678 2764 possessio

412 2788 595 2865 Petrowyna
629 2793 707 2852 alias
741 2793 964 2854 lentii-Petris
997 2794 1079 2852 dicta
1110 2794 1265 2868 pertinere
1298 2794 1525 2866 dinoscebatur,
1548 2793 1677 2870 prelatis

420 2897 576 2972 magistris
599 2899 768 2960 Laurencio
791 2908 821 2960 et
847 2901 985 2975 Nicolao,
1002 2917 1122 2960 necnon
1138 2901 1264 2959 domino
1286 2899 1482 2960 Christoloro
1506 2902 1674 2976 preposito,

318 3087 319 3090 Ἴ
411 3002 485 3065 filiis
519 3005 651 3065 condam
682 3007 803 3068 Nicolai
838 3008 914 3066 dicti
940 3008 1021 3067 Toth
1056 3008 1094 3066 de
1128 3007 1337 3081 Zomzedwar,
1361 3023 1419 3082 pro
1443 3007 1622 3066 multifariis
1644 3016 1676 3067 et

410 3111 576 3172 meritoriis
595 3115 734 3174 serviciis
760 3115 943 3173 eorumdem
974 3115 1194 3188 magistrorum
1218 3115 1381 3173 Laurencii
1404 3121 1434 3172 et
1456 3112 1587 3188 Nicolai,
1610 3129 1674 3173 me·

410 3216 567 3278 diaatibus
597 3220 667 3279 aliis
697 3221 810 3280 litteris
842 3222 906 3281 suis
936 3219 1103 3295 superinde
1127 3218 1283 3292 contectis,
1314 3234 1395 3278 noae
1418 3235 1472 3278 sue
1496 3219 1675 3280 donacionis

411 3323 502 3382 titulo
525 3341 596 3384 cum
620 3327 765 3386 omnibus
789 3327 853 3385 suis
876 3328 1074 3402 pertinenciis
1097 3332 1126 3385 et
1141 3327 1328 3384 utilitatibus
1351 3327 1445 3400 pleno
1467 3326 1535 3404 Jure
1557 3328 1589 3386 in
1606 3341 1674 3402 per·

409 3435 540 3504 petuum
563 3433 754 3494 meminisset
783 3441 814 3492 et
844 3435 1000 3492 retulisset
1024 3432 1146 3492 dedisse
1170 3439 1201 3490 et
1226 3432 1365 3504 donasse,
1389 3439 1419 3490 et
1442 3434 1606 3506 presertim
1629 3439 1673 3491 at·

410 3536 537 3596 tendens
558 3544 588 3597 et
618 3539 858 3614 preponderans,
890 3540 974 3614 quod
1008 3539 1148 3615 predicta
1178 3539 1337 3614 separacio
1368 3538 1449 3597 dicte
1472 3541 1674 3614 possessionis

408 3645 449 3702 ab
472 3643 582 3704 eodem
595 3651 695 3705 castro
710 3645 792 3705 facta
806 3647 944 3706 notabile
958 3645 1165 3720 preiudicium
1182 3645 1298 3705 eisdem
1321 3645 1479 3719 magistris
1502 3645 1672 3706 Laumnclo

408 3755 438 3808 et
454 3749 583 3810 Nicolao
598 3757 628 3809 et
640 3745 840 3813 christoforo¹
849 3757 1017 3826 generaret,
1033 3752 1165 3825 ideoque
1180 3751 1264 3811 idem
1287 3751 1432 3810 domiuus
1455 3751 1672 3826 sigismundus

406 3873 463 3915 rex
485 3863 608 3918 matura
629 3859 795 3932 superinde
818 3859 982 3933 prehabita
1004 3857 1241 3928 deliberacione,
1267 3873 1345 3916 sano
1367 3858 1467 3916 eciam
1490 3858 1578 3918 adid
1602 3874 1672 3933 pre·

408 3962 544 4022 latorum
567 3969 597 4024 et
620 3965 774 4025 baronum
795 3981 923 4024 suorum
946 3965 1109 4025 accedente
1132 3964 1271 4037 consilio,
1292 3963 1447 4039 prefatam
1470 3965 1671 4024 donacionem

408 4069 555 4142 predictis
577 4073 698 4132 civibus
721 4079 751 4131 et
773 4073 900 4147 populis
932 4073 996 4131 suis
1019 4073 1134 4130 montis
1165 4069 1328 4129 Grecensis
1351 4086 1408 4144 per
1429 4073 1533 4145 ipsum
1558 4070 1673 4129 iactam

408 4191 444 4234 ac
477 4176 597 4256 litteras
631 4179 796 4254 superinde
826 4178 980 4237 confectas
1009 4186 1039 4236 et
1070 4179 1174 4236 omnia
1196 4176 1308 4236 exinde
1330 4183 1434 4235 secuta
1457 4193 1496 4235 ex
1519 4177 1619 4235 causis
1641 4186 1672 4236 et

409 4282 585 4341 racionibus
607 4284 647 4342 ad
678 4285 709 4342 id
743 4285 882 4343 animum
915 4299 1007 4342 soum
1040 4283 1239 4342 moventibus
1268 4282 1440 4354 cassandas,
1474 4281 1673 4354 revocandas,

407 4387 612 4448 annullandae
627 4405 663 4448 ac
677 4391 781 4450 irritas
797 4397 827 4448 et
843 4391 968 4450 innanes
983 4389 1184 4462 decernendo,
1201 4387 1330 4464 prelatis
1353 4389 1475 4448 civibus
1490 4393 1521 4448 et
1544 4387 1671 4462 populis

407 4493 471 4552 suis
479 4509 515 4552 ac
523 4497 751 4554 successoribus
761 4495 952 4568 eorumdem,
962 4503 1148 4570 perpetuum
1160 4495 1323 4554 silencium
1336 4493 1532 4570 imponendo,
1541 4493 1672 4554 eandem

408 4601 634 4676 possessionem
669 4579 854 4677 Petrovryna
886 4603 965 4660 alias
999 4601 1222 4660 Zmil-Pether
1255 4600 1459 4676 appellatam,
1492 4600 1556 4660 suis
1579 4600 1671 4673 regiis

408 4708 562 4780 manibus,
585 4724 701 4782 sueque
732 4708 931 4783 dispositioni
953 4715 1152 4767 reannectens
1185 4715 1216 4766 et
1236 4707 1448 4782 incorporans,
1470 4705 1672 4766 consideratis

407 4812 611 4872 fidelitatibus
633 4819 664 4872 et
686 4814 828 4874 fidelium
851 4815 1073 4888 obsequiorum
1096 4813 1190 4872 laude
1213 4813 1317 4888 dignis
1335 4813 1453 4873 meritis
1476 4812 1670 4888 prefatorum

408 4919 633 4992 magistrorum
662 4920 832 4993 laurencii,
863 4917 982 4980 Nicolai
1011 4925 1042 4980 et
1074 4919 1268 4992 christofori,
1290 4919 1431 4980 filiorum
1453 4918 1574 4981 Nicolai
1597 4918 1672 4978 dicti
