3804 5858
708 536 781 592 Doc.
799 545 874 612 345.
901 565 937 574 -—
965 535 1022 593 An.
1046 529 1136 611 1487.

274 755 413 827 margine
436 754 476 810 ab
508 755 588 810 intus
612 752 738 820 munite,
762 751 856 807 series
879 750 1019 822 sequitur
1049 766 1116 808 esse
1140 751 1228 811 talis:
1251 749 1467 825 Sigismundus
1490 753 1540 812 dei

273 861 377 934 gracia
408 875 463 918 rex
499 859 668 931 Hungarie,
700 855 870 926 Dalmacie,
905 855 1033 912 Croacie
1063 861 1118 914 etc.
1150 857 1351 930 marchioque
1386 858 1540 918 Branden·

274 965 443 1038 burgensis.
476 964 574 1022 Fideli
607 979 662 1021 suo
686 963 756 1020 viro
787 960 954 1034 magnifico
986 961 1113 1020 domino
1143 963 1276 1044 Johanni
1299 964 1406 1022 comiti
1428 963 1540 1037 Wegle

272 1077 302 1130 et
325 1069 499 1128 Modrussie
523 1085 557 1127 ac
581 1083 750 1142 regnorum
773 1073 951 1125 nostrorum
975 1067 1145 1142 Dalmacie,
1170 1068 1298 1127 Croacie
1321 1075 1351 1126 et
1375 1051 1538 1129 Sclauonie

273 1178 354 1235 bano
383 1176 436 1234 vel
467 1177 532 1234 eins
565 1174 761 1248 vicegerenti,
785 1173 918 1232 salutem
951 1181 980 1231 et
1014 1175 1160 1248 graciam.
1184 1174 1265 1233 Cum
1294 1190 1351 1233 nos
1386 1176 1538 1250 quasdam

272 1283 348 1342 duas
372 1284 579 1356 possessiones
602 1286 723 1338 nostras
746 1279 931 1352 Petrowyna
954 1286 984 1338 et
1007 1280 1164 1353 Hrasthya
1186 1287 1311 1339 vocatas
1335 1283 1366 1339 in
1389 1283 1538 1342 comitatu

272 1389 464 1463 zagrabiensi
500 1388 631 1458 habitas,
667 1387 744 1444 alias
778 1384 818 1442 ad
853 1393 989 1443 castrum
1023 1391 1166 1444 nostrum
1189 1385 1291 1459 Selyn,
1327 1369 1391 1446 alio
1412 1390 1537 1454 nomine

270 1495 417 1568 Chychan
440 1500 594 1563 vocatum,
618 1493 815 1567 pertinentes,
839 1491 965 1549 easdem
987 1507 1006 1548 a
1029 1490 1151 1565 prefato
1175 1498 1276 1550 castro
1302 1493 1474 1554 eximentes
1498 1511 1536 1552 ex

270 1601 414 1659 manibus
437 1600 551 1658 nostris
574 1600 676 1672 regiis,
699 1614 779 1656 nove
802 1605 906 1656 nostre
929 1597 1107 1656 donacionis
1131 1598 1222 1656 titulo
1242 1613 1278 1656 ac
1301 1600 1387 1657 omni
1411 1615 1447 1657 eo
1470 1597 1537 1674 jure

270 1722 332 1780 quo
361 1713 465 1766 nostre
493 1707 552 1764 rite
577 1705 760 1763 incumbunt
781 1704 953 1774 collacioni‚
977 1719 1049 1761 cum
1070 1704 1222 1762 universis
1246 1701 1369 1780 juribus
1394 1691 1535 1779 ipsarum

271 1829 306 1870 ac
329 1813 517 1872 utilitatibus
549 1819 578 1869 et
602 1811 794 1884 quibuslibet
829 1810 1034 1884 proventibus
1063 1814 1168 1868 nostre
1192 1810 1348 1869 maiestati
1369 1813 1536 1886 provenire

272 1917 465 1986 debentibus,
481 1916 630 1974 fidelibus
646 1916 760 1974 nostris
775 1913 879 1991 judici,
895 1913 1005 1990 juratis
1021 1931 1057 1972 ac
1079 1916 1232 1973 universis
1255 1916 1378 1974 civibus
1403 1918 1537 1978 civitatis

269 2030 374 2082 nostre
406 2023 520 2080 montis
544 2021 706 2081 Grecensis
730 2021 767 2078 de
791 2021 944 2093 Zagrabia
974 2036 1033 2095 pro
1056 2022 1198 2094 ipsorum
1221 2021 1370 2080 fidelibus
1394 2024 1533 2082 serviciis

267 2128 334 2206 jure
358 2135 509 2203 perpetuo
533 2128 774 2200 contulerimus,
798 2105 869 2186 ideo
893 2126 1036 2186 fidelitati
1053 2133 1155 2185 vestre
1177 2127 1310 2186 firmiter
1333 2129 1534 2202 precipiendo

267 2235 460 2307 mandamus,
494 2243 644 2308 quatenus
675 2234 813 2309 prefatos
845 2235 928 2292 cives
957 2241 1080 2292 nostros
1107 2250 1142 2292 ac
1165 2249 1275 2292 eorum
1297 2232 1479 2308 jobagiones
1502 2237 1534 2294 in

267 2341 416 2416 predictis
439 2341 687 2416 possessionibus
703 2345 929 2398 commorantes
952 2341 984 2398 in
1005 2341 1095 2398 nullo
1118 2340 1272 2414 impedire
1295 2346 1327 2399 et
1348 2355 1532 2414 aggravare,

265 2464 322 2506 nec
345 2447 465 2521 aliquas
482 2448 654 2504 soluciones
670 2448 711 2504 ab
726 2447 802 2520 ipsis
819 2447 966 2520 recipere,
983 2446 1037 2504 sed
1054 2445 1179 2531 eosdem
1196 2446 1332 2504 adinstar
1355 2455 1528 2506 ceterarum

266 2555 497 2628 possessionum
523 2551 706 2611 eorumdem
738 2552 777 2610 de
800 2553 938 2611 dominio
961 2569 1067 2611 earum
1091 2568 1201 2610 manus
1224 2556 1344 2610 vestras
1366 2529 1528 2626 trahendo,

265 2675 301 2717 ac
324 2666 431 2718 contra
465 2660 625 2732 quoslibet
657 2659 840 2732 indempnes
875 2675 910 2716 ac
945 2659 1053 2717 illesos
1087 2665 1259 2732 protegere,
1292 2673 1476 2717 conservare
1499 2667 1529 2718 et

264 2770 463 2824 manutenere
484 2765 622 2822 debeatis
638 2765 807 2823 maiestatis
819 2771 922 2822 nostre
938 2765 970 2823 in
993 2779 1134 2838 persona,
1157 2763 1244 2822 aliud
1267 2779 1329 2822 non
1352 2765 1477 2861 facturi;
1502 2773 1532 2824 et

264 2872 323 2929 hoc
346 2870 430 2929 idem
453 2869 644 2946 injungimus
668 2871 779 2928 futuris
801 2872 890 2928 banis
913 2880 943 2928 et
960 2871 1125 2942 vicebanis,
1148 2870 1255 2928 dautes
1277 2871 1353 2944 ipsis
1376 2871 1532 2930 similibus

263 2979 323 3035 sub
346 2979 509 3052 preceptis.
540 2977 657 3035 Datum
681 2977 764 3034 Bude
795 2978 827 3035 in
857 2976 936 3035 testo
960 2978 1122 3035 beatorum
1146 2976 1280 3035 Simonis
1303 2982 1333 3034 et
1354 2977 1433 3059 Jude
1457 2993 1531 3052 apo·

262 3084 424 3142 stolorum.
470 3087 560 3142 Anno
592 3084 709 3141 domini
744 3085 913 3142 millesimo
945 3085 1160 3141 tercentesimo
1193 3084 1393 3156 nonagesimo
1427 3087 1530 3145 tercio

264 3189 381 3262 Quarte
404 3189 530 3264 quidem
547 3189 738 3263 earumdem,
751 3189 896 3248 videlicet
918 3188 1049 3264 sepefati
1071 3190 1201 3263 capituli
1232 3189 1359 3247 ecclesie
1391 3191 1530 3263 zagrabi-

262 3295 343 3354 ensis
357 3296 459 3354 littere
482 3297 698 3371 privilegialis,
722 3296 827 3369 sigillo
844 3295 983 3353 eiusdem
1002 3297 1033 3353 in
1050 3294 1195 3369 pendenti
1220 3285 1417 3366 communite,
1442 3306 1530 3356 tenor

262 3402 333 3459 talis
356 3409 416 3460 est:
441 3401 625 3476 Capitulum
648 3403 777 3460 ecclesie
799 3402 1014 3475 zagrabiensis.
1056 3401 1209 3459 Omnibus
1233 3400 1349 3460 Christi
1371 3401 1528 3475 fidelibus,

261 3509 456 3582 presentibus
488 3509 606 3582 pariter
629 3513 660 3566 et
682 3507 804 3580 futuris,
827 3507 1022 3581 presencium
1045 3508 1191 3565 noticiam
1215 3507 1375 3579 habituris,
1396 3509 1529 3576 salutem

260 3615 292 3672 in
315 3615 423 3672 salutis
453 3614 610 3686 largitore,
644 3614 692 3671 Ad
721 3615 939 3672 universorum
971 3615 1118 3673 noticiam
1141 3614 1254 3671 harum
1278 3614 1357 3672 serie
1380 3614 1529 3673 volumus

262 3721 434 3794 pervenire,
473 3719 557 3794 quod
590 3721 650 3778 viri
672 3721 795 3778 nobiles
823 3727 993 3779 castrenses
1024 3721 1128 3794 campi
1150 3720 1366 3793 zagrabiensis‚
1388 3720 1528 3782 Andreas

259 3825 406 3884 videlicet
430 3825 515 3883 filius
538 3825 618 3908 Jellr,
635 3841 703 3898 sua,
720 3826 885 3897 Valentini,
903 3825 1032 3896 Nicolai‚
1056 3825 1200 3898 Simonis,
1223 3824 1356 3898 Andree,
1380 3826 1528 3886 Anthonii

259 3938 290 3989 et
322 3931 441 3989 Thome
471 3931 611 3990 filiorum
642 3947 780 4004 suorum,
811 3947 929 3992 necnon
959 3933 1077 4003 Petrus,
1108 3931 1193 3990 filius
1225 3930 1360 4004 Georgii,
1383 3932 1528 3992 similiter

258 4053 322 4109 sua,
347 4037 504 4096 Valentini
525 4045 555 4096 et
578 4038 667 4096 Pauli
681 4038 821 4096 filiorum
836 4037 975 4096 eiusdem
992 4039 1024 4096 in
1047 4037 1196 4112 personis,
1212 4051 1289 4095 onus
1306 4043 1336 4095 et
1358 4053 1528 4111 gravamen

258 4142 441 4201 eorumdem
458 4143 599 4202 filiorum
613 4145 757 4218 ipsorum
772 4145 832 4219 ipsi
847 4143 985 4202 Andreas
1001 4150 1031 4202 et
1047 4143 1164 4216 Petrus,
1180 4144 1207 4202 si
1222 4143 1427 4217 infrascriptis
1450 4152 1527 4202 tem·

257 4251 344 4323 poris
359 4250 391 4307 in
411 4263 555 4323 processu
571 4251 724 4309 contraire
741 4257 793 4308 aut
817 4249 1071 4323 aliquovismodo
1093 4249 1202 4308 eadem
1225 4250 1386 4308 retractari
1411 4249 1528 4308 vellent

257 4359 350 4427 atque
372 4356 552 4428 niterentur,
584 4363 695 4430 sponte
718 4358 805 4415 inse
837 4361 1094 4429 assumpmentes‚
1127 4357 1203 4414 item
1226 4356 1337 4426 Mathe,
1361 4355 1446 4412 filius
1470 4357 1526 4414 Mi·

257 4461 374 4518 chaelis
398 4468 428 4518 et
449 4461 605 4544 Johannes
630 4462 716 4521 filins
738 4462 871 4536 predicti
895 4462 1022 4534 Georgii
1045 4461 1139 4519 modo
1162 4461 1259 4519 simili
1281 4462 1313 4518 iu
1336 4476 1399 4532 sua,
1422 4477 1458 4519 ac
1481 4463 1525 4520 al·

256 4567 351 4624 terius
377 4566 517 4639 Georgii,
547 4567 683 4640 Adriani,
717 4569 866 4626 Anthonii
898 4578 927 4626 et
951 4569 1033 4626 Luce
1056 4573 1201 4626 natorum
1223 4582 1351 4626 suorum
1377 4569 1525 4642 personis,

255 4688 333 4729 onus
357 4677 387 4730 et
399 4687 568 4746 gravamen
585 4675 770 4732 eorumdem
785 4674 926 4732 filiorum
937 4675 1079 4748 ipsorum
1094 4674 1155 4746 ipsi
1171 4672 1311 4730 Andreas
1328 4679 1358 4730 et
1373 4673 1482 4731 Petrus
1498 4676 1525 4732 sl

255 4777 459 4851 infrascriptis
481 4785 536 4836 etc.
553 4794 658 4836 coram
681 4780 771 4838 nobis
788 4780 993 4854 personaliter
1007 4779 1173 4850 constituti,
1189 4777 1334 4836 dixerunt
1358 4784 1389 4835 et
1412 4785 1524 4853 sponte

255 4881 388 4940 confessi
412 4893 483 4941 sunt
506 4885 648 4958 ipsorum
671 4885 799 4943 oraculo
822 4886 895 4943 vive
919 4885 1004 4943 vocis
1026 4885 1058 4942 in
1073 4885 1155 4941 hunc
1178 4882 1317 4941 modurn:
1341 4883 1426 4956 quod
1449 4885 1523 4949 licet

256 4993 398 5062 tempore
422 5004 485 5062 quo
509 4990 634 5064 providi
658 4991 718 5048 viri
741 4991 948 5049 communitas
989 4996 1019 5048 et
1045 4989 1127 5048 cives
1152 4989 1287 5047 civitatis
1312 4990 1424 5047 montis
1448 4989 1524 5048 Gre-
