3930 5802
733 571 808 630 Doc.
831 579 897 648 127.
926 603 962 613 -
988 569 1046 632 An.
1069 583 1160 648 1439,
1522 585 1582 648 179

317 787 572 862 rescripcionales
596 787 696 846 eidem
720 787 826 845 comiti
848 785 983 844 Mathius
1006 791 1219 860 presentasset,
1245 785 1413 860 inquibus
1444 786 1505 861 ipsi
1530 800 1585 858 per

319 893 514 951 Demetrium
537 892 577 950 de
598 892 755 950 Drenowa
776 891 898 963 regium
921 905 956 948 ac
987 891 1156 949 discretum
1186 891 1292 948 virum
1322 890 1493 964 Georgium
1523 889 1584 947 cle·

318 999 418 1057 ricum
453 997 492 1055 de
526 998 665 1056 ersicha
700 997 787 1055 chori
817 996 945 1055 ecclesie
969 1001 1070 1054 vestre
1093 995 1336 1070 prebendarium
1358 1001 1507 1067 vestrum,
1530 995 1585 1052 ho·

319 1105 426 1168 mines,
450 1103 582 1161 sabbato
604 1103 750 1177 proximo
774 1107 844 1160 ante
867 1100 981 1160 festum
1003 1102 1087 1159 beati
1110 1102 1226 1160 Mathei
1256 1101 1392 1175 apostoli
1423 1107 1453 1159 et
1483 1115 1585 1158 ewan-

319 1210 429 1284 geliste
448 1211 479 1268 in
503 1208 624 1285 pretato
648 1224 727 1267 anno
751 1209 869 1267 domini
893 1207 1063 1266 millesimo
1095 1206 1398 1280 quadringentesimo
1428 1205 1585 1265 tricesimo

321 1321 433 1390 quarto
455 1315 648 1390 preteritum,
673 1314 809 1388 prefatos
832 1312 1035 1387 Stephanum,
1057 1312 1159 1370 filium
1190 1313 1359 1386 Michaelis,
1390 1312 1584 1384 Michaelem,

317 1421 421 1480 filium
442 1420 623 1489 Sebastiam,
647 1421 774 1478 Petrum
797 1420 990 1492 Hungarum,
1016 1418 1208 1476 Anthonium
1239 1418 1390 1490 Italicum,
1420 1418 1585 1490 Briccium,

318 1525 489 1600 Georgium
512 1530 663 1608 sartorem
687 1530 717 1584 et
739 1525 903 1584 Nicolaum
925 1525 1002 1583 alias
1025 1521 1151 1600 judices,
1173 1539 1292 1582 necnon
1307 1524 1481 1582 Fabianum
1503 1523 1585 1582 litte-

317 1637 429 1705 ratum,
452 1632 570 1704 Friche,
593 1630 772 1706 Georgium,
794 1631 897 1690 filium
920 1630 1082 1701 Francisci,
1107 1629 1253 1702 Blasium,
1276 1629 1379 1687 filium
1410 1629 1584 1702 Wytez'ych

319 1743 351 1796 et
373 1739 452 1796 alios
475 1752 582 1796 omnes
603 1735 729 1814 juratos,
754 1737 904 1807 consules,
927 1736 1019 1807 cives,
1042 1735 1180 1809 hospites
1214 1740 1244 1792 et
1278 1739 1375 1793 totam
1412 1735 1585 1793 communi-

319 1849 414 1902 tatem
437 1841 558 1917 pretate
581 1843 714 1900 civitatis
737 1843 851 1900 montis
873 1840 1036 1900 Grecensis
1059 1841 1097 1899 de
1119 1841 1204 1899 iuxta
1226 1840 1413 1913 Zagrabiam
1428 1841 1460 1899 in
1475 1840 1585 1898 eadem

319 1950 443 2008 civitate
478 1949 592 2008 montis
626 1946 788 2007 Grecensis
823 1947 862 2005 ad
892 1948 1044 2022 premissa
1075 1953 1183 2005 contra
1206 1951 1387 2005 annotatum
1411 1946 1584 2022 capitulum

319 2055 448 2113 ecclesie
470 2054 678 2128 zagrabiensis
702 2053 741 2112 ad
765 2053 863 2112 dictas
885 2059 1011 2112 octavas
1034 2052 1104 2112 festi
1127 2054 1210 2111 beati
1226 2053 1387 2120 Michaelis
1406 2051 1585 2125 archangeli

318 2161 437 2234 regiam
458 2161 490 2219 in
513 2161 705 2235 presenciam
729 2167 874 2218 evocatos
897 2159 963 2218 fore
987 2161 1189 2234 comperisset
1212 2158 1383 2218 manifeste.
1414 2158 1464 2216 Ad
1495 2173 1585 2232 quas·

320 2266 449 2341 quidem
482 2271 608 2325 octavas
642 2265 712 2324 testi
746 2267 831 2325 beati
864 2266 1024 2325 Michaelis
1059 2267 1237 2340 archangeli
1268 2265 1383 2341 prelati
1405 2265 1437 2324 in
1459 2279 1586 2325 causam

318 2373 450 2445 attracti,
463 2389 521 2448 per
543 2377 722 2431 annotatum
743 2376 978 2446 procuratorem
1002 2371 1078 2431 dicti
1099 2373 1229 2447 capituli
1251 2372 1283 2430 in
1298 2385 1431 2446 persona
1446 2370 1585 2429 eiusdem

321 2479 465 2553 congruis
500 2479 610 2538 diebus
639 2479 780 2553 ipsarum
814 2483 996 2536 octavarum
1019 2493 1125 2536 coram
1148 2479 1217 2552 ipso
1241 2479 1353 2536 comite
1376 2477 1510 2535 Mathius
1533 2491 1585 2534 ex·

319 2585 442 2660 peetati,
477 2585 615 2644 eiusdem
651 2585 684 2643 in
718 2585 911 2658 presenciam
944 2599 1007 2642 non
1040 2585 1195 2643 venissent
1216 2600 1316 2658 neque
1339 2584 1503 2656 misissent,
1528 2598 1585 2641 uec

318 2691 541 2766 persolvissent
573 2688 688 2766 judicia
721 2695 891 2765 prenotata,
926 2689 979 2748 sed
1011 2707 1043 2748 se
1073 2705 1264 2764 procorum
1287 2705 1348 2748 non
1379 2688 1531 2748 veniendo
1553 2689 1585 2746 in

319 2795 444 2874 judiciis
467 2797 620 2856 consvetis
643 2802 673 2854 et
689 2812 824 2871 pronon
840 2797 998 2854 solucione
1020 2795 1175 2854 dictorum
1198 2793 1385 2872 judiciorum
1408 2795 1441 2853 in
1463 2793 1585 2868 dupplo

319 2903 511 2976 eorumdem,
526 2902 735 2962 mediantibus
750 2903 820 2961 aliis
842 2903 954 2961 litteris
976 2903 1073 2978 ipsius
1094 2902 1215 2961 comitis
1230 2902 1365 2960 Mathius
1386 2900 1586 2978 judicialibus

318 3008 430 3067 exinde
453 3008 608 3082 contectis,
631 3009 662 3066 in
684 3005 800 3085 judicio
823 3010 988 3082 aggravari
1011 3010 1240 3084 permittentes;
1262 3009 1423 3084 postulans
1445 3005 1585 3082 prefatus

318 3119 502 3188 procurator
538 3113 613 3172 dicti
647 3114 777 3188 capituli
811 3113 913 3172 eidem
945 3131 984 3172 ex
1018 3119 1107 3188 parte
1136 3121 1381 3172 memoratorum
1404 3114 1437 3172 in
1459 3127 1584 3171 causam

319 3225 522 3277 attractorum
556 3235 614 3293 per
648 3219 781 3278 eundem
816 3221 962 3279 comitem
998 3220 1133 3278 Mathius
1162 3220 1193 3277 in
1217 3220 1377 3292 premissis
1400 3217 1477 3295 juris
1499 3219 1584 3292 equi·

321 3329 417 3382 tatem
440 3324 602 3398 impertiri.
625 3325 663 3382 Et
684 3326 756 3398 quia
777 3325 873 3384 iidem
896 3327 928 3384 in
951 3341 1076 3383 causam
1099 3326 1222 3382 attracti
1245 3325 1347 3383 adhuc
1369 3324 1408 3382 ad
1434 3325 1585 3398 premissa

318 3431 350 3488 in
372 3429 474 3488 tribus
497 3429 573 3489 ioris
594 3431 912 3503 comprovincialibus
934 3431 1150 3506 proclamandi
1173 3431 1240 3489 tore
1269 3431 1330 3488 visi
1360 3430 1497 3502 luissent,
1525 3444 1585 3505 pro

319 3551 355 3594 eo
378 3535 463 3594 idem
486 3551 590 3594 comcs
613 3538 749 3594 Mathius
773 3543 908 3596 vestram
929 3537 1102 3595 amiciciam
1126 3537 1307 3596 litteratorie
1331 3537 1491 3611 petivisset
1514 3536 1585 3594 dili·

317 3647 432 3714 genter,
468 3648 618 3717 quatenus
652 3648 793 3701 vestrum
828 3644 989 3702 mitteretis
1025 3644 1185 3701 hominem
1219 3657 1277 3716 pro
1312 3643 1488 3701 testimonio
1521 3641 1585 3700 fide

318 3747 457 3821 dignum,
490 3763 553 3822 quo
587 3755 729 3822 presente
763 3750 859 3808 homo
893 3751 1004 3822 regius,
1040 3754 1228 3808 memoratos
1252 3747 1454 3824 Stephanum,
1481 3749 1584 3806 filium

320 3855 489 3925 Michaelis,
512 3855 706 3928 Michaelem,
722 3856 826 3913 filium
842 3854 1022 3925 Sebastiam,
1038 3854 1165 3912 Petrum
1181 3856 1375 3927 Hungarum,
1392 3855 1583 3913 Anthonium

317 3960 471 4032 Italicum,
506 3959 668 4034 Briccium,
704 3960 875 4034 Georgium
910 3966 1061 4019 sartorem
1096 3966 1126 4017 et
1160 3959 1333 4032 Nicolaum,
1358 3960 1435 4018 alias
1457 3958 1584 4036 judices,

318 4080 440 4123 necnon
473 4065 646 4124 Fabianum
681 4067 861 4138 litteratum,
896 4067 1014 4137 Friche,
1045 4066 1193 4138 Blasium‚
1224 4065 1326 4124 filium
1350 4067 1530 4140 Vythezych
1554 4071 1585 4124 et

319 4171 405 4229 alios·
421 4185 529 4229 omnes
551 4169 678 4246 juratos,
702 4174 851 4244 consules,
874 4173 966 4244 cives,
989 4173 1128 4246 hospites
1151 4177 1181 4230 et
1209 4177 1306 4230 totam
1329 4174 1584 4232 communitatem

317 4279 454 4350 pretacte
477 4276 612 4336 civitatis
632 4279 746 4336 montis
769 4278 932 4338 Grecensis
955 4279 993 4336 de
1015 4277 1102 4354 juxta
1136 4278 1323 4353 Zagrabiam
1358 4280 1390 4337 in
1424 4281 1584 4353 premissis

318 4382 551 4456 perhemptorie
584 4399 796 4458 responsuros,
820 4385 1038 4458 racionemque
1074 4384 1233 4442 efficacem
1263 4383 1440 4443 reddituros
1475 4401 1511 4442 ac
1545 4385 1585 4444 de

317 4485 433 4564 judicio
457 4487 681 4562 quinquaginta
705 4491 843 4564 quinque
863 4506 1041 4550 marcarum
1064 4489 1161 4567 judici
1184 4499 1214 4548 et
1236 4491 1317 4565 parti
1340 4491 1473 4549 adverse
1496 4493 1585 4550 satis·

320 4591 465 4666 facturos,
489 4601 595 4653 contra
619 4601 799 4654 annotatum
823 4597 997 4671 capitulum
1020 4597 1149 4656 ecclesie
1170 4596 1377 4670 zagrabiensis
1400 4596 1439 4654 ad
1459 4603 1585 4656 octavas

319 4698 390 4758 testi
412 4700 658 4775 Epiphaniarum
682 4701 800 4761 domini
824 4709 896 4761 tunc
911 4708 1066 4776 venturas,
1082 4703 1201 4776 regiam
1216 4703 1248 4760 in
1263 4703 1454 4776 presenciam
1471 4702 1585 4762 faceret

318 4805 517 4879 proclamari,
533 4808 733 4888 insinuando,
757 4809 839 4876 atsi
862 4810 1002 4868 venirent
1032 4814 1062 4867 et
1091 4809 1123 4867 in
1147 4808 1306 4882 premissis
1328 4823 1361 4865 se
1384 4809 1467 4867 bono
1490 4809 1585 4868 modo

318 4911 527 4986 emendarent,
551 4913 590 4971 de
613 4913 765 4988 dictisque
787 4912 909 4990 judiciis
932 4916 1023 4973 nobis
1047 4921 1076 4973 et
1099 4915 1182 4989 parti
1204 4913 1335 4972 adverse
1365 4915 1585 4991 satisfacerent,

318 5018 397 5077 bene
435 5017 571 5094 quidem,
605 5021 746 5094 alioquin
777 5036 839 5079 non
866 5022 1009 5081 obstante
1029 5023 1172 5098 ipsorum
1195 5020 1339 5080 absencia
1361 5027 1392 5082 et
1413 5023 1586 5082 rebellione

1479 5125 1496 5163 t
