3932 5806
357 577 415 636 ²92
764 559 837 616 Dec.
860 571 929 634 235.
954 589 994 600 -
1018 557 1077 615 An.
1101 551 1193 634 1464.

353 775 462 834 eodem
486 775 614 833 domino
644 773 801 847 Stephano
833 773 994 844 colocensi,
1018 771 1272 848 archiepiscopis;
1301 771 1448 832 ladislao
1470 774 1616 847 agriensi,

350 883 489 965 Johanne
510 879 701 948 waradiensi,
725 878 853 936 Nicolao
883 879 1128 953 transilvanensi,
1158 879 1350 952 zagrabiensi
1381 878 1455 937 sede
1479 887 1617 952 vacante,

351 988 489 1071 Jobanne
519 985 824 1060 quinquecclesiensi,
853 985 985 1042 Alberto
1007 986 1241 1059 wesprimiensi,
1265 986 1439 1059 Augustino
1461 983 1617 1061 jauriensi,

350 1092 516 1151 Vincencio
539 1091 690 1158 waciensi,
707 1090 838 1148 Alberto
854 1089 1059 1163 chanadiensi,
1082 1090 1202 1149 Tboma
1217 1091 1365 1162 nitriensi,
1381 1091 1529 1150 boznensi
1544 1091 1616 1150 sede

350 1203 487 1268 vacante,
518 1197 646 1254 Vrbano
676 1197 837 1268 sirmiensi,
867 1197 972 1253 Marco
997 1196 1141 1254 tinniensi
1165 1240 1357 1257 .......
1390 1196 1614 1256 modrussiensi

350 1303 561 1374 ecclesiarum,
590 1303 674 1376 ipsas
702 1301 848 1360 'ecclesias
878 1300 929 1360 dei
959 1300 1090 1361 feliciter
1113 1303 1366 1376 gubernantibus.
1391 1304 1469 1362 Item
1493 1304 1613 1377 magni-

349 1407 416 1468 ficis
446 1407 597 1467 Michaele
626 1408 727 1480 Orzag
756 1405 795 1465 de
825 1406 918 1480 Guth,
939 1408 1028 1480 regni
1058 1407 1155 1466 nostri
1178 1408 1337 1482 Hungarie
1359 1407 1501 1483 predicti
1524 1409 1613 1484 pala·

348 1514 421 1586 tino,
444 1514 586 1573 Emerico
609 1513 648 1571 de
671 1513 809 1588 Zapolya
830 1513 917 1586 regni
939 1514 1038 1571 nostri
1059 1513 1158 1572 Boz‘ne
1180 1513 1397 1587 gubernatore,
1419 1513 1549 1574 Nicolao
1573 1514 1613 1574 de

348 1619 464 1693 Wylak
479 1626 509 1678 et
530 1620 669 1704 Johanne
692 1619 849 1693 Pangrasd
871 1619 910 1677 de
931 1619 1093 1693 Dengeleg
1106 1619 1278 1693 waywodis
1299 1620 1606 1692 transilvanensibus,

347 1725 460 1784 comite
482 1725 628 1784 Ladislao
649 1725 688 1783 de
712 1725 820 1784 Palocz
842 1723 944 1802 judice
967 1725 1051 1784 curie
1072 1731 1185 1797 nostre,
1210 1725 1319 1784 eodem
1343 1725 1484 1786 Emerico
1505 1725 1544 1785 de
1556 1726 1611 1785 Za·

347 1831 444 1906 polya
473 1831 644 1902 Dalmaoie,
675 1831 803 1890 Croacie
832 1847 950 1890 necnon
980 1829 1144 1890 Sclauonie
1173 1846 1341 1905 regnorum
1371 1837 1551 1892 nostrorum
1582 1838 1613 1892 et

346 1936 468 2010 prefato
498 1938 628 1996 Nicolao
657 1938 696 1995 de
717 1936 833 2010 Wylalr
863 1937 1002 1995 eiusdem
1027 1935 1190 1996 Sclauonie
1213 1941 1243 1995 et
1266 1937 1485 2008 machouiensi,
1508 1939 1608 2012 banis,

345 2041 462 2101 honore
485 2043 616 2102 banatus
632 2043 814 2102 reueriensis
829 2050 967 2114 vacante,
983 2042 1122 2126 Johanne
1137 2041 1176 2101 de
1198 2043 1323 2116 Rozgou
1347 2045 1608 2116 thavernicorum,

345 2147 510 2207 Benedicto
533 2149 572 2208 de
587 2149 736 2208 Thwrocz
751 2146 927 2225 janitorum.
950 2148 1075 2206 Andrea
1092 2147 1226 2222 Pangras
1249 2149 1288 2206 de
1311 2148 1433 2223 prefata
1449 2149 1610 2224 Dengeleg

344 2255 571 2328 pincernarum,
602 2255 759 2330 Stephano
782 2254 821 2312 de
844 2254 940 2313 Peren
963 2261 993 2312 et
1016 2253 1161 2312 Ladislao
1184 2254 1223 2313 de
1246 2255 1361 2314 Bathor
1383 2254 1610 2330 dapiferorum,

344 2361 443 2419 Paulo
465 2361 504 2420 de
528 2362 653 2420 Dombo
668 2367 699 2420 et
715 2361 858 2419 Ladislao
874 2361 912 2418 de
934 2360 1049 2419 Wesen
1064 2375 1236 2434 agazonum
1258 2366 1436 2420 nostrorum
1452 2362 1607 2436 regalium

344 2468 510 2541 magistris,
536 2467 639 2527 Andre
668 2467 890 2540 Pawinlryrher
912 2467 1087 2541 posoniensi
1111 2472 1141 2525 et
1164 2467 1255 2525 Petro
1279 2466 1318 2525 de
1341 2466 1437 2526 Zakol
1459 2468 1606 2526 themesi-

343 2573 409 2632 ensi
438 2575 613 2645 comitibus,
643 2574 776 2648 aliisque
806 2573 1048 2647 quampluribus
1079 2574 1166 2647 regni
1188 2573 1287 2632 nostri
1309 2574 1475 2632 comitatus
1499 2580 1604 2633 tenen·

344 2679 429 2737 tibus
449 2686 479 2738 et
502 2681 643 2738 honores.

447 2815 581 2880 Originale
599 2817 627 2866 in
646 2817 799 2866 membrana.
820 2815 847 2864 A
866 2831 931 2864 zona
950 2815 1045 2864 sericea
1064 2814 1143 2872 rubri,
1162 2813 1252 2864 viridis
1272 2821 1297 2863 et
1322 2814 1417 2865 cerulei
1445 2815 1538 2865 coloris
1562 2832 1607 2882 ap·

342 2906 437 2972 pendet
456 2905 578 2970 sigillum.
598 2907 630 2954 In
648 2905 744 2958 archiv.
762 2904 809 2954 lib.
826 2919 878 2968 reg.
898 2903 968 2954 civit.
987 2903 1086 2967 zagrab.

934 3132 1020 3199 233.

445 3278 527 3329 Anno
548 3278 622 3341 1464,
642 3290 683 3330 20.
700 3274 798 3342 aprilis.
817 3277 914 3327 Budae.

339 3386 484 3457 Mathias,
507 3388 687 3461 Hungariae
709 3393 756 3444 etc.
779 3403 843 3455 rex,
864 3386 949 3443 totius
971 3383 1130 3443 Slaoorrr'ae
1151 3383 1234 3440 banis
1256 3381 1385 3452 mandat,
1409 3388 1443 3438 ut
1462 3382 1606 3440 libertates

339 3511 358 3550 a
380 3495 561 3568 Hungarr'ae
582 3490 706 3568 regibus,
730 3493 820 3566 ipsius
834 3489 1110 3566 praedecessoribus,
1133 3489 1258 3563 capr'tulo
1281 3489 1396 3562 erasque
1415 3488 1522 3546 dicioni
1540 3487 1604 3546 sub

739 3599 826 3675 J'ectr's
848 3615 996 3657 concessas
1017 3595 1181 3672 defendant.

444 3745 576 3803 Mathias
603 3743 653 3802 dei
683 3743 787 3816 gracia
818 3758 873 3800 rex
896 3740 1062 3814 Hungarie,
1086 3738 1257 3810 Dalmacie,
1279 3737 1407 3797 Croacie
1430 3743 1486 3796 etc.
1510 3735 1601 3795 Fide·

337 3853 422 3911 libus
445 3851 557 3910 nostris
581 3849 754 3923 magnificis
777 3848 918 3906 Emerico
942 3847 981 3904 de
1004 3845 1152 3920 Zapolya,
1175 3844 1377 3915 gubernatori
1399 3843 1548 3902 Boznensi
1563 3857 1600 3900 ac

337 3958 466 4016 Nicolao
482 3956 521 4014 de
536 3955 711 4029 Wylalrvar
724 3954 762 4014 de
778 3952 956 4012 Tusseduen
972 3953 1039 4025 regi
1049 3951 1147 4010 nostri
1161 3949 1325 4008 Sclauonie
1347 3949 1446 4020 banis,
1466 3949 1601 4007 salutem

336 4071 365 4124 et
388 4065 533 4138 graciam.
557 4063 730 4136 Exponitur
750 4061 902 4119 maiestati
918 4065 1021 4117 nostre
1037 4058 1069 4116 in
1093 4057 1232 4132 personis
1254 4055 1398 4114 fidelium
1421 4061 1599 4114 nostrorum

336 4171 466 4246 capituli
495 4169 622 4228 ecclesie
645 4168 863 4242 zagrabiensis,
887 4163 1046 4240 quomodo
1068 4163 1128 4223 hiis
1150 4161 1378 4220 disturbiorum
1401 4161 1597 4235 temporibus

335 4279 409 4338 bani
440 4277 539 4352 ipsius
568 4275 657 4348 regni
687 4274 784 4333 nostri
813 4271 977 4332 Sclauonie
1007 4271 1091 4345 ipsos
1122 4283 1159 4326 ac
1189 4268 1325 4342 populos
1355 4273 1386 4325 et
1415 4263 1598 4343 jobagiones

333 4385 475 4458 ipsorum
498 4383 529 4440 in
552 4380 687 4454 antiquis
709 4377 891 4438 eorumdem
907 4357 1105 4435 libertatibus
1128 4379 1158 4432 et
1180 4371 1309 4448 juribus,
1332 4372 1409 4446 ipsis
1433 4387 1491 4446 per
1506 4371 1597 4430 divos

269 4525 274 4538 ·
332 4490 492 4563 Hungarie
514 4503 603 4562 reges
626 4486 858 4561 predecessores
881 4487 1003 4541 nostros
1026 4479 1186 4550 concessis,
1210 4479 1255 4537 uti
1277 4479 1309 4536 in
1332 4477 1445 4536 litteris
1467 4477 1598 4536 serenis·

332 4597 485 4656 simorum
515 4594 649 4653 condam
681 4591 858 4668 principum
887 4588 1086 4646 dominorum
1119 4585 1200 4657 Bele,
1232 4583 1355 4642 Andree
1385 4588 1416 4642 et
1446 4581 1597 4657 Stephani

331 4719 441 4778 regum
458 4701 624 4775 Hungarie,
640 4697 896 4775 predecessorum
907 4701 1094 4766 nostrorum,
1109 4706 1203 4750 aurea
1226 4705 1334 4749 eorum
1358 4689 1449 4746 bulla
1469 4688 1597 4748 munitis

331 4811 561 4886 conspeximus,
594 4806 698 4882 sepius
729 4802 965 4877 impedivissent
995 4800 1027 4858 in
1057 4797 1264 4874 preiudicium
1287 4795 1386 4870 ipsius
1409 4794 1541 4869 capituli
1563 4799 1595 4852 et

330 4918 412 4978 dicte
444 4915 574 4976 ecclesie
603 4911 812 4986 zagrabiensis
842 4908 993 4967 damnum
1024 4904 1120 4964 valde
1150 4918 1308 4976 magnum.
1338 4901 1377 4959 Et
1407 4899 1481 4973 quia
1511 4900 1596 4974 regie

331 5023 474 5100 dignitati
496 5034 697 5096 summopere
720 5015 865 5078 convenit
887 5029 960 5073 suos
982 5013 1124 5072 subditos
1148 5011 1179 5070 in
1202 5009 1337 5084 antiquis
1358 5013 1389 5066 et
1411 5007 1596 5083 approbatis
