3930 5802
750 570 822 628 Doc.
848 582 912 644 151.
936 585 978 611 -4
1002 569 1058 627 An.
1083 581 1172 646 r415o.

906 833 988 948 ¹151.

421 1080 495 1128 Circa
512 1096 553 1130 nn.
577 1088 651 1144 1450,
672 1091 712 1132 21.
733 1078 893 1144 septembris.
914 1077 1003 1130 Ciliae.

322 1207 437 1266 Ulricus
469 1226 559 1266 comes
587 1205 681 1265 Ce'leen
711 1215 739 1264 et
765 1207 865 1276 banus,
896 1207 1044 1264 comitatui
1071 1205 1204 1263 cn'se'ensi
1222 1205 1375 1278 praecipit,
1397 1212 1431 1262 ut
1457 1221 1581 1274 cansam,

314 1333 388 1388 quae
410 1315 488 1373 inter
508 1315 665 1388 capitulum
689 1313 1186 1387 aagrabiense,,communitatemque
1215 1311 1340 1368 ciuitatis
1369 1311 1471 1368 moritis
1507 1311 1581 1369 Gre-

314 1421 402 1478 censis
424 1419 457 1478 de
479 1420 615 1478 sedecima
640 1421 705 1478 vehi
725 1427 753 1476 et
765 1421 891 1494 frugum
915 1419 945 1474 e'n
968 1418 1113 1476 territorio
1138 1417 1263 1475 ciuitates
1293 1417 1395 1474 montis
1432 1415 1583 1475 Grecensis

621 1527 842 1585 excrescentium
865 1526 973 1599 agitur,
995 1521 1150 1600 adfinem
1170 1523 1303 1584 adducat.

419 1671 545 1729 Vlricus
579 1670 629 1729 dei
663 1671 768 1743 gracia
801 1669 887 1742 Cilie‚
924 1671 1132 1742 Ortunburge,
1163 1668 1354 1742 Zagorieque
1388 1681 1492 1724 comes
1526 1670 1582 1724 etc.

314 1791 432 1836 necnon
461 1777 550 1850 regni
579 1775 743 1836 Sclauonie
777 1777 886 1835 banus.
908 1775 1069 1834 Fidelibus
1092 1775 1205 1833 nostris
1229 1774 1360 1846 egregiis
1384 1773 1519 1846 Georgio
1543 1772 1581 1830 de

316 1881 439 1955 Bykzad
462 1887 492 1941 et
514 1883 634 1942 Thome
657 1882 696 1940 de
719 1881 819 1955 Zyralr
842 1882 1000 1940 vicebanis
1021 1885 1051 1939 et
1066 1881 1233 1939 comitibus
1247 1880 1360 1938 nostris
1376 1878 1581 1950 crisiensibuS,

315 1989 519 2063 ipsorumque
542 1989 777 2048 vicecomitibus
811 1993 840 2045 et
862 1986 1019 2063 judicibus
1041 1986 1197 2044 nobilium
1231 1986 1395 2044 comitatus
1429 1984 1582 2043 crisiensis

315 2094 462 2167 eiusdem,
486 2095 618 2153 salutem
643 2100 672 2153 et
696 2095 844 2167 graciam.
869 2093 1035 2152 Occasione
1059 2091 1211 2150 sedecime
1234 2092 1379 2150 vinorum
1402 2097 1432 2149 et
1455 2090 1582 2164 frugum

316 2201 347 2259 in
363 2202 519 2260 territorio
536 2202 654 2260 civium
676 2201 790 2260 montis
807 2199 969 2259 Grecensis
994 2197 1033 2256 de
1055 2198 1206 2270 Zagrabia
1225 2198 1383 2256 annuatim
1407 2213 1582 2256 excrescen-

315 2307 398 2365 cium
421 2309 500 2367 inter
523 2307 659 2384 prefatos
683 2308 766 2366 cives
788 2305 1001 2380 zagrabienses
1025 2305 1065 2362 ab
1089 2319 1149 2362 una
1165 2309 1195 2362 et
1211 2301 1392 2362 honorabile
1408 2303 1581 2378 capitulum

315 2413 442 2472 ecclesie
464 2413 671 2487 zagrabiensis
695 2429 733 2498 err
756 2413 855 2470 altera
879 2411 1030 2486 partibus,
1067 2411 1225 2468 contencio
1254 2417 1283 2468 et
1306 2411 1346 2468 lis
1376 2416 1422 2468 est
1452 2410 1582 2468 suborta

315 2524 408 2592 atque
430 2520 463 2577 in
485 2520 677 2594 presenciam
700 2523 839 2577 nostram
863 2522 967 2592 partes
992 2532 1048 2590 per
1071 2516 1226 2590 predictas
1250 2530 1308 2590 pro
1325 2517 1372 2573 sui
1390 2515 1579 2599 discussione

316 2630 346 2682 et
369 2624 597 2683 deliberacione
621 2625 722 2682 extitit
745 2600 915 2698 deportata.
949 2623 987 2680 Et
1010 2638 1129 2694 verum,
1161 2623 1233 2694 quia
1263 2636 1320 2680 nos
1351 2621 1420 2680 aliis
1443 2621 1581 2678 multum

316 2730 420 2789 arduis
444 2747 502 2806 pro
524 2747 605 2790 nunc
628 2731 769 2804 occupati
800 2729 935 2802 negociis
959 2735 989 2787 et
1011 2727 1195 2802 peragendis
1231 2743 1322 2786 cause
1345 2725 1526 2785 huiusmodi
1551 2731 1581 2784 et

316 2838 381 2895 eius
404 2837 586 2896 discussioni
609 2835 781 2905 commode,
798 2841 891 2910 prout
908 2835 1037 2908 deceret,
1062 2850 1172 2894 vacare
1194 2849 1257 2893 non
1273 2835 1424 2905 valemus,
1442 2833 1581 2892 valentes

315 2958 390 3016 ergo
414 2949 443 3001 et
466 2951 659 3019 acceptantes
681 2943 876 3017 presentibus
901 2958 1027 3000 causam
1049 2943 1152 3015 ipsam
1175 2943 1206 3000 in
1230 2941 1312 2999 iacto
1343 2939 1463 3014 prefate
1493 2939 1581 2997 sede-

318 3050 397 3107 cime
421 3056 524 3122 partes
547 3051 626 3108 inter
648 3049 803 3124 predictas
827 3055 944 3106 motam
969 3053 1000 3106 et
1022 3048 1211 3118 suscitatam,
1235 3047 1416 3105 discussioni
1444 3051 1474 3104 et
1505 3045 1581 3104 deli·

316 3155 473 3214 beracioni
495 3157 615 3228 vestris,
639 3156 736 3214 nostri
759 3157 790 3214 in
813 3170 946 3230 persona
974 3154 1093 3226 fiendis,
1128 3155 1323 3228 presencium
1353 3151 1431 3211 serie
1464 3153 1582 3210 submi-

316 3262 424 3319 simus.
447 3261 549 3336 Super
572 3277 633 3335 quo
668 3261 813 3320 fidelitati
846 3265 949 3320 vestre
983 3261 1115 3318 firmiter
1150 3259 1354 3334 precipientes
1387 3258 1582 3326 mandamus,

317 3372 475 3440 quatenus,
499 3368 614 3427 habitis
636 3369 841 3444 presentibus,
865 3369 897 3425 in
920 3367 1062 3442 proxime
1086 3367 1223 3424 venturis
1254 3367 1371 3424 octavis
1394 3366 1466 3424 festi
1498 3366 1581 3422 beati

316 3473 476 3532 Michaelis
511 3475 699 3548 archangeli,
734 3475 910 3532 convocatis
943 3473 1086 3547 partibus
1109 3471 1257 3546 predictis
1288 3477 1318 3528 et
1340 3471 1435 3529 vestri
1457 3471 1488 3528 in
1511 3486 1581 3544 pre·

315 3579 451 3637 senciam
474 3581 636 3651 accersitio,
659 3584 753 3654 prout
778 3578 886 3638 eedem
908 3579 1018 3636 eciam·
1031 3577 1062 3635 id
1085 3595 1117 3636 se
1140 3592 1246 3635 coram
1272 3570 1388 3657 (nobis)
1405 3575 1576 3648 retulerint,

315 3689 391 3746 visis
414 3693 444 3746 et
467 3686 650 3746 examinatis
670 3685 852 3744 earumdem
873 3683 995 3760 juribus
1011 3688 1041 3742 et
1056 3684 1231 3742 literalibus
1247 3683 1458 3740 instrumentis
1475 3696 1579 3740 coram

316 3794 407 3852 vobis
429 3809 465 3852 ac
487 3793 575 3866 regni
596 3793 757 3850 nobilibus
780 3793 812 3850 in
835 3790 908 3849 sede
938 3795 1042 3848 vestra
1065 3790 1203 3848 crisiensi
1226 3833 1416 3848 .......
1441 3789 1579 3861 ipsarum

316 3899 386 3958 aliis
409 3877 618 3973 quibuslibet'
633 3899 853 3972 probabilibus
884 3897 1085 3968 documentis,
1115 3911 1249 3954 unacum
1281 3894 1355 3952 dicti
1385 3895 1471 3968 regni
1493 3894 1581 3952 nobi·

316 4005 400 4062 libus
436 3983 653 4082 deliberantes,
688 4003 719 4063 id
757 4003 938 4062 adinvenire
962 4048 1152 4062 .......
1176 4001 1323 4071 debeatis,
1357 4002 1407 4059 cui
1439 4001 1580 4074 parcium

315 4111 526 4186 predictarum
550 4111 705 4169 sedecima
727 4109 907 4168 huiusmodi
931 4109 969 4167 de
991 4107 1059 4184 jure
1083 4113 1113 4166 et
1141 4109 1227 4181 regni
1261 4107 1480 4164 consvetvdine
1509 4121 1580 4180 pro·

315 4218 421 4274 venire
444 4223 474 4274 et
497 4216 708 4275 administrari
731 4215 842 4273 debeat
866 4220 895 4272 et
925 4207 1097 4295 (teneatur),
1128 4230 1164 4271 ac
1186 4213 1311 4272 tandem
1344 4212 1580 4270 deliberacionis

316 4329 346 4380 et
370 4322 567 4381 discussionis
591 4324 711 4394 seriem,
736 4328 829 4395 prout
853 4321 945 4379 fuerit
968 4320 1143 4395 expediens,
1167 4321 1257 4378 nobis
1281 4320 1393 4377 vestris
1415 4319 1445 4376 in
1468 4319 1580 4376 litteris

315 4429 485 4487 rescribere
520 4429 666 4487 studeatis
702 4434 731 4486 et
767 4421 845 4506 s(itis
878 4421 1049 4504 obligati).
1075 4472 1080 4484 .
1102 4471 1108 4484 .
1133 4471 1138 4484 .
1163 4471 1169 4484 .
1199 4426 1397 4483 Presentibus
1427 4424 1580 4498 perlectis,

316 4535 473 4592 exhibenti
495 4535 652 4593 restitutis.
677 4535 794 4592 Datum
817 4533 895 4591 Cilie
919 4534 950 4591 in
974 4532 1051 4590 festo
1076 4531 1159 4590 beati
1183 4531 1296 4588 Mathei
1317 4530 1460 4604 apostoli.
1491 4532 1581 4587 Anno

315 4641 434 4700 domini
456 4643 625 4699 millesimo
648 4640 951 4714 quadringentesimo
976 4681 1103 4697 .....

421 4830 445 4878 Ε
465 4835 625 4893 transumpto
644 4827 729 4877 lacero
747 4835 773 4877 et
791 4844 876 4887 exesO,
895 4828 1077 4877 vicebanorum
1097 4827 1204 4890 Georgii
1229 4827 1261 4874 de
1286 4825 1392 4890 Bykzad
1415 4833 1440 4874 et
1465 4825 1580 4874 Thomne

314 4917 346 4965 de
367 4917 457 4982 Zyralr.
478 4919 510 4966 In
529 4917 623 4967 archiv.
643 4916 701 4968 incl.
724 4919 808 4970 Acad.
827 4918 921 4968 Scient.
942 4917 1011 4968 Slav¹
1033 4917 1122 4968 merid.
