3932 5806
792 523 864 579 Dec.
890 535 962 598 199.
983 538 1055 582 200.
1082 555 1119 568 —
1145 524 1201 584 An.
1225 519 1316 601 1458.

1014 732 1099 799 199.

530 884 603 928 Anno
625 877 700 941 1458,
722 888 760 926 10.
781 875 910 926 februarii.
930 875 1078 938 Zagrabiae.

436 1005 465 1062 A
496 1005 620 1079 capitulo
649 1003 764 1078 angrab.
799 1004 993 1060 communitati
1023 1003 1148 1060 civetatis
1181 999 1328 1076 exemplar
1362 1003 1495 1060 mandati
1526 999 1681 1058 Michaelis

928 1107 1031 1184 Sr'lagy
1054 1109 1189 1168 tradttcr.

530 1251 594 1310 Nos
628 1254 800 1327 capitulum
836 1253 963 1311 ecclesie
997 1254 1213 1326 zagrabiensis.
1251 1254 1399 1311 Memorie
1432 1250 1687 1311 commendamus

424 1375 481 1433 per
511 1365 684 1433 presentes,
716 1359 800 1433 quod
831 1358 1005 1432 Stephanus
1036 1365 1066 1416 et
1097 1359 1233 1432 Blasius,
1264 1359 1347 1418 cives
1375 1364 1405 1417 et
1434 1357 1528 1435 jurati
1557 1355 1691 1415 civitatis

424 1465 539 1523 montis
555 1465 716 1524 Grecensis
739 1467 771 1524 in
793 1481 849 1523 sua
871 1480 907 1523 ac
927 1467 1147 1524 universorum
1170 1467 1285 1524 civium
1301 1469 1332 1524 et
1346 1466 1515 1538 hospitum.
1531 1464 1691 1536 tociusque

424 1571 654 1629 communitatis
688 1571 828 1629 eiusdem
862 1572 996 1630 civitatis
1028 1573 1167 1646 personis
1203 1577 1343 1630 nostram
1377 1572 1534 1630 venientes
1564 1570 1595 1630 in
1618 1584 1687 1643 pre·

424 1678 568 1748 sensiam,
607 1678 814 1736 exhibuerunt
836 1679 927 1736 nobis
957 1677 1109 1751 quasdam
1143 1679 1262 1736 litteras
1295 1677 1451 1750 magnifici
1482 1677 1543 1735 viri
1571 1676 1690 1734 domini

425 1784 584 1842 Michaelis
606 1783 724 1856 Zylagy
748 1784 786 1842 de
806 1785 977 1858 Horogzeg,
1000 1785 1125 1842 nomine
1148 1791 1178 1842 et
1201 1786 1233 1843 in
1257 1799 1388 1859 persona
1401 1783 1589 1842 serenissimi
1603 1783 1690 1857 prin-

424 1889 502 1963 cipis
525 1897 555 1947 et
578 1890 705 1962 domini,
730 1890 848 1948 domini
870 1891 986 1948 Mathie
1009 1891 1059 1948 dei
1082 1891 1186 1963 gracia
1216 1890 1383 1972 Hungarle,
1413 1889 1583 1960 Dalmacie,
1614 1888 1690 1947 Cro·

424 1997 488 2054 acie
511 2001 566 2053 etc.
590 1996 680 2067 regis,
704 1995 842 2053 eiusdem
865 1997 953 2068 regni
975 1996 1199 2069 gubernatoris,
1223 1999 1363 2070 patenter
1387 1993 1550 2066 consectas,
1568 1995 1689 2054 »tenoris

424 2100 621 2175 infrascripti,
645 2075 783 2175 petentes
807 2117 863 2159 nos
885 2117 941 2159 suo
966 2109 996 2160 et
1025 2102 1213 2173 nominibus,
1237 2102 1351 2175 quibus
1381 2117 1485 2175 supra,
1516 2101 1689 2174 diligenter,

423 2213 458 2266 ut
480 2207 604 2265 easdem
628 2207 748 2264 litteras
771 2207 810 2265 de
834 2209 932 2266 verbo
955 2208 996 2266 ad
1021 2209 1155 2267 verbum
1178 2208 1386 2282 transumpmi
1401 2212 1432 2266 et
1447 2208 1636 2280 transscribi,
1653 2223 1690 2266 ac

423 2313 535 2371 litteris
558 2314 670 2371 nostris
692 2315 837 2372 similiter
860 2315 1037 2388 patentibus
1060 2315 1154 2373 inseri
1176 2312 1330 2386 facientes,
1364 2318 1503 2372 tenorem
1539 2321 1570 2372 et
1605 2319 1688 2373 tran·

423 2425 585 2493 sumptum
608 2418 789 2477 earumdem
812 2421 888 2494 ipsis
912 2427 942 2478 et
965 2421 1043 2494 aliis,
1067 2421 1180 2494 quibus
1197 2435 1300 2494 supra,
1325 2419 1400 2478 dare
1423 2419 1624 2493 dignaremur
1645 2420 1686 2478 ad

424 2525 585 2582 cautelam.
616 2523 758 2598 Quarum
789 2533 877 2584 tenor
907 2527 978 2585 talis
1009 2533 1070 2586 est:
1102 2520 1186 2606 (vide
1216 2527 1290 2585 Doc.
1318 2526 1387 2602 198.
1413 2542 1493 2584 anno
1519 2527 1613 2602 1458.
1639 2542 1688 2601 30.

423 2623 573 2708 januarii).
596 2631 660 2689 Nos
683 2633 787 2706 itaque
810 2634 970 2707 premissis
992 2632 1081 2710 justis
1105 2640 1135 2692 et
1156 2632 1217 2709 juri
1234 2635 1375 2692 consonis
1391 2634 1597 2708 peticionibus
1613 2649 1684 2709 pre·

424 2736 559 2794 fatorum
596 2735 744 2812 Stephani
779 2744 809 2796 et
843 2737 937 2797 Blasii
970 2740 1061 2798 nobis
1094 2753 1151 2798 suo
1182 2745 1212 2798 et
1233 2740 1422 2809 nominibus,
1446 2741 1560 2814 quibus
1583 2755 1686 2814 supra,

424 2841 520 2900 modo
544 2843 709 2917 prehabito
739 2845 892 2918 porrectis
922 2849 1098 2916 annuentes,
1122 2845 1276 2919 predictas
1300 2846 1419 2904 litteras
1441 2846 1539 2920 ipsius
1567 2847 1686 2920 magni·

423 2947 475 3006 fici
508 2949 627 3008 domini
650 2949 810 3007 Michaelis
833 2949 871 3006 de
899 2951 998 3007 verbo
1021 2949 1060 3006 ad
1083 2951 1217 3008 verbum
1244 2951 1362 3025 absque
1394 2951 1602 3010 diminucione
1634 2958 1687 3011 aut

425 3060 592 3128 augmento
616 3055 748 3129 aliquali
778 3056 1002 3128 transsumpmi
1032 3036 1062 3113 et
1092 3057 1272 3115 transscribi
1294 3072 1330 3116 ac
1353 3059 1549 3132 presentibus
1572 3059 1685 3118 litteris

423 3162 536 3219 nostris
559 3162 653 3220 inseri
675 3159 837 3230 facientes,
863 3167 1001 3219 tenorem
1024 3167 1054 3217 et
1077 3167 1323 3236 transsumptum
1356 3164 1537 3222 earumdem
1560 3181 1685 3239 presen-

423 3267 506 3324 tibus
521 3267 716 3325 'verbotenus
738 3267 887 3325 insertum
911 3265 1027 3324 eisdem
1051 3265 1209 3341 Stephano
1231 3275 1261 3326 et
1284 3268 1387 3328 Blasio
1410 3283 1447 3327 ac
1469 3269 1548 3344 aliis,
1573 3271 1687 3344 quibus

423 3388 537 3446 supra,
570 3373 716 3432 duximus
746 3372 976 3430 concedendurn
1007 3373 1047 3431 ad
1072 3374 1233 3434 cautelam.
1264 3375 1380 3434 Datum
1403 3375 1481 3436 feria
1503 3383 1591 3436 sexta
1612 3381 1684 3452 post

424 3476 538 3536 festum
562 3480 650 3537 beate
673 3479 831 3537 Dorothee
853 3479 983 3551 virginis
1006 3485 1036 3537 et
1070 3481 1217 3540 martiris.
1248 3484 1338 3540 Anno
1369 3481 1487 3542 domini
1517 3484 1688 3543 millesimo

424 3583 727 3658 quadringentesimo
751 3585 1008 3659 quinquagesimo
1031 3592 1148 3646 octavo.

529 3721 662 3786 Originale
689 3723 716 3770 in
743 3721 838 3772 charta.
867 3723 894 3769 A
924 3728 996 3786 tergo
1024 3723 1161 3786 vestigium
1188 3724 1307 3789 impressi
1326 3723 1414 3789 sigilli.
1452 3726 1483 3774 In
1508 3725 1623 3774 archivio
1640 3724 1687 3779 lib.

423 3823 475 3872 reg.
495 3809 542 3858 civ.
560 3810 740 3874 zagrabiensis.

1012 4041 1104 4107 200.

529 4183 609 4232 Anno
631 4185 706 4250 1458,
727 4195 766 4236 11.
785 4183 915 4234 februarii.
935 4183 1081 4247 Zagrabiae.

424 4311 453 4368 Α
476 4312 600 4386 capetulo
622 4313 743 4385 aagrab.
766 4313 961 4370 communitati
981 4314 1105 4370 civitatis
1127 4314 1258 4372 traditur
1278 4315 1396 4388 marola
1425 4313 1571 4376 Ladtslai
1602 4319 1687 4393 regis,

424 4435 484 4490 qua
500 4418 656 4494 sollennes
676 4418 710 4476 dc
739 4418 863 4490 Gradec,
885 4421 1018 4476 notarius
1040 4421 1124 4494 mgt's,
1147 4422 1177 4478 in
1192 4421 1398 4496 possessionem
1421 4423 1519 4480 curiae
1539 4425 1686 4482 actardum

510 4523 667 4602 allodialis,
690 4543 764 4599 quoe
786 4525 852 4582 olrin
877 4520 995 4582 sebaldi
1015 4529 1160 4601 capitanei
1178 4527 1303 4584 civitatis
1320 4528 1395 4602 fnit,
1410 4528 1608 4587 introducetur.

529 4667 593 4728 Nos
628 4670 801 4744 capitulum
836 4670 965 4728 ecclesie
998 4673 1213 4745 zagrabiensis.
1249 4673 1399 4732 Memorie
1432 4675 1686 4736 commendamus

423 4791 479 4847 per
513 4781 687 4849 presentes,
722 4775 806 4848 quod
843 4776 988 4835 Clemens
1023 4783 1052 4834 et
1089 4778 1277 4837 laurencius
1311 4779 1393 4837 cives
1427 4777 1519 4854 jurati
1552 4783 1686 4843 civitatis

422 4882 536 4939 montis
558 4881 719 4940 Grecensis
744 4883 774 4940 in
798 4898 853 4940 sua
876 4897 912 4940 ac
930 4885 1147 4942 universorum
1164 4886 1281 4942 civium
1297 4891 1326 4943 et
1341 4883 1509 4959 hospitum,
1526 4888 1686 4963 tociusque

422 4989 651 5046 communitatis
681 4987 820 5046 eiusdem
852 4990 985 5048 civitatis
1017 4991 1173 5063 personis,
1205 4997 1344 5050 nostram
1375 4993 1530 5052 venientes
1560 4995 1593 5053 in
1615 5012 1685 5071 pre·
