3932 5806
385 516 444 576 312
808 500 881 558 Doc.
904 511 975 578 254.
998 533 1042 543 -
1065 501 1121 558 An.
1145 495 1236 577 1467.

382 716 535 787 davimus,
558 722 592 774 ut
615 715 654 774 ad
671 727 855 776 cunctorum
869 715 1016 776 noticiam
1039 720 1182 776 contenta
1205 715 1237 774 in
1258 713 1377 776 eisdem
1400 713 1519 790 possint
1534 715 1642 794 patulo

381 823 554 898 pervenire.
578 823 719 888 Preterea
742 821 936 894 mandamus,
959 830 993 882 ut
1017 823 1073 882 hec
1096 821 1200 881 omnia
1223 827 1254 880 et
1283 821 1406 895 singula
1436 819 1645 894 archidiaconi

381 928 462 988 dicte
477 929 605 988 ecclesie
619 933 724 988 nostre
740 944 797 1002 per
820 943 852 988 se
875 928 925 985 vel
945 944 1001 1003 per
1016 929 1096 988 alios
1112 926 1415 986 vicearchidiaconus
1439 931 1534 1000 prout
1553 941 1645 1002 expe-

380 1034 466 1094 diens
482 1034 574 1093 suerit
590 1035 797 1109 plebanorum
812 1048 941 1095 suorum
956 1041 986 1093 et
1001 1036 1144 1105 aliorum,
1161 1049 1296 1109 quorum
1310 1049 1415 1108 supra,
1432 1032 1546 1096 faciant
1567 1033 1645 1092 noti·

380 1141 461 1202 ciam
484 1141 654 1216 pervenire.
678 1140 795 1201 Datum
820 1139 905 1200 Bude
929 1140 1048 1200 decima
1072 1146 1182 1200 octava
1204 1141 1255 1198 die
1278 1141 1392 1200 mensis
1415 1139 1532 1198 marcii.
1556 1139 1645 1196 Anno

380 1247 499 1310 domini
529 1245 788 1306 MCCCCLXVH.
814 1247 962 1310 tilbertus
986 1247 1025 1306 de
1045 1246 1228 1321 Nagywath,
1252 1246 1390 1304 notarius
1419 1245 1453 1304 in
1475 1244 1642 1320 premissis.

380 1448 411 1496 Π
439 1445 461 1498 C
486 1375 639 1498 Mem8orinle
658 1376 686 1426 in
704 1374 830 1440 glossario
849 1391 950 1428 coaevo,
971 1379 1003 1426 In
1021 1375 1118 1428 archiv.
1136 1374 1197 1428 incl.
1216 1373 1300 1442 Acad.
1320 1373 1416 1448 Scient.
1435 1371 1534 1427 steven
1554 1371 1644 1425 merid.

412 1487 417 1499 .
463 1486 469 1500 .
489 1459 530 1511 79.
568 1459 592 1498 0.

975 1623 1059 1689 aba

403 1809 413 1834 0
485 1755 567 1804 Anno
588 1754 664 1820 1467,
687 1742 844 1820 1'3.ap1ilis.
864 1753 962 1804 Budae.

383 1872 429 1930 Ab
465 1871 604 1952 osvaldo,
635 1875 762 1949 episcopo
791 1872 925 1948 zagrab,
956 1874 1051 1930 altera
1079 1873 1182 1948 &nodi
1208 1871 1356 1930 habendae
1389 1870 1555 1950 Zagrabrire
1584 1870 1645 1929 dics

919 1961 1107 2019 comantur.

483 2104 649 2164 Osvvaldus
670 2112 725 2166 etc.
741 2105 902 2185 Universis
917 2111 948 2164 et
962 2105 1092 2176 singulis
1108 2105 1242 2170 dominis
1257 2106 1433 2176 abbatibus,
1465 2105 1643 2184 prepositis,

377 2211 555 2286 lectoribus,
578 2211 811 2278 archidiaconis,
836 2213 991 2272 canonicis
1013 2212 1245 2272 kathedralium
1271 2220 1300 2288 et
1333 2212 1572 2286 collegiatarum
1594 2227 1640 2270 ec·

378 2318 553 2390 etesiarum,
585 2317 718 2392 aliisque
739 2319 882 2392 plebanis
913 2325 943 2377 et
975 2320 1175 2378 ecclesiarum
1206 2318 1435 2393 parochialium
1466 2318 1640 2377 rectoribus

377 2425 409 2483 in
431 2430 461 2482 et
484 2425 543 2484 sub
566 2431 632 2484 tota
654 2425 780 2497 dyocesi
794 2432 899 2484 nostra
915 2425 1108 2499 zagrabiensi
1130 2423 1236 2484 ubivis
1258 2424 1434 2482 constitutis
1456 2427 1487 2482 et
1509 2423 1644 2498 existen·

378 2530 462 2588 tibus
484 2529 617 2588 salutem
641 2536 672 2589 et
693 2538 856 2606 paternam
879 2532 912 2589 in
935 2531 1063 2589 domino
1085 2529 1343 2589 benediccionem.
1367 2528 1519 2604 Quamvis
1544 2544 1645 2605 nuper

379 2635 484 2694 debita
506 2636 715 2696 sollicitudine
738 2636 832 2696 officii
858 2637 1023 2712 pastoralis
1039 2637 1117 2696 moti
1139 2635 1179 2692 ad
1202 2635 1329 2694 laudem
1352 2644 1382 2694 et
1397 2635 1649 2712 divini-numinis¹

379 2741 531 2800 honorem
562 2758 598 2800 ac
627 2747 725 2802 status
748 2743 875 2802 ecclesie
897 2749 1001 2801 nostre
1024 2742 1240 2816 zagrabiensis,
1265 2742 1443 2816 pariterque
1467 2741 1565 2804 tocius
1589 2740 1644 2798 do·

378 2848 484 2906 minici
498 2850 602 2922 gregis
617 2865 655 2908 ex
670 2850 735 2908 alto
750 2850 841 2908 nobis
868 2849 978 2908 crediti
997 2847 1263 2920 reformacionem,
1281 2848 1525 2922 celebracionem
1538 2853 1644 2908 sancte

378 2954 479 3012 sinodi
499 2954 532 3014 in
554 2954 637 3013 dicta
652 2962 758 3014 nostra
773 2956 901 3014 ecclesia
923 2956 1116 3029 zagrabiensi
1138 2954 1239 3013 fiende
1262 2953 1499 3026 decreverimus,
1524 2960 1643 3012 certum

377 3060 418 3118 ad
447 3062 506 3120 hoc
529 3067 559 3120 et
591 3061 832 3121 determinatum
863 3067 994 3138 tempus,
1018 3062 1136 3120 scilicet
1158 3060 1347 3120 dominicam
1370 3061 1550 3135 proximam
1574 3063 1644 3134 post

377 3165 491 3224 festum
521 3168 605 3226 beati
635 3167 762 3241 Georgii
794 3169 931 3227 martiris
961 3168 1226 3242 deputaverimus,
1259 3167 1413 3240 vobisque
1441 3173 1471 3224 et
1501 3169 1643 3226 vestrum

377 3273 506 3331 cuilibet
535 3273 698 3332 devocioni
729 3276 760 3332 in
782 3275 898 3332 virtute
928 3274 1073 3331 salutaris
1096 3273 1275 3332 obediencie
1297 3278 1328 3332 et
1350 3273 1409 3330 sub
1432 3271 1644 3346 excommuni-

377 3379 509 3438 cacionis
540 3396 627 3454 pena,
659 3380 811 3454 premissa
842 3381 986 3461 canonica
1016 3380 1198 3450 monicione,
1227 3379 1407 3440 mandantes
1430 3378 1501 3437 aliis
1531 3378 1642 3438 litteris

377 3487 490 3544 nostris
526 3487 703 3560 patentibus
734 3486 766 3544 in
798 3487 893 3545 valsis
924 3493 1061 3562 pretacte
1091 3485 1220 3546 ecclesie
1249 3492 1354 3544 nostre
1385 3483 1513 3560 publice
1540 3481 1644 3542 affixis

377 3591 639 3663 mandaverimus,
669 3598 699 3649 et
728 3591 778 3650 die
801 3597 831 3649 et
854 3593 925 3652 loeo
945 3593 1122 3668 supradicte
1151 3597 1254 3651 sancte
1285 3590 1385 3650 sinodi
1415 3596 1446 3648 et
1477 3591 1542 3648 eius
1565 3589 1643 3650 cele·

379 3698 517 3756 bracioni
540 3699 685 3756 interesse
701 3697 854 3759 deberetis
870 3705 900 3757 et
916 3700 1121 3774 personaliter
1144 3698 1345 3767 teneremini;
1369 3703 1474 3762 tamen
1497 3697 1644 3771 pluribus

378 3809 408 3862 et
430 3803 536 3862 arduis
560 3805 694 3876 negociis
726 3820 808 3862 nunc
830 3807 1062 3864 occurrentibus
1096 3803 1315 3878 dispendendis
1342 3803 1426 3880 apud
1451 3803 1644 3862 maiestatem

378 3911 497 3982 regiam
526 3909 565 3968 de
595 3924 651 3967 suo
681 3910 828 3968 mandato
851 3912 985 3984 longiori
1008 3924 1104 3984 quam
1126 3911 1331 3984 sperabamus
1352 3925 1495 3984 tempore
1518 3923 1645 3972 necesse.

377 4017 544 4074 habuimus
575 4017 730 4089 occupari,
761 4024 795 4074 ut
825 4033 882 4090 per
904 4018 963 4074 hoc
987 4023 1052 4074 tam
1074 4017 1169 4074 rebus
1192 4017 1279 4089 regni
1303 4016 1447 4090 publicis,
1471 4031 1566 4092 quam
1588 4031 1642 4076 sue

377 4114 547 4180 maiestatis
577 4122 687 4180 honori
711 4121 750 4178 ad
782 4123 978 4196 beneplacita
1001 4125 1254 4198 obsequeremur,
1286 4138 1322 4180 ac
1355 4127 1514 4196 postremo
1545 4122 1640 4184 eccle·

377 4228 421 4286 sie
447 4233 550 4288 nostre
574 4230 689 4302 pariter
713 4239 743 4286 et
778 4236 955 4288 nostrorum
990 4229 1188 4289 subditorum
1223 4226 1389 4291 commodo
1416 4230 1577 4308 consulere
1612 4237 1642 4288 et

377 4339 492 4392 statum
509 4334 674 4406 pacificum
704 4350 815 4408 parare
848 4350 1017 4408 possemus.
1041 4336 1108 4394 Hiis
1132 4343 1162 4394 et
1184 4337 1254 4394 aliis
1276 4336 1364 4394 iustis
1387 4341 1417 4393 et
1431 4335 1641 4394 racionalibus

378 4441 487 4513 causis,
521 4455 577 4498 nos
612 4442 662 4498 hic
697 4441 913 4514 detinentibus,
949 4458 1021 4500 cum
1055 4443 1087 4500 in
1123 4443 1255 4501 termino
1278 4442 1491 4517 superioribus
1532 4441 1643 4502 litteris

377 4547 490 4604 nostris
512 4553 690 4620 expressato
714 4547 852 4620 predicte
875 4548 983 4606 sinodo
1007 4550 1125 4608 eteius
1148 4549 1354 4608 celebracioni
1378 4548 1584 4622 personaliter
1597 4549 1642 4608 iu·

377 4657 490 4710 teresse
513 4653 722 4726 nequerimus,
746 4653 785 4710 ad
810 4655 940 4712 tercium
957 4655 1041 4714 diem
1057 4657 1243 4714 ascensionis
1259 4655 1386 4715 Domini
1408 4655 1552 4730 proxime
1568 4671 1640 4714 ven·

376 4765 490 4830 turum,
508 4759 561 4831 qui
578 4760 636 4816 erit
651 4775 749 4818 nonus
773 4759 838 4818 dies
855 4762 968 4819 mensis
993 4763 1074 4832 maii,
1091 4761 1371 4820 deliberaverimus
1388 4761 1595 4820 differendum
1611 4766 1642 4820 et

377 4862 558 4922 defferimus
589 4881 645 4938 per
670 4877 835 4939 presentes,
859 4883 921 4941 quo
945 4867 994 4926 die
1010 4875 1040 4926 et
1058 4869 1191 4926 termino
1214 4867 1337 4926 invente
1358 4867 1494 4940 domin0,
1526 4867 1642 4926 dictam

378 4969 621 5029 celebracionem
634 4977 738 5030 sancte
750 4972 851 5032 sinodi
867 4974 1076 5048 disposuimus
1091 4974 1279 5049 perficiendi.
1293 4973 1391 5034 Vobis
1403 4975 1497 5050 igitur
1509 4973 1643 5034 dominis
