3804 5858
792 567 866 626 Doc.
883 560 963 642 326.
988 597 1029 608 -
1052 563 1109 621 An.
1133 557 1223 639 1481.

867 795 871 801 ’
966 791 1054 859 326.

486 936 568 986 Anno
589 937 664 1000 1481,
687 947 726 989 12.
745 936 814 988 maii.
834 935 922 986 Crisii.
952 1009 953 1014 1

380 1065 571 1133 Anobilibus
600 1067 684 1140 regni
713 1063 888 1135 Slavombe,
920 1071 1031 1140 quanta
1061 1065 1167 1124 telonia
1197 1071 1232 1140 ct¹
1252 1063 1406 1146 oecttgclia
1428 1069 1486 1135 pro
1510 1059 1647 1118 mercibus

381 1171 547 1246 Zagrabiae
579 1179 608 1228 et
639 1172 669 1229 in
703 1189 793 1244 regno
826 1171 895 1242 siut¹
917 1171 1063 1242 solvenda,
1097 1171 1128 1228 in
1159 1171 1245 1248 regni
1271 1167 1489 1260 congregatione
1513 1165 1649 1242 generali

904 1277 1118 1336 decernebatur.
1576 1281 1579 1288 '

484 1422 548 1481 Nos
571 1420 734 1481 Ladislaus
756 1422 794 1482 de
817 1423 992 1496 Egeriam·
1007 1436 1175 1496 regnorum
1198 1420 1367 1491 Dalmacie‚
1391 1417 1577 1478 Croacieac
1600 1421 1645 1474 to

379 1530 446 1588 cius
469 1527 632 1588 Sclauonie
654 1528 762 1588 banus.
786 1529 934 1588 Memorie
958 1527 1221 1597 commendamus,
1245 1525 1330 1602 quod
1354 1541 1427 1587 cum
1450 1523 1527 1587 feria
1549 1522 1643 1588 tercia

377 1634 525 1710 proxima
548 1641 619 1693 ante
642 1633 757 1693 festum
781 1634 1010 1699 Purificacionis
1040 1635 1129 1695 beate
1158 1633 1255 1701 Marie
1271 1632 1408 1706 virginis
1431 1629 1644 1698 serenissimus

380 1741 527 1815 princeps
550 1739 696 1798 dominus
718 1741 851 1803 Mathias
873 1757 937 1812 rex,
961 1740 1105 1806 dominus
1127 1745 1231 1806 noster
1254 1739 1422 1812 graciosns,
1445 1753 1502 1815 per
1526 1735 1643 1808 magni·

380 1847 456 1906 ficos
479 1846 622 1906 dominos
645 1845 829 1908 Michaelem
853 1845 953 1919 Orzag
976 1845 1014 1904 de
1038 1844 1141 1916 thh‚
1166 1844 1242 1912 dicti¹
1263 1845 1359 1918 regui¹
1374 1842 1533 1916 Hungarie
1557 1841 1642 1916 pala·

379 1955 479 2011 tinum
503 1957 534 2010 et
556 1952 701 2010 comitem
725 1949 916 2026 Stephanum
930 1951 970 2016 de
992 1951 1118 2028 Bethor,
1139 1948 1274 2026 judicem
1299 1951 1450 2016 curiesue
1466 1948 1642 2019 maiestatis,

379 2073 480 2134 prope
501 2058 660 2116 civitatem
683 2057 915 2131 zagrabiensem
938 2072 997 2132 pro
1013 2056 1237 2139 refonnacione
1252 2061 1349 2129 status
1366 2055 1454 2128 regni
1470 2053 1642 2136 Sclauonie,

373 2163 648 2237 exstirpandisque
679 2162 938 2229 malefactoribus
966 2169 998 2230 et
1026 2165 1145 2232 nocivis
1177 2163 1365 2232 hominibus,
1396 2161 1513 2228 cunctis
1544 2160 1643 2228 eciam

379 2269 540 2328 maleficiis
556 2283 592 2327 ac
605 2269 810 2343 pravitatibus
826 2276 857 2328 et
869 2269 961 2338 malis
973 2269 1142 2341 abolendis,
1159 2269 1311 2328 universis
1326 2268 1487 2345 nobilibus
1502 2263 1642 2349 ejusdem

378 2376 465 2450 regni
496 2373 659 2438 Sclauonie
691 2374 861 2446 orbiensis,
891 2375 1113 2448 zagrabiensis‚
1145 2374 1374 2441 varasdinensis
1404 2379 1435 2432 et
1464 2373 1642 2438 Werewcze

378 2482 582 2543 comitatuum
607 2480 882 2554 congregacionem
905 2481 1066 2540 celebrare
1088 2480 1210 2540 fecisset
1232 2480 1419 2554 generalem,
1436 2485 1466 2539 et
1483 2479 1515 2544 in
1530 2477 1640 2537 eadem

377 2588 457 2648 inter
486 2587 565 2653 alia.
595 2599 656 2660 que
686 2601 745 2660 pro
769 2587 850 2656 dictiv
872 2587 960 2660 regni
990 2586 1156 2656 commodo
1180 2594 1211 2654 et
1241 2583 1362 2663 justicie
1383 2589 1550 2658 augmento
1573 2587 1640 2652 ecta

381 2692 476 2765 fuere,
499 2707 561 2754 non
584 2691 756 2752 mediocres
780 2691 818 2750 de
843 2698 873 2760 et
896 2708 991 2767 super
1014 2692 1138 2751 tributis
1169 2693 1201 2750 in
1223 2693 1283 2755 hoc
1312 2705 1409 2772 regno
1439 2691 1557 2773 ubique
1586 2690 1641 2751 ha.-

381 2799 455 2858 bitis
489 2805 519 2856 et
548 2799 658 2862 erectis
688 2801 837 2856 tractatus
868 2805 898 2864 et
928 2799 1053 2856 labores
1076 2798 1149 2865 facti
1179 2797 1375 2876 exstiterim,¹
1390 2798 1446 2855 ubi
1469 2802 1642 2870 comperto,

379 2905 546 2979 agnitoque
575 2911 605 2962 et
636 2903 803 2976 intellecto,
839 2903 924 2978 quod
946 2905 978 2963 in
1002 2904 1190 2978 quibusdam
1213 2904 1404 2974 tributorum
1428 2902 1641 2977 predictorum

377 3010 471 3070 valde
502 3010 622 3082 iniuste,
652 3009 965 3084 inconvenientesque
985 3017 1015 3070 et
1038 3009 1193 3085 superflue
1216 3011 1394 3070 exacciones
1416 3024 1435 3068 a
1465 3014 1640 3090 pretergre-

376 3116 627 3175 dientibus'cum
651 3117 831 3175 mercanciis
854 3123 884 3182 et
906 3117 976 3175 aliis
999 3117 1197 3190 questoribus
1219 3117 1325 3176 habite
1349 3116 1443 3193 fuere,
1467 3133 1505 3176 ex
1521 3115 1639 3180 eisdem

375 3222 510 3298 quedam
532 3221 613 3298 justa
637 3228 667 3282 et
689 3229 780 3295 recta,
805 3223 941 3297 quedam
962 3238 1038 3282 vero
1062 3221 1174 3299 injusta
1198 3229 1228 3282 et
1250 3223 1407 3298 superflua
1430 3227 1459 3282 et
1484 3223 1640 3298 proscrip-

373 3329 463 3388 cione
486 3329 637 3386 comitum
660 3333 690 3386 et
713 3326 854 3404 judicum
874 3329 1039 3402 nobilium,
1068 3327 1306 3405 juratorumque
1329 3344 1520 3389 assessorum
1543 3331 1641 3404 ipsius

375 3434 625 3509 congregacionis
656 3434 885 3509 condempnata
915 3437 1078 3506 exstitere„
1098 3436 1242 3509 quamvis
1273 3441 1384 3510 expost
1415 3433 1554 3514 prefatus
1585 3435 1641 3493 do·

375 3543 477 3600 minus
499 3547 603 3600 noster
625 3557 681 3600 rex
704 3541 744 3600 ad
767 3541 922 3600 dictorum
945 3542 1163 3606 universorum
1192 3541 1346 3600 nobilium
1368 3542 1455 3614 regni
1478 3539 1640 3609 Sclauonie

373 3647 639 3723 supplicacionem
662 3653 828 3721 propterea
851 3663 905 3706 sue
936 3647 1087 3714 maiestati
1110 3653 1295 3721 porrectam,
1318 3647 1435 3706 eisdem
1459 3647 1639 3727 prescriptis

374 3751 495 3828 injustis
519 3759 549 3814 et
572 3753 737 3828 superfluis
760 3754 884 3812 tributis
907 3753 1045 3826 graciam
1067 3753 1174 3812 fecerit
1203 3759 1234 3813 et
1264 3755 1296 3814 in
1316 3753 1456 3828 deposita
1482 3770 1547 3814 esse
1570 3771 1640 3830 per-

374 3860 494 3918 miserit
517 3875 552 3917 ea
575 3859 765 3931 condicione,
788 3865 823 3918 ut
845 3859 914 3932 ipsa
938 3860 1054 3918 tributa
1077 3859 1191 3930 amodo
1214 3865 1244 3918 et
1267 3860 1403 3922 inantea
1419 3862 1449 3918 in
1466 3860 1639 3934 dampnum

376 3971 406 4024 et
429 3963 574 4041 injuriam
598 3979 869 4038 quorumcumque
892 3971 956 4024 tam
980 3971 1189 4024 mercatorum
1214 3981 1308 4040 quam
1335 3971 1516 4040 questorum
1538 3973 1568 4024 et
1591 3981 1639 4048 cey

374 4077 513 4130 terorum
537 4071 672 4129 cuiusvis
696 4078 798 4138 status¹
816 4077 847 4130 et
869 4071 1059 4130 condicionis
1081 4072 1245 4130 bominum
1266 4087 1329 4133 non
1351 4071 1435 4148 fiant,
1459 4071 1513 4135 sed
1529 4087 1639 4140 eorum

373 4191 567 4251 possessores
590 4182 619 4236 et
643 4176 797 4240 officiales
825 4184 918 4252 atque
949 4178 1191 4252 aministratores
1214 4185 1248 4244 ut
1273 4178 1428 4238 tributarii
1450 4175 1538 4254 justis
1562 4179 1639 4238 dun·

372 4289 466 4354 taxat,
489 4283 642 4356 rectisque
666 4289 696 4342 et
719 4283 972 4342 convenientibus
995 4285 1212 4343 exaccionibus
1235 4285 1289 4351 uti,
1313 4290 1343 4344 et
1358 4285 1402 4344 eis
1418 4285 1552 4346 contenti
1568 4300 1634 4344 esse

373 4389 514 4460 debeant,
538 4389 621 4448 idem
645 4388 789 4450 dominus
809 4397 914 4449 noster
937 4408 991 4450 rex
1013 4391 1104 4449 nobis
1126 4390 1249 4449 firmius
1272 4389 1401 4449 dederat
1424 4391 1456 4450 in
1480 4390 1636 4464 mandato,

371 4501 406 4556 ut
428 4497 605 4556 exacciones
636 4496 814 4556 huiusmodi
838 4497 1029 4556 tributorum
1051 4513 1106 4556 seu
1130 4495 1342 4556 theloniorum
1364 4511 1635 4574 quorumcumque

371 4601 525 4660 nobilium
549 4608 580 4660 et
602 4601 901 4675 possessionatorum
924 4603 1086 4661 hominum
1110 4601 1201 4661 huius
1232 4603 1320 4677 regni
1350 4608 1380 4662 et
1410 4603 1441 4661 in
1473 4604 1637 4678 quibusvis

371 4707 570 4766 comitatibus
594 4713 624 4766 et
646 4707 724 4765 locis
747 4708 778 4766 in
801 4708 860 4766 hoc
882 4723 979 4782 regno
1002 4708 1165 4767 Sclauonie
1188 4709 1390 4768 existencium
1414 4715 1444 4767 et
1466 4710 1549 4784 exigi
1563 4711 1637 4769 soli·

371 4819 474 4873 torum
492 4813 523 4871 in
546 4813 664 4872 octavis
686 4813 756 4872 festi
778 4813 861 4872 beati
883 4813 1010 4888 Georgii
1033 4815 1179 4888 martyris
1201 4830 1262 4873 una
1285 4829 1356 4872 cum
1372 4816 1459 4888 regni
1475 4817 1636 4876 nobilibus

371 4919 480 4978 ordine
503 4918 610 4978 debito
633 4919 769 4977 limitare
791 4925 821 4977 et
852 4919 1014 4980 moderare
1042 4921 1234 4980 deberemus.
1267 4922 1346 4995 Ipsis
1380 4922 1485 4996 itaque
1518 4926 1636 4983 octavis

369 5026 603 5084 occurrentibus
633 5040 690 5083 nos
719 5041 780 5083 una
811 5041 881 5084 cum
913 5027 1112 5086 universitate
1140 5029 1296 5088 nobilium
1326 5029 1481 5088 dictorum
1505 5029 1634 5087 comiti·
