3764 5924
674 531 748 590 Doc.
765 525 845 607 388.
870 561 911 574 -
932 530 991 590 An.
1014 541 1105 608 1497.
1443 543 1503 601 511

242 751 340 810 nostri
363 749 480 823 egregii
501 747 650 831 Johannis
683 746 806 805 Thurzo
830 745 869 802 de
892 745 1115 818 Bethlenlalva,
1139 747 1273 820 qualiter
1295 749 1363 822 ipse
1386 754 1505 806 certam

242 863 274 915 et
294 871 356 916 non
379 855 536 914 modicam
571 853 774 926 quantitatem
806 852 894 925 cupri
925 851 1069 925 Segniam
1104 869 1203 926 usque
1238 853 1361 912 mittere
1395 853 1509 911 consti-

241 962 358 1035 tuisset,
389 960 444 1020 sed
474 959 580 1018 audita
610 957 702 1029 lama,
733 957 817 1032 quod
839 972 896 1016 nos
919 959 1035 1017 inillis
1057 959 1161 1032 regnis
1183 959 1297 1017 nostris
1320 957 1450 1017 Croacie
1475 963 1506 1018 et

241 1067 410 1126 Sclsvonie
429 1081 526 1125 unum
557 1065 654 1123 alium
686 1105 823 1123 .....
854 1064 970 1122 banum
1001 1063 1249 1136 destinassemus,
1272 1064 1354 1123 uude
1384 1067 1508 1125 evenire

241 1173 381 1232 fortassis
403 1178 514 1246 posset,
539 1170 623 1244 quod
653 1171 784 1228 illustris
813 1171 968 1251 Johannes
991 1169 1152 1241 Coruinus,
1176 1171 1339 1244 Opptauie,
1364 1170 1505 1246 Lyptho·

240 1279 353 1353 uieque
383 1277 448 1336 dux
470 1317 669 1338 .......
691 1281 873 1349 occuparet3
896 1275 922 1332 si
944 1276 1039 1348 igitur
1061 1276 1237 1334 huiusmodi
1262 1293 1395 1350 cuprum
1417 1293 1508 1337 suum

241 1384 326 1459 apud
351 1399 408 1443 vos
439 1391 469 1442 et
500 1385 531 1442 in
561 1384 686 1440 civitate
719 1389 822 1441 vestra
854 1387 982 1455 propter
1011 1383 1163 1440 maiorem
1193 1384 1390 1441 securitatem
1420 1399 1509 1444 suam

242 1490 458 1565 deponeretur,
483 1490 646 1547 hortamur
676 1487 842 1546 fidelitates
872 1495 992 1546 vestras
1016 1493 1046 1546 et
1070 1487 1188 1546 eisdem
1211 1487 1432 1548 nichilominus
1455 1490 1508 1548 fir·

243 1597 336 1656 miter
366 1597 600 1666 committimus,
636 1603 786 1668 quatenus
808 1595 947 1653 debeatis
981 1595 1159 1652 huiusmodi
1193 1610 1328 1668 cuprum
1359 1595 1434 1654 dicti
1456 1597 1508 1680 Jo-

239 1703 349 1760 hannis
372 1703 503 1772 Thurzo‚
527 1700 610 1774 quod
639 1701 722 1774 apud
754 1717 810 1763 vos
833 1701 1010 1774 depositum
1034 1700 1173 1768 merita
1203 1700 1346 1774 predicto
1368 1702 1509 1784 Johanne

242 1807 377 1866 Coruino
402 1809 473 1866 totis
505 1807 626 1865 viribus
657 1807 768 1866 vestris
800 1806 974 1876 defendere,
1005 1822 1105 1879 neque
1136 1807 1242 1880 aliquo
1266 1813 1357 1880 pacto
1381 1809 1508 1882 permit·

241 1921 317 1988 tere,
332 1913 415 1988 quod
439 1913 539 1972 dictus
567 1914 724 1996 Johannes
755 1913 908 1971 Coruinus
931 1913 983 1969 vel
1006 1913 1146 1970 homines
1181 1914 1228 1970 sui
1264 1912 1421 1986 prefatum
1457 1931 1509 1972 cu·

241 2035 334 2094 prum
358 2021 503 2094 occupari
535 2021 662 2094 possint
684 2017 763 2077 Cum
788 2033 861 2076 vero
885 2019 1025 2076 homines
1038 2017 1111 2076 dicti
1122 2019 1270 2102 Johannis
1283 2019 1405 2078 Thurzo
1417 2027 1508 2080 nacta

241 2127 450 2200 oportunitate
473 2141 522 2184 res
545 2125 723 2184 huiusmodi
747 2124 900 2183 abducere
925 2125 1090 2190 volueriut.
1114 2125 1230 2184 eisdem
1255 2141 1380 2199 semper
1403 2127 1504 2185 libere

243 2233 398 2291 abducere
433 2231 627 2306 permittatis.
661 2230 753 2288 Secus
785 2245 846 2289 non
870 2229 988 2289 facturi.
1024 2229 1139 2288 Datum
1175 2231 1260 2290 Bude
1290 2232 1320 2288 in
1352 2231 1402 2290 dle
1425 2234 1508 2291 beati

242 2337 404 2397 Venceslai
429 2337 576 2395 martiris.
603 2339 692 2394 Anno
715 2336 833 2393 domini
857 2332 1140 2393 MCCCCLXXXX
1163 2337 1304 2410 septimo.

347 2447 389 2513 (A
407 2447 502 2512 tergo.)
536 2443 743 2502 Prudentibus
777 2451 808 2500 et
842 2443 1075 2517 circumspectis
1108 2441 1203 2518 judici
1228 2449 1259 2502 et
1286 2445 1403 2516 iuratis,
1427 2449 1508 2504 cete·

240 2552 345 2625 risque
368 2553 488 2610 civibus
511 2532 763 2608 civitatis'nostre
790 2549 1006 2621 zagrabiensis,
1030 2551 1144 2606 montis
1168 2549 1339 2622 Grecensis‚
1356 2550 1504 2610 fidelibus

241 2659 356 2716 nostris
380 2657 510 2715 dilectis.

350 2775 484 2840 Originale
512 2776 538 2824 iu
567 2775 662 2832 charta,
691 2773 811 2825 lacerum.
840 2771 988 2838 Vestigium
1016 2773 1096 2838 sigilli
1126 2789 1142 2823 a
1172 2779 1252 2838 tergo.
1280 2774 1314 2824 In
1332 2775 1428 2828 archiv.
1446 2775 1506 2828 incl.

242 2863 327 2916 Acad.
346 2863 442 2915 Scieut.
461 2863 561 2915 Slavor.
574 2863 665 2912 merid.

828 3040 917 3106 388.

348 3165 428 3215 Anno
450 3177 524 3230 1497,
547 3177 587 3216 10.
606 3165 761 3216 novembris.
781 3164 931 3228 Zagrabiae.

242 3275 271 3334 Α
292 3276 417 3349 capitulo
450 3275 570 3349 sagrab.
601 3275 697 3332 editur
728 3275 877 3347 exemplar
909 3275 1116 3332 constitutionis
1158 3273 1303 3331 Vladislai
1336 3276 1422 3347 regis,
1445 3294 1504 3350 qua

420 3381 577 3458 Johannes
605 3379 748 3439 corvinus
771 3383 859 3438 totius
883 3379 1041 3438 Slavoniae
1061 3380 1124 3437 dux
1146 3381 1318 3440 nominatur.

349 3525 412 3583 Nos
446 3525 618 3599 capitulum
651 3525 779 3583 ecclesie
815 3525 1031 3598 zagrabiensis.
1067 3525 1216 3582 Memoris
1248 3524 1507 3604 commendamus

243 3647 300 3705 per
323 3639 487 3704 presentes,
511 3631 595 3705 quod
628 3633 752 3689 veniens
787 3639 925 3690 nostram
961 3631 991 3689 in
1016 3631 1207 3704 presenciam
1230 3631 1422 3690 honorabilis
1446 3631 1505 3690 do·

243 3738 344 3796 minus
368 3739 518 3795 Martinus
547 3737 700 3812 plebanus
724 3737 852 3794 ecclesie
875 3737 971 3794 sancti
995 3737 1090 3793 Marci
1111 3744 1141 3794 et
1163 3736 1321 3794 Emericus
1343 3738 1505 3809 litteratus,

242 3843 391 3914 notarius,
420 3845 503 3902 cives
534 3844 667 3900 civitatis
700 3844 814 3901 montis
843 3841 1005 3901 Grecensis
1036 3843 1068 3900 in
1091 3843 1154 3900 suis
1177 3857 1213 3900 ac
1236 3839 1346 3916 judicis
1371 3849 1402 3900 et
1423 3841 1505 3919 jura·

243 3954 355 4020 torum,
391 3955 626 4023 ceterorumque
659 3950 775 4007 civium
811 3955 841 4007 et
870 3949 969 4006 tocius
999 3949 1228 4006 communitatis
1250 3949 1348 4022 ipsius
1372 3950 1506 4008 civitatis

243 4057 383 4128 personis
407 4062 437 4114 et
463 4057 642 4113 nominibus
674 4055 882 4114 exhibuerunt
904 4061 935 4114 et
959 4061 1212 4129 presentaverunt
1239 4055 1330 4113 nobis
1354 4055 1506 4129 quasdam

242 4161 362 4219 litteras
392 4161 578 4220 serenissimi
609 4163 758 4236 principis
781 4161 899 4220 domini
922 4161 1090 4219 Wladislai
1116 4160 1166 4218 dei
1188 4161 1294 4233 gracia
1316 4163 1397 4234 regis
1420 4161 1506 4220 Hun-

242 4267 336 4340 garie,
360 4266 506 4326 Bohemie
527 4272 583 4326 etc.
607 4265 725 4324 domini
747 4268 844 4325 nostri
867 4267 1096 4340 graciosissimi,
1121 4268 1179 4324 sub
1201 4266 1307 4340 sigillo
1329 4283 1385 4326 sue
1408 4269 1503 4326 maie·

242 4373 329 4431 statis
351 4373 384 4432 iu
406 4389 477 4432 cera
498 4373 604 4444 rubra,
635 4372 674 4430 de
696 4373 836 4431 eiusdem
858 4373 1085 4444 commissione,
1109 4373 1153 4430 uti
1176 4373 1280 4446 prima
1301 4371 1378 4432 facie
1401 4389 1499 4448 appa·

242 4478 339 4550 rebat,
370 4479 473 4537 clause
504 4479 657 4538 confectas
681 4485 710 4537 et
733 4487 898 4550 emanatas,
923 4479 1037 4537 tenoris
1060 4478 1256 4553 infrascripti,
1282 4485 1419 4553 petentes
1442 4494 1501 4538 nos

242 4583 347 4643 debita
370 4601 441 4642 cum
465 4587 621 4657 instancia,
645 4593 679 4644 ut
702 4587 826 4644 easdem
849 4587 960 4644 litteris
981 4587 1094 4646 nostris
1119 4586 1293 4659 patentibus
1317 4586 1504 4650 transummi

240 4697 273 4750 et
302 4694 467 4752 transcribi
489 4693 643 4763 facientes,
667 4699 805 4752 tenorem
829 4692 1011 4751 earumdem
1033 4692 1092 4748 sub
1126 4692 1231 4764 sigillo
1253 4697 1359 4750 nostro
1389 4690 1506 4750 eisdem

241 4797 316 4856 dare
338 4803 369 4858 et
402 4799 570 4858 concedere
603 4799 809 4872 dignaremur.
840 4798 982 4872 Quarum
1012 4804 1100 4856 tenor
1122 4798 1193 4855 talis
1215 4803 1288 4856 est:
1319 4791 1405 4877 (vide
1427 4797 1504 4856 Duc.

243 4905 314 4978 35⁶·
327 4919 407 4964 anno
423 4921 514 4980 ¹490·
542 4921 588 4964 tt.
601 4899 756 4982 octobris).
770 4905 833 4963 Nos
845 4905 948 4978 itaque
957 4903 1161 4979 peticionibus
1178 4901 1371 4978 prefatorum
1384 4903 1503 4962 domini

241 5012 365 5069 Martini
387 5011 515 5085 plebani
541 5016 572 5069 et
594 5011 725 5069 Emerici
749 5011 877 5070 litterati
894 5011 1073 5069 nominibus
1096 5017 1127 5068 et
1141 5011 1173 5068 iu
1195 5011 1343 5084 personis,
1360 5024 1497 5084 quorum
