3948 5804
751 563 824 626 Duc.
850 564 899 625 68.
924 597 964 608 -
985 565 1041 623 An.
1066 577 1156 641 [433.
1320 628 1323 634 ,
1539 569 1578 642 83

312 777 485 852 refugissent
507 777 686 850 emittendo,
708 783 739 838 et
761 778 821 838 nisi
844 779 904 853 ipsi
928 777 1045 836 domini
1070 785 1099 836 et
1115 779 1254 837 canonici
1271 780 1310 838 de
1335 780 1475 855 predicto
1499 781 1582 855 capt-

314 884 382 942 tulo
403 898 529 944 rumore
550 884 709 959 perterriti
731 883 770 942 de
793 883 862 958 ipso
885 899 1090 957 vesperarum
1123 884 1238 956 officio,
1269 884 1309 944 ad
1342 885 1426 958 quod
1454 885 1582 944 tuissent

314 992 492 1063 congregati
514 989 554 1048 ad
569 990 740 1050 sacristiam
758 987 907 1064 fugiendo
923 1005 955 1048 se
971 989 1170 1049 reclusissent
1190 998 1220 1048 et
1236 1000 1391 1050 certorum
1414 991 1580 1050 hominurn

314 1110 350 1154 ac
372 1095 576 1155 familiarium
599 1094 731 1154 condam
755 1095 887 1154 Dionisii
910 1094 983 1154 bani
1010 1111 1046 1154 ac
1069 1095 1233 1154 reverendi
1264 1098 1295 1156 in
1327 1097 1451 1156 Christo
1475 1098 1581 1171 patris,

314 1201 433 1262 domini
455 1202 604 1287 Johannis
634 1201 755 1277 episopi
786 1201 1002 1275 zagrabiensis,
1026 1202 1111 1276 regie
1142 1209 1172 1260 et
1202 1203 1349 1275 reginalis
1382 1203 1580 1262 molestatum

314 1308 453 1382 sumpmi
483 1308 661 1368 cancellarii
684 1309 882 1382 aliorumque
906 1308 1117 1367 nonnulorum
1148 1309 1324 1384 proborum
1358 1316 1389 1368 et
1424 1310 1579 1368 nobilium

313 1414 463 1482 virorum,
487 1416 542 1490 qui
564 1414 604 1474 ad
626 1414 731 1490 ipsum
761 1412 866 1472 forum
897 1414 1030 1474 annuale
1064 1416 1287 1488 convenissent,
1318 1413 1488 1474 furibundo
1518 1415 1581 1474 dic·

314 1523 416 1580 torum
440 1521 558 1580 civium
581 1536 710 1580 occursu
740 1537 773 1579 se
805 1521 940 1580 viriliter
970 1523 1199 1596 opponencium
1230 1521 1368 1596 presidio
1399 1527 1430 1580 et
1461 1521 1579 1580 auxilio

313 1623 443 1686 fuissent
458 1625 617 1700 defensati,
633 1641 740 1686 omnes
763 1627 795 1686 ia
819 1627 927 1686 eadem
951 1628 1081 1686 ecclesia
1104 1629 1221 1702 pariter
1244 1628 1415 1688 extitissent
1436 1625 1580 1704 jugulati.

313 1731 358 1790 Eo
380 1746 443 1792 non
465 1733 599 1792 contenti
624 1731 757 1808 predicti
778 1733 863 1791 cives
885 1737 916 1791 et
937 1734 1083 1808 hospites,
1108 1742 1138 1791 et
1160 1735 1333 1808 presertim,
1358 1740 1391 1792 ut
1415 1731 1579 1807 prefertur,

314 1838 347 1896 in
369 1839 475 1913 platea
498 1843 639 1898 sutorum
662 1839 839 1912 residentes,
862 1841 1003 1913 sequenti
1025 1840 1074 1898 die
1097 1840 1244 1898 videlicet
1275 1839 1352 1898 feria
1384 1840 1477 1898 tercia
1509 1854 1580 1913 pro·

313 1945 400 2003 xima
421 1951 493 2020 post
515 1944 692 2020 predictum
714 1944 829 2004 testum
844 1945 933 2004 beate
949 1946 1145 2019 Margarethe
1167 1946 1298 2019 virginis
1314 1946 1353 2004 ad
1369 1961 1481 2004 sonum
1498 1961 1580 2004 carn·

313 2065 402 2126 pane,
424 2057 460 2110 ut
481 2052 719 2122 constetissent,
743 2050 782 2110 ad
804 2051 968 2110 consilium
984 2052 1162 2126 congregati
1178 2053 1357 2122 extitissent,
1375 2053 1434 2110 nisi
1449 2067 1506 2126 per
1521 2051 1577 2110 ali·

314 2172 392 2231 quos
414 2157 533 2231 probos
555 2163 586 2216 et
607 2158 707 2216 bonos
729 2157 879 2230 homines,
903 2158 1017 2231 quibus
1038 2159 1121 2216 mala
1141 2158 1320 2216 huiusmodi
1342 2157 1580 2233 displicuissent,

313 2263 354 2321 ab
376 2277 486 2334 eorum
508 2263 672 2338 propositu
688 2261 817 2322 fuissent
832 2263 993 2338 prohibiti,
1010 2265 1197 2322 unanimiter
1213 2263 1252 2321 ad
1269 2263 1387 2322 dictum
1405 2265 1577 2338 capitulum

313 2369 468 2443 irruendo,
503 2369 614 2428 domos
647 2375 677 2428 et
711 2368 833 2428 edificia
866 2371 1083 2430 canonicorum
1119 2371 1217 2428 immo
1240 2375 1270 2428 et
1293 2371 1394 2444 ipsam
1417 2369 1580 2428 ecclesiam

313 2474 431 2534 furioso
454 2476 574 2551 impetu
597 2474 752 2546 invadere,
775 2491 886 2549 resque
910 2481 940 2533 et
962 2477 1044 2534 bona
1067 2492 1103 2534 ac
1127 2477 1246 2534 litteras
1270 2482 1300 2534 et
1323 2476 1490 2550 privilegia
1514 2483 1578 2532 tam

314 2581 394 2642 dicte
417 2583 544 2641 ecclesie
568 2597 662 2656 quarn
679 2583 835 2641 nobilium
851 2589 881 2641 et
897 2582 1032 2641 aliorum
1047 2583 1211 2640 hominurn
1228 2583 1305 2640 inibi
1321 2583 1465 2656 reposita,
1487 2582 1580 2638 sacri·

315 2689 386 2763 lega
408 2703 502 2748 manu
525 2687 648 2748 auferre
672 2693 702 2747 et
723 2694 884 2763 asportare
904 2694 934 2746 et
957 2694 1057 2746 totum
1082 2690 1202 2746 clerum
1215 2689 1393 2746 interimere
1410 2687 1580 2762 voluissent

313 2796 456 2870 potencia
479 2809 588 2854 eorum
611 2793 776 2866 mediante,
798 2795 830 2856 in
855 2795 1061 2868 preludieium
1085 2795 1183 2869 ipsius
1207 2794 1336 2868 capituli
1352 2800 1382 2852 et
1408 2793 1581 2866 dampnum

312 2902 386 2960 satis
409 2899 534 2976 grande.
557 2901 650 2959 Facta
680 2899 863 2959 huiusmodi
895 2901 1096 2974 inquisicione
1127 2901 1187 2975 ipsi
1217 2899 1325 2958 eadem
1358 2900 1408 2958 die
1442 2897 1580 2973 prelatos

312 3007 513 3082 Stephanum,
536 3007 641 3066 filium
665 3006 824 3066 Michaelis
847 3006 1042 3076 modernum,
1060 3007 1252 3076 Michaelem,
1269 3006 1371 3064 filium
1395 3005 1578 3074 sebastiani,

238 3163 240 3168 .
315 3113 477 3184 Briccium,
502 3113 603 3172 filium
627 3112 799 3183 Benedicti;
832 3113 1025 3171 Anthonium
1056 3113 1203 3182 italicum,
1237 3113 1363 3170 Petrum
1387 3113 1579 3184 ilungarum,

314 3219 477 3278 Nicolaum
500 3225 530 3278 et
553 3218 724 3291 Georgium
748 3225 910 3282 sartorem.
934 3219 1011 3276 alias
1034 3216 1161 3292 judices,
1193 3219 1364 3276 Fabianum
1397 3220 1578 3286 litteratum,

312 3327 440 3400 Frycbe,
476 3325 655 3399 Georgium,
686 3326 789 3383 filium
819 3325 973 3383 Francisci
1007 3332 1037 3382 et
1068 3324 1214 3394 Blasium,
1246 3323 1349 3382 filium
1373 3323 1578 3395 Wythezych,

310 3407 427 3510 iuratos
446 3447 483 3490 ac
506 3431 584 3490 alios
607 3433 767 3490 universos
790 3439 820 3489 et
843 3431 1001 3504 quoslibet
1024 3431 1107 3488 cives
1123 3437 1152 3488 et
1168 3431 1305 3504 hospites
1323 3445 1358 3488 ac
1375 3435 1472 3486 totam
1489 3444 1573 3486 com-

312 3539 495 3597 munitatem
512 3539 683 3614 prescripte
698 3539 832 3596 civitatis
849 3538 962 3596 montis
978 3537 1162 3594 Grechensis
1178 3535 1209 3594 in
1226 3535 1334 3593 eadem
1351 3537 1475 3592 civitate
1493 3550 1579 3592 mon·

313 3647 351 3704 tis
369 3644 552 3704 Grechensis
568 3650 673 3702 contra
697 3651 879 3724 annotatum
895 3644 1069 3716 capitulum
1092 3643 1220 3700 ecclesie
1243 3641 1451 3714 zagrabiensis
1466 3641 1504 3698 ad
1529 3655 1579 3698 oc·

312 3760 400 3810 taras
416 3750 487 3810 testi
500 3751 583 3808 beati
599 3749 727 3822 Georgii
742 3750 877 3808 martiris
894 3755 966 3807 tunc
990 3753 1135 3807 venturas
1156 3749 1186 3806 in
1210 3749 1294 3821 regie
1317 3747 1488 3806 serenitatis
1504 3761 1576 3804 evo·

313 3863 431 3916 cassent
447 3857 650 3930 presenciam,
666 3857 822 3914 racionem
846 3855 884 3914 de
908 3855 1067 3928 premissis
1089 3853 1274 3912 reddituros.
1299 3853 1347 3910 Ad
1372 3852 1577 3927 quasquidem

312 3969 438 4021 octavas
460 3961 531 4021 festi
555 3962 637 4020 beati
660 3963 819 4021 Michaelis
842 3962 1027 4034 archangeli,
1043 3958 1105 4034 (sr'c)
1122 3960 1233 4034 prelati
1250 3963 1280 4018 in
1304 3975 1430 4018 causam
1453 3960 1575 4016 attracti

313 4084 369 4143 per
391 4073 571 4128 annotatum
595 4073 830 4143 procuratorem
853 4067 928 4126 dicti
951 4069 1081 4142 capituli
1111 4070 1142 4126 in
1173 4082 1305 4141 persona
1337 4066 1476 4124 eiusdem
1505 4081 1576 4124 con-

312 4175 398 4248 gruis
422 4174 532 4233 diebus
557 4175 697 4249 ipsarum
720 4179 903 4232 octavarum
927 4187 1033 4232 coram
1064 4173 1154 4232 nobis
1186 4174 1348 4247 expectati,
1379 4179 1517 4230 nostram
1549 4172 1579 4229 in

312 4281 505 4354 presenciam
528 4295 590 4340 non
611 4287 759 4338 venerant
781 4283 881 4353 neque
904 4281 1060 4351 miserant,
1084 4295 1117 4338 se
1139 4279 1348 4338 mediantibus
1372 4279 1442 4336 aliis
1465 4278 1577 4336 litteris

312 4387 426 4446 nostris
447 4385 619 4463 judiciariis
647 4385 758 4445 exinde
793 4385 940 4444 coniectis
968 4387 1000 4444 in
1021 4383 1137 4460 judicio
1160 4385 1325 4458 aggravari
1348 4385 1598 4459 permittentes;.

312 4494 474 4568 postulans
498 4492 637 4568 prelatus
668 4499 851 4566 procurator
874 4493 949 4550 dicti
972 4492 1109 4565 capituli,
1134 4491 1236 4550 eidem
1268 4507 1305 4548 ex
1341 4496 1429 4565 parte
1460 4504 1576 4548 memo-

311 4604 452 4668 ratorum
475 4599 507 4658 in
529 4612 653 4658 causam
677 4603 880 4658 attractorum
904 4614 960 4672 per
982 4613 1038 4656 nos
1061 4599 1093 4656 in
1116 4598 1277 4671 premissis
1301 4596 1376 4672 juris
1408 4598 1577 4670 equitatem

311 4705 461 4780 inpertiri.
484 4705 523 4763 Et
545 4705 618 4779 quia
642 4703 755 4780 prefati
778 4705 809 4762 in
832 4719 959 4762 causam
981 4705 1104 4764 attracti
1127 4704 1165 4762 ad
1191 4705 1341 4778 premissa
1369 4704 1437 4761 vice
1468 4719 1575 4762 secun·

313 4809 400 4870 daria
422 4810 576 4870 evocandi
599 4809 666 4870 sore
690 4810 750 4868 visi
773 4809 902 4881 fuerant,
918 4825 978 4884 pro
999 4825 1036 4867 eo
1052 4817 1189 4868 vestram
1207 4811 1381 4868 amiciciam
1396 4808 1579 4868 litteratorie

311 4917 505 4992 pecieramus
529 4915 702 4990 diligenter,
726 4921 878 4990 quatenus
901 4920 1042 4974 vestrum
1058 4916 1220 4974 mitteretis
1245 4915 1403 4974 hominem
1422 4929 1479 4989 pro
1496 4914 1580 4972 testi-

312 5023 417 5082 monio
440 5021 643 5096 fidedignum,
668 5036 730 5096 quo
753 5027 895 5096 presente
919 5022 1013 5079 homo
1037 5022 1140 5094 regius
1164 5021 1244 5080 intra
1268 5020 1483 5092 declarandus,
1515 5035 1579 5078 me·

1473 5122 1490 5160 ss
