3932 5806
690 595 765 656 Dor.
787 589 858 655 180.
881 630 924 640 -
947 597 1003 656 An.
1026 609 1115 676 1454„

875 807 962 874 180.

381 949 462 999 Anno
485 961 559 1017 1454.
580 961 603 1000 2.
620 948 695 1014 Julii.
715 947 811 1000 Cileae.

274 1075 304 1132 Α
325 1075 477 1133 Benedicta
499 1077 625 1150 episcopo
646 1076 837 1150 zagrabiensi,
852 1083 959 1150 poeno,
989 1095 1064 1150 quae
1085 1077 1115 1134 in
1138 1075 1286 1136 Slotrrkel
1298 1041 1540 1134 rarchidiaconum

590 1183 742 1240 comantia
765 1190 808 1240 est
827 1200 847 1239 a
869 1181 1003 1256 capitulo,
1025 1183 1224 1256 conprobatur.

380 1343 561 1402 Benedictus
584 1343 634 1402 dei
665 1349 695 1402 et
717 1344 888 1419 apostolice
911 1343 992 1402 sedis
1014 1345 1119 1418 gracia
1141 1345 1305 1420 episcopus
1329 1343 1456 1404 ecclesie
1488 1357 1538 1402 za-

274 1449 454 1523 grabiensis.
478 1449 689 1522 Venerabiles,
712 1450 802 1508 nobis
826 1450 858 1508 in
881 1448 1005 1508 Christo
1034 1450 1152 1510 sincere
1183 1449 1296 1510 dilecti.
1319 1447 1535 1510 Intelleximus

274 1555 460 1616 credenciali
483 1572 521 1614 ex
544 1556 761 1616 commissione
782 1555 957 1614 venerabili
978 1556 1048 1614 viro
1069 1557 1219 1631 magistro
1251 1556 1458 1631 sigismundo,
1490 1571 1539 1616 ar-

271 1661 452 1721 chidiacono
471 1661 663 1720 varasdiensi
679 1668 709 1720 et
728 1663 875 1722 canonico
897 1666 1002 1720 vestro
1025 1677 1082 1736 per
1104 1668 1224 1722 vestras
1247 1662 1431 1722 dilecciones
1447 1662 1538 1735 tacta,

272 1767 357 1843 quod
380 1769 519 1828 enormia
542 1773 573 1826 et
588 1769 709 1826 statutis
729 1769 841 1828 vestris
865 1772 895 1826 et
921 1769 1049 1828 ecclesie
1072 1775 1175 1828 nostre
1198 1769 1360 1829 dissonum
1376 1771 1408 1828 in
1431 1769 1535 1830 medlo

269 1875 367 1933 vestri
389 1879 576 1949 perpetrata,
600 1875 632 1932 in
654 1874 793 1936 sacristia
816 1873 969 1946 videlicet,
994 1876 1049 1934 ubi
1072 1876 1191 1934 bonum
1214 1877 1300 1950 pacis
1334 1883 1365 1935 et
1401 1876 1529 1936 ecclesie

270 1979 472 2039 commodum
494 1981 606 2039 merito
629 1979 762 2038 debeant
784 1983 966 2054 perpetrari,
990 1998 1050 2056 que
1073 1983 1179 2040 omnia
1212 1982 1394 2042 huiusmodi
1422 1983 1533 2042 illicita

270 2085 351 2145 iacta
382 2087 489 2160 utique
523 2086 563 2144 ad
597 2093 739 2146 nostrum
763 2092 793 2145 et
815 2093 954 2146 vestrum
977 2103 1039 2147 non
1062 2087 1174 2147 cedunt
1197 2089 1355 2162 honorem,
1378 2089 1477 2148 immo
1501 2089 1534 2147 in

268 2193 490 2252 detrimentum
519 2193 659 2269 ipsarum
682 2207 886 2268 personarum
909 2199 1094 2256 vestrarum.
1119 2193 1292 2270 Superinde
1314 2210 1370 2254 nos
1401 2195 1532 2269 requisi-

268 2299 357 2358 vistis
379 2300 599 2374 supplicantes,
630 2306 781 2375 quatenus
803 2300 983 2359 huiusmodi
1016 2315 1211 2376 gwerrarum
1243 2307 1273 2359 et
1304 2300 1533 2360 dissensionum

268 2406 450 2464 excitatores
466 2406 551 2464 iuxta
574 2411 689 2466 statuta
711 2408 795 2466 alme
806 2407 934 2466 ecclesie
948 2413 1061 2480 nostre,
1084 2406 1204 2466 dudum
1220 2423 1238 2466 a
1253 2408 1368 2466 sanctis
1389 2407 1531 2482 patribus

267 2511 409 2586 sanccita,
425 2512 573 2587 puniendi
588 2512 725 2572 adinstar
740 2513 963 2573 demeritorum
979 2515 1170 2587 qualitatem,
1186 2514 1277 2572 vobis
1293 2511 1531 2573 concederemus

267 2618 457 2677 facultatem.
480 2616 540 2676 Sed
557 2617 630 2692 quia
647 2634 719 2677 cum
734 2633 790 2677 nos
805 2635 930 2693 semper
952 2619 1154 2678 commodum
1175 2625 1205 2678 et
1229 2619 1380 2678 honorem
1403 2619 1531 2678 ecclesie

267 2723 404 2798 predicte
425 2729 529 2782 nostre
552 2723 672 2782 fervide
695 2724 914 2796 desideremus,
930 2726 976 2783 uti
990 2725 1171 2798 obligamur
1193 2729 1223 2783 et
1246 2724 1405 2797 debemus,
1429 2725 1527 2785 immo

265 2831 338 2914 totis
360 2830 521 2888 conatibus
552 2831 730 2890 huiusmodi
754 2831 882 2890 utilitati
905 2831 1047 2889 resistere
1070 2831 1257 2902 volentibus,
1281 2846 1336 2889 nos
1372 2845 1530 2906 opponere

222 2931 225 2940 '
265 2936 423 2996 debemus.
447 2936 567 2996 Idcirco
597 2943 738 2996 nostrum
762 2937 946 2996 benivolum
968 2951 1154 2995 consensum
1176 2937 1294 3011 pariter
1315 2941 1345 2995 et
1368 2952 1529 2996 assensum

264 3043 344 3102 sicut
366 3044 533 3120 perprius
555 3044 598 3102 ita
619 3060 658 3103 ex
680 3060 761 3102 nune
785 3059 842 3119 per
864 3047 1021 3118 presentes
1037 3043 1129 3101 vobis
1152 3041 1264 3101 damus
1287 3047 1317 3101 et
1332 3042 1530 3102 concedimus

264 3149 444 3208 huiusmodi
478 3165 655 3208 excessores
687 3149 860 3209 secundum
890 3165 1072 3208 excessuum
1107 3148 1291 3222 qualitatem
1326 3148 1418 3223 digne
1440 3149 1530 3223 puni·

263 3254 359 3312 endos
383 3261 412 3314 et
428 3255 595 3330 penandos,
612 3255 748 3314 formam
763 3254 841 3332 juris
864 3261 894 3314 et
920 3255 1063 3313 ordinem
1079 3260 1267 3315 statutorum
1291 3254 1528 3336 observandam,

263 3365 298 3418 ut
320 3361 376 3419 alii
406 3361 517 3420 exinde
539 3362 710 3435 exemplati
735 3361 880 3435 deinceps
904 3360 1103 3434 gravioribus
1125 3360 1329 3434 precludatur
1351 3361 1403 3418 via
1430 3359 1530 3418 delin-

264 3467 388 3540 quendi,
413 3473 507 3541 prout
529 3469 596 3542 ipse
620 3466 764 3526 dominus
787 3466 1004 3541 sigismundus
1028 3466 1262 3524 archidiaconus
1284 3465 1323 3524 de
1357 3471 1462 3524 nostra
1483 3468 1528 3525 in·

262 3574 402 3632 tencione
425 3573 543 3632 eisdem
565 3574 678 3632 vestris
702 3573 948 3633 fraternitatibus
971 3573 1086 3631 clarius
1109 3571 1232 3631 referet.
1257 3573 1374 3630 Datum
1397 3572 1479 3631 Cilie
1495 3574 1526 3631 in

262 3678 340 3738 testo
363 3680 552 3738 visitacionis
575 3679 666 3738 beate
689 3680 785 3737 Marie
816 3679 952 3753 virginis.
977 3683 1068 3738 Anno
1091 3679 1211 3738 domini
1245 3678 1461 3738 MCCCCLIV.
1486 3707 1529 3720 -

261 3784 504 3843 venerabilibus
528 3786 613 3858 viris,
633 3785 769 3843 dominis
784 3784 973 3860 decapitulo
988 3786 1117 3844 ecclesie
1139 3785 1357 3858 zagrabiensis‚
1380 3784 1528 3854 tratribus

263 3892 378 3949 nostris
400 3891 433 3949 in
456 3875 580 3949 Christo
603 3892 721 3950 sincere
744 3889 873 3950 dilectis.

331 4011 390 4072 Ego
400 4009 515 4059 Michael
528 4007 607 4060 Salalr
617 4010 649 4058 de
659 4009 829 4073 Krainburga
838 4009 958 4074 publicus
970 4009 1098 4076 imperiali
1111 4010 1263 4059 auctoritate
1272 4009 1394 4068 notarius,
1405 4009 1529 4074 vigesima

261 4099 340 4147 tercia
358 4098 401 4147 die
419 4098 515 4146 mensis
534 4097 685 4155 decembris,
704 4097 825 4147 videlicet
843 4099 907 4147 teria
919 4100 998 4148 tercia
1010 4099 1127 4164 proxima
1140 4105 1199 4147 ante
1212 4099 1307 4148 testum
1319 4098 1461 4147 nativitatis
1474 4099 1527 4148 Do-

259 4186 323 4236 mini
332 4185 471 4236 millesimo
482 4186 736 4250 quadringentesimo
750 4187 963 4251 quinquagesimo
973 4188 1064 4251 quinto
1076 4189 1144 4237 iacta
1154 4195 1193 4236 est
1202 4186 1335 4236 absolucio
1344 4202 1391 4250 per
1400 4185 1528 4248 quendam

258 4274 432 4325 venerabilem
450 4276 533 4324 virum
551 4275 684 4324 dominum
703 4275 878 4339 Wymandum
896 4277 1017 4326 abbatem
1041 4277 1190 4326 monasterii
1208 4276 1283 4324 beate
1307 4274 1390 4324 Marie
1409 4273 1527 4339 virginis,

259 4363 441 4428 zagrabiensis‚
460 4379 547 4413 eoram
565 4363 697 4428 preposito
715 4369 741 4410 et
761 4363 874 4427 capitulo
892 4366 974 4429 ipsius
993 4364 1101 4414 ecclesie
1119 4364 1293 4429 zagrabiensis
1308 4379 1324 4412 a
1336 4362 1448 4426 quodam
1459 4363 1527 4428 jnra-

259 4458 346 4502 mento
365 4451 461 4502 vallato
479 4453 507 4501 in
527 4451 675 4500 exclusione
693 4450 848 4500 venerabilis
871 4454 920 4502 viri
944 4455 1041 4503 domini
1067 4455 1138 4504 Petri
1161 4454 1194 4502 de
1219 4453 1335 4502 Dubiezn
1359 4458 1384 4500 et
1409 4451 1527 4500 canonici

260 4539 369 4590 ecclesie
388 4540 561 4605 zagrabiensis
580 4541 682 4588 racione
701 4541 869 4603 quarumdam
887 4539 1030 4590 litterarum
1048 4541 1227 4605 sigillatamm,
1240 4548 1267 4590 ut
1280 4557 1366 4606 supra,
1379 4540 1406 4588 in
1419 4540 1527 4603 registro

259 4636 471 4694 prenarratarum.
490 4627 658 4678 Presentibus
676 4629 774 4677 ibidem
784 4625 909 4678 'discretis
927 4630 999 4688 viris,
1017 4630 1141 4680 dominis:
1158 4629 1249 4688 Paulo,
1267 4629 1332 4678 alias
1351 4629 1456 4685 decano,
1476 4627 1527 4684 Al,-

259 4718 333 4767 berto
351 4717 460 4776 Polono,
480 4717 582 4766 Mathia
600 4717 713 4774 sacrista,
727 4717 904 4782 prebendariis
924 4717 996 4767 chori
1014 4718 1195 4782 zagrabiensis‚
1214 4719 1250 4766 Et
1267 4717 1364 4766 ibidem
1383 4717 1481 4766 domini
1494 4716 1527 4764 de

258 4805 373 4871 capitulo
392 4805 568 4871 plenissimam
582 4805 697 4856 iecerunt
716 4807 835 4869 graciam,
854 4807 925 4870 qnod
943 4806 1053 4872 amplius
1072 4806 1182 4854 eundem
1195 4805 1329 4854 occasione
1343 4806 1527 4869 premissorum

257 4894 404 4944 nullatenus
423 4894 597 4945 molestantur.
618 4919 650 4931 -
671 4893 785 4942 Michael
804 4910 880 4944 manu
900 4896 1010 4960 propria,
1028 4896 1153 4946 notarius.

362 5071 441 5120 Liber
460 5072 555 5121 rubeus
574 5087 630 5120 ven.
651 5070 727 5135 Capit
755 5071 855 5134 zagrab.
874 5072 906 5119 In
926 5071 1020 5122 archiv.
1040 5072 1099 5122 incl.
1120 5071 1199 5121 Acod.
1213 5071 1307 5119 Solent.
1323 5069 1422 5122 Slavor.
1434 5069 1524 5118 rnerid.

1418 5160 1436 5196 2
