<?xml version="1.0" encoding="UTF-8"?>
<!DOCTYPE html PUBLIC "-//W3C//DTD XHTML 1.0 Transitional//EN"
    "http://www.w3.org/TR/xhtml1/DTD/xhtml1-transitional.dtd">
<html xmlns="http://www.w3.org/1999/xhtml" xml:lang="en" lang="en">
 <head>
  <title>
</title>
<meta http-equiv="Content-Type" content="text/html;charset=utf-8" />
  <meta name='ocr-system' content='tesseract 3.04.00' />
  <meta name='ocr-capabilities' content='ocr_page ocr_carea ocr_par ocr_line ocrx_word'/>
</head>
<body>
  <div class='ocr_page' id='page_1' title='image "./monumentahistor20laszgoog_0618.png"; bbox 0 0 3828 5822; ppageno 0'>
   <div class='ocr_carea' id='block_1_1' title="bbox 659 562 1500 640">
    <p class='ocr_par' dir='ltr' id='par_1_1' title="bbox 659 513 1500 640">
     <span class='ocr_line' id='line_1_1' title="bbox 659 562 1500 640; baseline -0.002 -18"><span class='ocrx_word' id='word_1_1' title='bbox 659 565 732 622; x_wconf 77' lang='lat' dir='ltr'><strong>Dec.</strong></span> <span class='ocrx_word' id='word_1_2' title='bbox 756 577 827 639; x_wconf 86' lang='lat'><strong>292.</strong></span> <span class='ocrx_word' id='word_1_3' title='bbox 852 596 892 606; x_wconf 94' lang='lat'><em>-</em></span> <span class='ocrx_word' id='word_1_4' title='bbox 917 563 974 621; x_wconf 87' lang='lat' dir='ltr'><strong>An.</strong></span> <span class='ocrx_word' id='word_1_5' title='bbox 1000 571 1087 640; x_wconf 77' lang='lat'><em>1473.</em></span> <span class='ocrx_word' id='word_1_6' title='bbox 1442 562 1500 637; x_wconf 84' lang='lat'><strong>361</strong></span> 
     </span>
    </p>
   </div>
   <div class='ocr_carea' id='block_1_2' title="bbox 230 775 1507 2231">
    <p class='ocr_par' dir='ltr' id='par_1_2' title="bbox 230 775 1507 1913">
     <span class='ocr_line' id='line_1_2' title="bbox 239 775 1505 862; baseline -0.005 -20"><span class='ocrx_word' id='word_1_7' title='bbox 239 783 401 843; x_wconf 90' lang='lat' dir='ltr'><strong>Grecensis</strong></span> <span class='ocrx_word' id='word_1_8' title='bbox 424 781 464 839; x_wconf 88' lang='lat' dir='ltr'><strong>de</strong></span> <span class='ocrx_word' id='word_1_9' title='bbox 485 782 571 839; x_wconf 89' lang='lat' dir='ltr'><strong>iuxta</strong></span> <span class='ocrx_word' id='word_1_10' title='bbox 595 780 790 854; x_wconf 90' lang='lat' dir='ltr'><strong>Zagrabiam,</strong></span> <span class='ocrx_word' id='word_1_11' title='bbox 814 785 920 838; x_wconf 91' lang='lat' dir='ltr'><strong>contra</strong></span> <span class='ocrx_word' id='word_1_12' title='bbox 944 779 1146 854; x_wconf 85' lang='lat' dir='ltr'><strong>magnificum</strong></span> <span class='ocrx_word' id='word_1_13' title='bbox 1168 775 1342 862; x_wconf 88' lang='lat' dir='ltr'><strong>Johannem</strong></span> <span class='ocrx_word' id='word_1_14' title='bbox 1364 778 1450 836; x_wconf 87' lang='lat' dir='ltr'><strong>Thuz</strong></span> <span class='ocrx_word' id='word_1_15' title='bbox 1467 777 1505 836; x_wconf 92' lang='lat' dir='ltr'><strong>de</strong></span> 
     </span>
     <span class='ocr_line' id='line_1_3' title="bbox 239 886 1507 961; baseline -0.003 -13"><span class='ocrx_word' id='word_1_16' title='bbox 239 890 305 948; x_wconf 87' lang='lat' dir='ltr'><strong>Lalr</strong></span> <span class='ocrx_word' id='word_1_17' title='bbox 339 891 425 948; x_wconf 85' lang='lat' dir='ltr'><strong>iuxta</strong></span> <span class='ocrx_word' id='word_1_18' title='bbox 458 888 682 946; x_wconf 80' lang='lat' dir='ltr'><strong>continenciam</strong></span> <span class='ocrx_word' id='word_1_19' title='bbox 706 888 880 946; x_wconf 87' lang='lat' dir='ltr'><strong>litterarum</strong></span> <span class='ocrx_word' id='word_1_20' title='bbox 905 893 1082 946; x_wconf 90' lang='lat' dir='ltr'><strong>nostrarum</strong></span> <span class='ocrx_word' id='word_1_21' title='bbox 1103 886 1390 961; x_wconf 89' lang='lat' dir='ltr'><strong>prorogatoriarum</strong></span> <span class='ocrx_word' id='word_1_22' title='bbox 1412 901 1507 960; x_wconf 88' lang='lat' dir='ltr'><strong>super</strong></span> 
     </span>
     <span class='ocr_line' id='line_1_4' title="bbox 230 991 1505 1072; baseline -0.005 -18"><span class='ocrx_word' id='word_1_23' title='bbox 230 995 323 1072; x_wconf 85' lang='lat' dir='ltr'><strong>¹iacto</strong></span> <span class='ocrx_word' id='word_1_24' title='bbox 354 994 620 1066; x_wconf 89' lang='lat' dir='ltr'><strong>contradiccionis,</strong></span> <span class='ocrx_word' id='word_1_25' title='bbox 644 994 818 1052; x_wconf 83' lang='lat' dir='ltr'><strong>statutionis</strong></span> <span class='ocrx_word' id='word_1_26' title='bbox 849 994 1094 1067; x_wconf 88' lang='lat' dir='ltr'><strong>possessionum:</strong></span> <span class='ocrx_word' id='word_1_27' title='bbox 1124 991 1262 1065; x_wconf 87' lang='lat' dir='ltr'><strong>Dedych,</strong></span> <span class='ocrx_word' id='word_1_28' title='bbox 1288 991 1505 1063; x_wconf 89' lang='lat' dir='ltr'><strong>Chernomerz‚</strong></span> 
     </span>
     <span class='ocr_line' id='line_1_5' title="bbox 238 1097 1506 1174; baseline -0.005 -13"><span class='ocrx_word' id='word_1_29' title='bbox 238 1101 359 1174; x_wconf 86' lang='lat' dir='ltr'><strong>Bythelr</strong></span> <span class='ocrx_word' id='word_1_30' title='bbox 382 1106 413 1159; x_wconf 90' lang='lat' dir='ltr'><strong>et</strong></span> <span class='ocrx_word' id='word_1_31' title='bbox 437 1099 555 1158; x_wconf 88' lang='lat' dir='ltr'><strong>Nowalr</strong></span> <span class='ocrx_word' id='word_1_32' title='bbox 587 1101 713 1171; x_wconf 84' lang='lat' dir='ltr'><strong>vocatis,</strong></span> <span class='ocrx_word' id='word_1_33' title='bbox 736 1105 765 1157; x_wconf 86' lang='lat' dir='ltr'><strong>et</strong></span> <span class='ocrx_word' id='word_1_34' title='bbox 796 1100 923 1174; x_wconf 90' lang='lat' dir='ltr'><strong>insuper</strong></span> <span class='ocrx_word' id='word_1_35' title='bbox 946 1099 1107 1157; x_wconf 89' lang='lat' dir='ltr'><strong>cuiusdam</strong></span> <span class='ocrx_word' id='word_1_36' title='bbox 1130 1098 1203 1156; x_wconf 91' lang='lat' dir='ltr'><strong>vadi</strong></span> <span class='ocrx_word' id='word_1_37' title='bbox 1226 1097 1373 1170; x_wconf 85' lang='lat' dir='ltr'><strong>Kyralew</strong></span> <span class='ocrx_word' id='word_1_38' title='bbox 1395 1098 1506 1168; x_wconf 88' lang='lat' dir='ltr'><strong>vocati,</strong></span> 
     </span>
     <span class='ocr_line' id='line_1_6' title="bbox 238 1203 1506 1287; baseline -0.005 -19"><span class='ocrx_word' id='word_1_39' title='bbox 238 1210 272 1268; x_wconf 93' lang='lat' dir='ltr'><strong>in</strong></span> <span class='ocrx_word' id='word_1_40' title='bbox 294 1209 390 1267; x_wconf 86' lang='lat' dir='ltr'><strong>iluvio</strong></span> <span class='ocrx_word' id='word_1_41' title='bbox 414 1207 505 1264; x_wconf 86' lang='lat' dir='ltr'><strong>Zawe</strong></span> <span class='ocrx_word' id='word_1_42' title='bbox 527 1208 636 1278; x_wconf 85' lang='lat' dir='ltr'><strong>habiti,</strong></span> <span class='ocrx_word' id='word_1_43' title='bbox 660 1207 691 1266; x_wconf 93' lang='lat' dir='ltr'><strong>in</strong></span> <span class='ocrx_word' id='word_1_44' title='bbox 715 1207 911 1280; x_wconf 88' lang='lat' dir='ltr'><strong>presentibus</strong></span> <span class='ocrx_word' id='word_1_45' title='bbox 934 1206 1051 1264; x_wconf 85' lang='lat' dir='ltr'><strong>octavis</strong></span> <span class='ocrx_word' id='word_1_46' title='bbox 1077 1205 1147 1264; x_wconf 87' lang='lat' dir='ltr'><strong>iesti</strong></span> <span class='ocrx_word' id='word_1_47' title='bbox 1177 1205 1260 1262; x_wconf 87' lang='lat' dir='ltr'><strong>beati</strong></span> <span class='ocrx_word' id='word_1_48' title='bbox 1290 1203 1400 1287; x_wconf 91' lang='lat' dir='ltr'><strong>Jacobi</strong></span> <span class='ocrx_word' id='word_1_49' title='bbox 1429 1218 1506 1277; x_wconf 89' lang='lat' dir='ltr'><strong>apo-</strong></span> 
     </span>
     <span class='ocr_line' id='line_1_7' title="bbox 238 1307 1506 1386; baseline -0.005 -12"><span class='ocrx_word' id='word_1_50' title='bbox 238 1315 311 1374; x_wconf 91' lang='lat' dir='ltr'><strong>stoli</strong></span> <span class='ocrx_word' id='word_1_51' title='bbox 334 1315 366 1372; x_wconf 89' lang='lat' dir='ltr'><strong>in</strong></span> <span class='ocrx_word' id='word_1_52' title='bbox 398 1313 471 1372; x_wconf 90' lang='lat' dir='ltr'><strong>sede</strong></span> <span class='ocrx_word' id='word_1_53' title='bbox 505 1313 697 1386; x_wconf 89' lang='lat' dir='ltr'><strong>zagrabiensi</strong></span> <span class='ocrx_word' id='word_1_54' title='bbox 727 1327 855 1370; x_wconf 86' lang='lat' dir='ltr'><strong>movere</strong></span> <span class='ocrx_word' id='word_1_55' title='bbox 885 1312 1042 1370; x_wconf 87' lang='lat' dir='ltr'><strong>habebant</strong></span> <span class='ocrx_word' id='word_1_56' title='bbox 1073 1325 1178 1369; x_wconf 89' lang='lat' dir='ltr'><strong>coram</strong></span> <span class='ocrx_word' id='word_1_57' title='bbox 1201 1310 1299 1381; x_wconf 91' lang='lat' dir='ltr'><strong>nobis,</strong></span> <span class='ocrx_word' id='word_1_58' title='bbox 1322 1307 1506 1368; x_wconf 88' lang='lat' dir='ltr'><strong>racionabili</strong></span> 
     </span>
     <span class='ocr_line' id='line_1_8' title="bbox 239 1415 1505 1489; baseline -0.005 -11"><span class='ocrx_word' id='word_1_59' title='bbox 239 1419 277 1478; x_wconf 91' lang='lat' dir='ltr'><strong>de</strong></span> <span class='ocrx_word' id='word_1_60' title='bbox 301 1434 392 1477; x_wconf 88' lang='lat' dir='ltr'><strong>causa</strong></span> <span class='ocrx_word' id='word_1_61' title='bbox 415 1418 454 1476; x_wconf 90' lang='lat' dir='ltr'><strong>ad</strong></span> <span class='ocrx_word' id='word_1_62' title='bbox 479 1427 606 1475; x_wconf 90' lang='lat' dir='ltr'><strong>octavas</strong></span> <span class='ocrx_word' id='word_1_63' title='bbox 629 1417 700 1476; x_wconf 84' lang='lat' dir='ltr'><strong>festi</strong></span> <span class='ocrx_word' id='word_1_64' title='bbox 732 1418 814 1476; x_wconf 88' lang='lat' dir='ltr'><strong>beati</strong></span> <span class='ocrx_word' id='word_1_65' title='bbox 844 1417 1003 1476; x_wconf 87' lang='lat' dir='ltr'><strong>Michaelis</strong></span> <span class='ocrx_word' id='word_1_66' title='bbox 1034 1415 1211 1489; x_wconf 84' lang='lat' dir='ltr'><strong>archangeli</strong></span> <span class='ocrx_word' id='word_1_67' title='bbox 1240 1431 1321 1473; x_wconf 91' lang='lat' dir='ltr'><strong>nunc</strong></span> <span class='ocrx_word' id='word_1_68' title='bbox 1351 1419 1505 1487; x_wconf 82' lang='lat' dir='ltr'><strong>venturas,</strong></span> 
     </span>
     <span class='ocr_line' id='line_1_9' title="bbox 239 1520 1505 1597; baseline -0.005 -14"><span class='ocrx_word' id='word_1_69' title='bbox 239 1533 320 1583; x_wconf 90' lang='lat' dir='ltr'><strong>statu</strong></span> <span class='ocrx_word' id='word_1_70' title='bbox 350 1526 382 1584; x_wconf 93' lang='lat' dir='ltr'><strong>in</strong></span> <span class='ocrx_word' id='word_1_71' title='bbox 414 1523 524 1582; x_wconf 89' lang='lat' dir='ltr'><strong>eodem</strong></span> <span class='ocrx_word' id='word_1_72' title='bbox 556 1523 702 1582; x_wconf 89' lang='lat' dir='ltr'><strong>duximus</strong></span> <span class='ocrx_word' id='word_1_73' title='bbox 732 1522 970 1597; x_wconf 85' lang='lat' dir='ltr'><strong>prorogandam.</strong></span> <span class='ocrx_word' id='word_1_74' title='bbox 1000 1522 1158 1580; x_wconf 90' lang='lat' dir='ltr'><strong>Presentes</strong></span> <span class='ocrx_word' id='word_1_75' title='bbox 1186 1527 1291 1579; x_wconf 87' lang='lat' dir='ltr'><strong>autem</strong></span> <span class='ocrx_word' id='word_1_76' title='bbox 1321 1520 1432 1592; x_wconf 90' lang='lat' dir='ltr'><strong>sigillis</strong></span> <span class='ocrx_word' id='word_1_77' title='bbox 1455 1534 1505 1578; x_wconf 91' lang='lat' dir='ltr'><strong>co-</strong></span> 
     </span>
     <span class='ocr_line' id='line_1_10' title="bbox 242 1625 1506 1702; baseline -0.004 -13"><span class='ocrx_word' id='word_1_78' title='bbox 242 1631 352 1689; x_wconf 90' lang='lat' dir='ltr'><strong>mitum</strong></span> <span class='ocrx_word' id='word_1_79' title='bbox 375 1635 555 1688; x_wconf 88' lang='lat' dir='ltr'><strong>nostrorum</strong></span> <span class='ocrx_word' id='word_1_80' title='bbox 586 1629 834 1702; x_wconf 90' lang='lat' dir='ltr'><strong>zagrabiensium</strong></span> <span class='ocrx_word' id='word_1_81' title='bbox 865 1628 995 1687; x_wconf 81' lang='lat' dir='ltr'><strong>fecimus</strong></span> <span class='ocrx_word' id='word_1_82' title='bbox 1019 1627 1200 1700; x_wconf 90' lang='lat' dir='ltr'><strong>consignari.</strong></span> <span class='ocrx_word' id='word_1_83' title='bbox 1222 1627 1339 1684; x_wconf 89' lang='lat' dir='ltr'><strong>Datum</strong></span> <span class='ocrx_word' id='word_1_84' title='bbox 1355 1625 1506 1698; x_wconf 89' lang='lat' dir='ltr'><strong>Zagrabie</strong></span> 
     </span>
     <span class='ocr_line' id='line_1_11' title="bbox 242 1731 1504 1813; baseline -0.005 -19"><span class='ocrx_word' id='word_1_85' title='bbox 242 1737 393 1810; x_wconf 86' lang='lat' dir='ltr'><strong>vigesimo</strong></span> <span class='ocrx_word' id='word_1_86' title='bbox 428 1741 539 1809; x_wconf 91' lang='lat' dir='ltr'><strong>quarto</strong></span> <span class='ocrx_word' id='word_1_87' title='bbox 570 1735 619 1793; x_wconf 90' lang='lat' dir='ltr'><strong>die</strong></span> <span class='ocrx_word' id='word_1_88' title='bbox 651 1740 832 1793; x_wconf 86' lang='lat' dir='ltr'><strong>octavarum</strong></span> <span class='ocrx_word' id='word_1_89' title='bbox 863 1733 932 1792; x_wconf 81' lang='lat' dir='ltr'><strong>festi</strong></span> <span class='ocrx_word' id='word_1_90' title='bbox 955 1733 1038 1791; x_wconf 86' lang='lat' dir='ltr'><strong>beati</strong></span> <span class='ocrx_word' id='word_1_91' title='bbox 1060 1733 1169 1813; x_wconf 88' lang='lat' dir='ltr'><strong>Jacobi</strong></span> <span class='ocrx_word' id='word_1_92' title='bbox 1193 1732 1329 1806; x_wconf 86' lang='lat' dir='ltr'><strong>apostoli</strong></span> <span class='ocrx_word' id='word_1_93' title='bbox 1351 1731 1504 1805; x_wconf 86' lang='lat' dir='ltr'><strong>predicta·</strong></span> 
     </span>
     <span class='ocr_line' id='line_1_12' title="bbox 243 1837 1503 1913; baseline -0.005 -13"><span class='ocrx_word' id='word_1_94' title='bbox 243 1859 322 1901; x_wconf 91' lang='lat' dir='ltr'><strong>rum.</strong></span> <span class='ocrx_word' id='word_1_95' title='bbox 347 1843 437 1900; x_wconf 87' lang='lat' dir='ltr'><strong>Anno</strong></span> <span class='ocrx_word' id='word_1_96' title='bbox 460 1840 579 1898; x_wconf 90' lang='lat' dir='ltr'><strong>domini</strong></span> <span class='ocrx_word' id='word_1_97' title='bbox 602 1840 771 1898; x_wconf 90' lang='lat' dir='ltr'><strong>millesimo</strong></span> <span class='ocrx_word' id='word_1_98' title='bbox 803 1838 1107 1913; x_wconf 89' lang='lat' dir='ltr'><strong>quadringentesimo</strong></span> <span class='ocrx_word' id='word_1_99' title='bbox 1138 1837 1369 1912; x_wconf 84' lang='lat' dir='ltr'><strong>septuagesimo</strong></span> <span class='ocrx_word' id='word_1_100' title='bbox 1399 1837 1503 1896; x_wconf 79' lang='lat' dir='ltr'><strong>tercio</strong></span> 
     </span>
    </p>

    <p class='ocr_par' dir='ltr' id='par_1_3' title="bbox 239 1943 1506 2231">
     <span class='ocr_line' id='line_1_13' title="bbox 347 1943 1506 2022; baseline 0.001 -21"><span class='ocrx_word' id='word_1_101' title='bbox 347 1952 389 2018; x_wconf 88' lang='lat' dir='ltr'><strong>(A</strong></span> <span class='ocrx_word' id='word_1_102' title='bbox 409 1951 506 2017; x_wconf 84' lang='lat' dir='ltr'><strong>tergo.)</strong></span> <span class='ocrx_word' id='word_1_103' title='bbox 530 1947 591 2005; x_wconf 90' lang='lat' dir='ltr'><strong>Pro</strong></span> <span class='ocrx_word' id='word_1_104' title='bbox 615 1947 854 2022; x_wconf 84' lang='lat' dir='ltr'><strong>circumspectis,</strong></span> <span class='ocrx_word' id='word_1_105' title='bbox 877 1945 986 2018; x_wconf 88' lang='lat' dir='ltr'><strong>iudice,</strong></span> <span class='ocrx_word' id='word_1_106' title='bbox 1009 1945 1117 2003; x_wconf 87' lang='lat' dir='ltr'><strong>iuratis</strong></span> <span class='ocrx_word' id='word_1_107' title='bbox 1140 1960 1176 2001; x_wconf 91' lang='lat' dir='ltr'><strong>ac</strong></span> <span class='ocrx_word' id='word_1_108' title='bbox 1198 1944 1267 2002; x_wconf 89' lang='lat' dir='ltr'><strong>aliis</strong></span> <span class='ocrx_word' id='word_1_109' title='bbox 1290 1944 1411 2002; x_wconf 90' lang='lat' dir='ltr'><strong>civibus</strong></span> <span class='ocrx_word' id='word_1_110' title='bbox 1430 1943 1506 2002; x_wconf 85' lang='lat' dir='ltr'><strong>ciri·</strong></span> 
     </span>
     <span class='ocr_line' id='line_1_14' title="bbox 239 2048 1505 2136; baseline -0.006 -22"><span class='ocrx_word' id='word_1_111' title='bbox 239 2056 310 2114; x_wconf 91' lang='lat' dir='ltr'><strong>tatis</strong></span> <span class='ocrx_word' id='word_1_112' title='bbox 334 2057 448 2114; x_wconf 90' lang='lat' dir='ltr'><strong>montis</strong></span> <span class='ocrx_word' id='word_1_113' title='bbox 471 2054 633 2114; x_wconf 88' lang='lat' dir='ltr'><strong>Grecensis</strong></span> <span class='ocrx_word' id='word_1_114' title='bbox 657 2061 762 2112; x_wconf 88' lang='lat' dir='ltr'><strong>contra</strong></span> <span class='ocrx_word' id='word_1_115' title='bbox 785 2051 987 2126; x_wconf 88' lang='lat' dir='ltr'><strong>magnificum</strong></span> <span class='ocrx_word' id='word_1_116' title='bbox 1008 2052 1180 2136; x_wconf 90' lang='lat' dir='ltr'><strong>Johannem</strong></span> <span class='ocrx_word' id='word_1_117' title='bbox 1204 2050 1289 2108; x_wconf 88' lang='lat' dir='ltr'><strong>Thuz</strong></span> <span class='ocrx_word' id='word_1_118' title='bbox 1313 2049 1351 2107; x_wconf 90' lang='lat' dir='ltr'><strong>de</strong></span> <span class='ocrx_word' id='word_1_119' title='bbox 1377 2049 1443 2108; x_wconf 89' lang='lat' dir='ltr'><strong>Lak</strong></span> <span class='ocrx_word' id='word_1_120' title='bbox 1465 2048 1505 2108; x_wconf 90' lang='lat' dir='ltr'><strong>ad</strong></span> 
     </span>
     <span class='ocr_line' id='line_1_15' title="bbox 239 2156 1505 2231; baseline -0.002 -13"><span class='ocrx_word' id='word_1_121' title='bbox 239 2165 364 2219; x_wconf 87' lang='lat' dir='ltr'><strong>octavas</strong></span> <span class='ocrx_word' id='word_1_122' title='bbox 387 2160 458 2220; x_wconf 84' lang='lat' dir='ltr'><strong>festi</strong></span> <span class='ocrx_word' id='word_1_123' title='bbox 488 2161 572 2220; x_wconf 89' lang='lat' dir='ltr'><strong>beati</strong></span> <span class='ocrx_word' id='word_1_124' title='bbox 602 2160 762 2218; x_wconf 86' lang='lat' dir='ltr'><strong>Michaelis</strong></span> <span class='ocrx_word' id='word_1_125' title='bbox 791 2159 978 2231; x_wconf 85' lang='lat' dir='ltr'><strong>archangeli,</strong></span> <span class='ocrx_word' id='word_1_126' title='bbox 1000 2174 1081 2216; x_wconf 92' lang='lat' dir='ltr'><strong>nunc</strong></span> <span class='ocrx_word' id='word_1_127' title='bbox 1105 2163 1258 2228; x_wconf 88' lang='lat' dir='ltr'><strong>venturas,</strong></span> <span class='ocrx_word' id='word_1_128' title='bbox 1283 2156 1505 2231; x_wconf 88' lang='lat' dir='ltr'><strong>prorogatorie.</strong></span> 
     </span>
    </p>
   </div>
   <div class='ocr_carea' id='block_1_3' title="bbox 238 2309 1504 2468">
    <p class='ocr_par' dir='ltr' id='par_1_4' title="bbox 238 2309 1504 2468">
     <span class='ocr_line' id='line_1_16' title="bbox 344 2309 1504 2380; baseline -0.004 -16"><span class='ocrx_word' id='word_1_129' title='bbox 344 2314 478 2380; x_wconf 84' lang='lat' dir='ltr'><strong>Originale</strong></span> <span class='ocrx_word' id='word_1_130' title='bbox 505 2317 533 2364; x_wconf 85' lang='lat' dir='ltr'><strong>in</strong></span> <span class='ocrx_word' id='word_1_131' title='bbox 557 2314 652 2367; x_wconf 86' lang='lat' dir='ltr'><strong>charta.</strong></span> <span class='ocrx_word' id='word_1_132' title='bbox 680 2315 770 2364; x_wconf 87' lang='lat' dir='ltr'><strong>Trium</strong></span> <span class='ocrx_word' id='word_1_133' title='bbox 799 2313 944 2378; x_wconf 88' lang='lat' dir='ltr'><strong>sigillorum</strong></span> <span class='ocrx_word' id='word_1_134' title='bbox 971 2313 1080 2376; x_wconf 79' lang='lat' dir='ltr'><strong>vestigia</strong></span> <span class='ocrx_word' id='word_1_135' title='bbox 1100 2312 1190 2363; x_wconf 85' lang='lat' dir='ltr'><strong>solum.</strong></span> <span class='ocrx_word' id='word_1_136' title='bbox 1219 2313 1251 2360; x_wconf 88' lang='lat' dir='ltr'><strong>Iu</strong></span> <span class='ocrx_word' id='word_1_137' title='bbox 1270 2311 1366 2361; x_wconf 82' lang='lat' dir='ltr'><strong>archiv.</strong></span> <span class='ocrx_word' id='word_1_138' title='bbox 1384 2309 1431 2362; x_wconf 91' lang='lat' dir='ltr'><strong>lib.</strong></span> <span class='ocrx_word' id='word_1_139' title='bbox 1450 2326 1504 2374; x_wconf 86' lang='lat' dir='ltr'><strong>reg.</strong></span> 
     </span>
     <span class='ocr_line' id='line_1_17' title="bbox 238 2403 428 2468; baseline 0.011 -16"><span class='ocrx_word' id='word_1_140' title='bbox 238 2403 307 2452; x_wconf 85' lang='lat' dir='ltr'><strong>civit.</strong></span> <span class='ocrx_word' id='word_1_141' title='bbox 326 2403 428 2468; x_wconf 82' lang='lat' dir='ltr'><strong>zagrab.</strong></span> 
     </span>
    </p>
   </div>
   <div class='ocr_carea' id='block_1_4' title="bbox 833 2579 919 2646">
    <p class='ocr_par' dir='ltr' id='par_1_5' title="bbox 833 2579 919 2646">
     <span class='ocr_line' id='line_1_18' title="bbox 833 2579 919 2646; baseline -0.047 0"><span class='ocrx_word' id='word_1_142' title='bbox 833 2579 919 2646; x_wconf 84' lang='lat'><strong>292.</strong></span> 
     </span>
    </p>
   </div>
   <div class='ocr_carea' id='block_1_5' title="bbox 343 2740 917 2804">
    <p class='ocr_par' dir='ltr' id='par_1_6' title="bbox 343 2740 917 2804">
     <span class='ocr_line' id='line_1_19' title="bbox 343 2740 917 2804; baseline 0.002 -14"><span class='ocrx_word' id='word_1_143' title='bbox 343 2741 424 2790; x_wconf 87' lang='lat' dir='ltr'><strong>Anno</strong></span> <span class='ocrx_word' id='word_1_144' title='bbox 446 2753 520 2804; x_wconf 84' lang='lat'><strong>1473,</strong></span> <span class='ocrx_word' id='word_1_145' title='bbox 540 2742 582 2792; x_wconf 87' lang='lat'><strong>28.</strong></span> <span class='ocrx_word' id='word_1_146' title='bbox 601 2740 752 2792; x_wconf 88' lang='lat' dir='ltr'><strong>decembris.</strong></span> <span class='ocrx_word' id='word_1_147' title='bbox 769 2740 917 2803; x_wconf 81' lang='lat' dir='ltr'><strong>Zagrabiae.</strong></span> 
     </span>
    </p>
   </div>
   <div class='ocr_carea' id='block_1_6' title="bbox 238 2869 1504 3034">
    <p class='ocr_par' dir='ltr' id='par_1_7' title="bbox 238 2869 1504 3034">
     <span class='ocr_line' id='line_1_20' title="bbox 238 2869 1504 2944; baseline -0.002 -18"><span class='ocrx_word' id='word_1_148' title='bbox 238 2869 375 2927; x_wconf 82' lang='lat' dir='ltr'><strong>Matln&#39;ae</strong></span> <span class='ocrx_word' id='word_1_149' title='bbox 397 2869 473 2942; x_wconf 73' lang='lat' dir='ltr'><strong>regas</strong></span> <span class='ocrx_word' id='word_1_150' title='bbox 496 2869 673 2942; x_wconf 78' lang='lat' dir='ltr'><strong>Hungan&#39;ac</strong></span> <span class='ocrx_word' id='word_1_151' title='bbox 695 2876 742 2929; x_wconf 81' lang='lat' dir='ltr'><strong>etc.</strong></span> <span class='ocrx_word' id='word_1_152' title='bbox 775 2869 909 2944; x_wconf 85' lang='lat' dir='ltr'><strong>epistolae</strong></span> <span class='ocrx_word' id='word_1_153' title='bbox 931 2870 1080 2943; x_wconf 75' lang='lat' dir='ltr'><strong>exmplar</strong></span> <span class='ocrx_word' id='word_1_154' title='bbox 1101 2887 1120 2926; x_wconf 89' lang='lat' dir='ltr'><strong>a</strong></span> <span class='ocrx_word' id='word_1_155' title='bbox 1142 2870 1268 2943; x_wconf 79' lang='lat' dir='ltr'><strong>capitulo</strong></span> <span class='ocrx_word' id='word_1_156' title='bbox 1290 2869 1408 2942; x_wconf 76' lang='lat' dir='ltr'><strong>aagrab.</strong></span> <span class='ocrx_word' id='word_1_157' title='bbox 1432 2885 1504 2926; x_wconf 77' lang='lat' dir='ltr'><strong>corn-</strong></span> 
     </span>
     <span class='ocr_line' id='line_1_21' title="bbox 514 2974 1224 3034; baseline 0.003 -3"><span class='ocrx_word' id='word_1_158' title='bbox 514 2976 651 3034; x_wconf 79' lang='lat' dir='ltr'><strong>munitatr&#39;</strong></span> <span class='ocrx_word' id='word_1_159' title='bbox 670 2975 798 3034; x_wconf 71' lang='lat' dir='ltr'><strong>cubitalis</strong></span> <span class='ocrx_word' id='word_1_160' title='bbox 820 2975 923 3034; x_wconf 86' lang='lat' dir='ltr'><strong>montis</strong></span> <span class='ocrx_word' id='word_1_161' title='bbox 951 2974 1101 3034; x_wconf 80' lang='lat' dir='ltr'><strong>Grecensis</strong></span> <span class='ocrx_word' id='word_1_162' title='bbox 1123 2976 1224 3034; x_wconf 80' lang='lat' dir='ltr'><strong>editur.</strong></span> 
     </span>
    </p>
   </div>
   <div class='ocr_carea' id='block_1_7' title="bbox 234 3121 1505 5107">
    <p class='ocr_par' dir='ltr' id='par_1_8' title="bbox 234 3121 1505 5107">
     <span class='ocr_line' id='line_1_22' title="bbox 345 3121 1504 3196; baseline -0.001 -17"><span class='ocrx_word' id='word_1_163' title='bbox 345 3121 408 3179; x_wconf 92' lang='lat' dir='ltr'><strong>Nos</strong></span> <span class='ocrx_word' id='word_1_164' title='bbox 442 3121 616 3195; x_wconf 89' lang='lat' dir='ltr'><strong>capitulum</strong></span> <span class='ocrx_word' id='word_1_165' title='bbox 650 3122 779 3180; x_wconf 88' lang='lat' dir='ltr'><strong>ecclesie</strong></span> <span class='ocrx_word' id='word_1_166' title='bbox 812 3121 1027 3194; x_wconf 87' lang='lat' dir='ltr'><strong>zagrabiensis.</strong></span> <span class='ocrx_word' id='word_1_167' title='bbox 1062 3121 1278 3196; x_wconf 85' lang='lat' dir='ltr'><strong>Significamus</strong></span> <span class='ocrx_word' id='word_1_168' title='bbox 1309 3121 1504 3195; x_wconf 90' lang='lat' dir='ltr'><strong>presencium</strong></span> 
     </span>
     <span class='ocr_line' id='line_1_23' title="bbox 238 3227 1504 3302; baseline 0 -16"><span class='ocrx_word' id='word_1_169' title='bbox 238 3233 354 3299; x_wconf 90' lang='lat' dir='ltr'><strong>tenore,</strong></span> <span class='ocrx_word' id='word_1_170' title='bbox 380 3229 494 3301; x_wconf 90' lang='lat' dir='ltr'><strong>quihus</strong></span> <span class='ocrx_word' id='word_1_171' title='bbox 518 3228 644 3302; x_wconf 84' lang='lat' dir='ltr'><strong>expedit</strong></span> <span class='ocrx_word' id='word_1_172' title='bbox 659 3229 828 3288; x_wconf 85' lang='lat' dir='ltr'><strong>universis:</strong></span> <span class='ocrx_word' id='word_1_173' title='bbox 852 3228 936 3302; x_wconf 91' lang='lat' dir='ltr'><strong>quod</strong></span> <span class='ocrx_word' id='word_1_174' title='bbox 959 3229 1147 3287; x_wconf 88' lang='lat' dir='ltr'><strong>venerabilis</strong></span> <span class='ocrx_word' id='word_1_175' title='bbox 1170 3230 1219 3286; x_wconf 88' lang='lat' dir='ltr'><strong>vir</strong></span> <span class='ocrx_word' id='word_1_176' title='bbox 1241 3227 1385 3286; x_wconf 88' lang='lat' dir='ltr'><strong>dominus</strong></span> <span class='ocrx_word' id='word_1_177' title='bbox 1408 3227 1504 3286; x_wconf 86' lang='lat' dir='ltr'><strong>Geor·</strong></span> 
     </span>
     <span class='ocr_line' id='line_1_24' title="bbox 237 3333 1503 3408; baseline -0.001 -16"><span class='ocrx_word' id='word_1_178' title='bbox 237 3335 306 3407; x_wconf 86' lang='lat' dir='ltr'><strong>gius</strong></span> <span class='ocrx_word' id='word_1_179' title='bbox 329 3333 563 3394; x_wconf 89' lang='lat' dir='ltr'><strong>archidiaconus</strong></span> <span class='ocrx_word' id='word_1_180' title='bbox 586 3335 625 3392; x_wconf 88' lang='lat' dir='ltr'><strong>de</strong></span> <span class='ocrx_word' id='word_1_181' title='bbox 648 3335 762 3408; x_wconf 86' lang='lat' dir='ltr'><strong>Bexyn,</strong></span> <span class='ocrx_word' id='word_1_182' title='bbox 777 3337 877 3394; x_wconf 92' lang='lat' dir='ltr'><strong>socius</strong></span> <span class='ocrx_word' id='word_1_183' title='bbox 901 3341 931 3393; x_wconf 89' lang='lat' dir='ltr'><strong>et</strong></span> <span class='ocrx_word' id='word_1_184' title='bbox 947 3337 1169 3395; x_wconf 89' lang='lat' dir='ltr'><strong>concanonicus</strong></span> <span class='ocrx_word' id='word_1_185' title='bbox 1192 3341 1304 3406; x_wconf 89' lang='lat' dir='ltr'><strong>noster,</strong></span> <span class='ocrx_word' id='word_1_186' title='bbox 1325 3334 1503 3392; x_wconf 89' lang='lat' dir='ltr'><strong>nominibus</strong></span> 
     </span>
     <span class='ocr_line' id='line_1_25' title="bbox 238 3439 1503 3517; baseline 0.001 -20"><span class='ocrx_word' id='word_1_187' title='bbox 238 3445 268 3497; x_wconf 90' lang='lat' dir='ltr'><strong>et</strong></span> <span class='ocrx_word' id='word_1_188' title='bbox 291 3440 322 3498; x_wconf 89' lang='lat' dir='ltr'><strong>in</strong></span> <span class='ocrx_word' id='word_1_189' title='bbox 345 3441 484 3514; x_wconf 92' lang='lat' dir='ltr'><strong>personis</strong></span> <span class='ocrx_word' id='word_1_190' title='bbox 508 3440 696 3514; x_wconf 91' lang='lat' dir='ltr'><strong>prudentum</strong></span> <span class='ocrx_word' id='word_1_191' title='bbox 720 3447 750 3499; x_wconf 90' lang='lat' dir='ltr'><strong>et</strong></span> <span class='ocrx_word' id='word_1_192' title='bbox 772 3442 1067 3516; x_wconf 90' lang='lat' dir='ltr'><strong>circumspectorum</strong></span> <span class='ocrx_word' id='word_1_193' title='bbox 1093 3439 1212 3517; x_wconf 88' lang='lat' dir='ltr'><strong>judicis,</strong></span> <span class='ocrx_word' id='word_1_194' title='bbox 1227 3439 1410 3516; x_wconf 86' lang='lat' dir='ltr'><strong>juratorum,</strong></span> <span class='ocrx_word' id='word_1_195' title='bbox 1425 3446 1503 3498; x_wconf 87' lang='lat' dir='ltr'><strong>cete·</strong></span> 
     </span>
     <span class='ocr_line' id='line_1_26' title="bbox 237 3545 1503 3620; baseline 0.001 -17"><span class='ocrx_word' id='word_1_196' title='bbox 237 3559 407 3618; x_wconf 79' lang='lat' dir='ltr'><strong>rarumque</strong></span> <span class='ocrx_word' id='word_1_197' title='bbox 437 3547 554 3604; x_wconf 90' lang='lat' dir='ltr'><strong>civium</strong></span> <span class='ocrx_word' id='word_1_198' title='bbox 584 3552 677 3620; x_wconf 89' lang='lat' dir='ltr'><strong>atque</strong></span> <span class='ocrx_word' id='word_1_199' title='bbox 708 3546 940 3606; x_wconf 87' lang='lat' dir='ltr'><strong>communitatis</strong></span> <span class='ocrx_word' id='word_1_200' title='bbox 972 3548 1104 3606; x_wconf 87' lang='lat' dir='ltr'><strong>civitatis</strong></span> <span class='ocrx_word' id='word_1_201' title='bbox 1135 3548 1250 3606; x_wconf 86' lang='lat' dir='ltr'><strong>moniis</strong></span> <span class='ocrx_word' id='word_1_202' title='bbox 1280 3545 1442 3605; x_wconf 90' lang='lat' dir='ltr'><strong>Grecensis</strong></span> <span class='ocrx_word' id='word_1_203' title='bbox 1464 3545 1503 3604; x_wconf 90' lang='lat' dir='ltr'><strong>de</strong></span> 
     </span>
     <span class='ocr_line' id='line_1_27' title="bbox 238 3651 1505 3728; baseline 0.004 -20"><span class='ocrx_word' id='word_1_204' title='bbox 238 3652 324 3709; x_wconf 89' lang='lat' dir='ltr'><strong>iuxta</strong></span> <span class='ocrx_word' id='word_1_205' title='bbox 347 3651 542 3724; x_wconf 89' lang='lat' dir='ltr'><strong>Zagrabiam,</strong></span> <span class='ocrx_word' id='word_1_206' title='bbox 564 3653 661 3711; x_wconf 86' lang='lat' dir='ltr'><strong>nostri</strong></span> <span class='ocrx_word' id='word_1_207' title='bbox 685 3669 837 3727; x_wconf 86' lang='lat' dir='ltr'><strong>exurgens</strong></span> <span class='ocrx_word' id='word_1_208' title='bbox 860 3669 877 3711; x_wconf 93' lang='lat' dir='ltr'><strong>e</strong></span> <span class='ocrx_word' id='word_1_209' title='bbox 901 3653 1013 3726; x_wconf 89' lang='lat' dir='ltr'><strong>medio,</strong></span> <span class='ocrx_word' id='word_1_210' title='bbox 1037 3655 1177 3714; x_wconf 86' lang='lat' dir='ltr'><strong>exhibuit</strong></span> <span class='ocrx_word' id='word_1_211' title='bbox 1199 3659 1293 3728; x_wconf 89' lang='lat' dir='ltr'><strong>atque</strong></span> <span class='ocrx_word' id='word_1_212' title='bbox 1315 3655 1505 3727; x_wconf 89' lang='lat' dir='ltr'><strong>presentavit</strong></span> 
     </span>
     <span class='ocr_line' id='line_1_28' title="bbox 236 3758 1503 3834; baseline 0.004 -20"><span class='ocrx_word' id='word_1_213' title='bbox 236 3758 327 3816; x_wconf 91' lang='lat' dir='ltr'><strong>nobis</strong></span> <span class='ocrx_word' id='word_1_214' title='bbox 357 3764 455 3816; x_wconf 89' lang='lat' dir='ltr'><strong>cerias</strong></span> <span class='ocrx_word' id='word_1_215' title='bbox 479 3759 598 3817; x_wconf 88' lang='lat' dir='ltr'><strong>litteras</strong></span> <span class='ocrx_word' id='word_1_216' title='bbox 630 3760 817 3818; x_wconf 85' lang='lat' dir='ltr'><strong>serenissimi</strong></span> <span class='ocrx_word' id='word_1_217' title='bbox 848 3761 997 3834; x_wconf 91' lang='lat' dir='ltr'><strong>principis</strong></span> <span class='ocrx_word' id='word_1_218' title='bbox 1029 3759 1148 3819; x_wconf 90' lang='lat' dir='ltr'><strong>domini</strong></span> <span class='ocrx_word' id='word_1_219' title='bbox 1178 3761 1302 3831; x_wconf 89' lang='lat' dir='ltr'><strong>Mathie‚</strong></span> <span class='ocrx_word' id='word_1_220' title='bbox 1326 3759 1376 3818; x_wconf 90' lang='lat' dir='ltr'><strong>dei</strong></span> <span class='ocrx_word' id='word_1_221' title='bbox 1398 3762 1503 3833; x_wconf 87' lang='lat' dir='ltr'><strong>gracia</strong></span> 
     </span>
     <span class='ocr_line' id='line_1_29' title="bbox 237 3851 1502 3939; baseline 0.002 -19"><span class='ocrx_word' id='word_1_222' title='bbox 237 3851 404 3936; x_wconf 87' lang='lat' dir='ltr'><strong>Hungarie‚</strong></span> <span class='ocrx_word' id='word_1_223' title='bbox 428 3863 574 3922; x_wconf 89' lang='lat' dir='ltr'><strong>Bohemie</strong></span> <span class='ocrx_word' id='word_1_224' title='bbox 597 3869 651 3922; x_wconf 88' lang='lat' dir='ltr'><strong>etc.</strong></span> <span class='ocrx_word' id='word_1_225' title='bbox 674 3866 764 3938; x_wconf 89' lang='lat' dir='ltr'><strong>regis,</strong></span> <span class='ocrx_word' id='word_1_226' title='bbox 789 3865 911 3924; x_wconf 90' lang='lat' dir='ltr'><strong>domiui</strong></span> <span class='ocrx_word' id='word_1_227' title='bbox 925 3867 1022 3925; x_wconf 90' lang='lat' dir='ltr'><strong>nostri</strong></span> <span class='ocrx_word' id='word_1_228' title='bbox 1038 3867 1198 3938; x_wconf 89' lang='lat' dir='ltr'><strong>naturalis,</strong></span> <span class='ocrx_word' id='word_1_229' title='bbox 1221 3866 1446 3939; x_wconf 91' lang='lat' dir='ltr'><strong>gloriosissimi,</strong></span> <span class='ocrx_word' id='word_1_230' title='bbox 1471 3866 1502 3924; x_wconf 92' lang='lat' dir='ltr'><strong>in</strong></span> 
     </span>
     <span class='ocr_line' id='line_1_30' title="bbox 237 3967 1500 4046; baseline 0.003 -20"><span class='ocrx_word' id='word_1_231' title='bbox 237 3967 367 4027; x_wconf 90' lang='lat' dir='ltr'><strong>modum</strong></span> <span class='ocrx_word' id='word_1_232' title='bbox 390 3969 548 4043; x_wconf 85' lang='lat' dir='ltr'><strong>privilegii</strong></span> <span class='ocrx_word' id='word_1_233' title='bbox 569 3970 602 4028; x_wconf 90' lang='lat' dir='ltr'><strong>in</strong></span> <span class='ocrx_word' id='word_1_234' title='bbox 624 3985 813 4044; x_wconf 89' lang='lat' dir='ltr'><strong>pargameno</strong></span> <span class='ocrx_word' id='word_1_235' title='bbox 837 3972 1003 4046; x_wconf 87' lang='lat' dir='ltr'><strong>coniectas,</strong></span> <span class='ocrx_word' id='word_1_236' title='bbox 1020 3973 1126 4046; x_wconf 88' lang='lat' dir='ltr'><strong>sigillo</strong></span> <span class='ocrx_word' id='word_1_237' title='bbox 1150 3972 1289 4032; x_wconf 90' lang='lat' dir='ltr'><strong>eiusdem</strong></span> <span class='ocrx_word' id='word_1_238' title='bbox 1306 3971 1424 4030; x_wconf 89' lang='lat' dir='ltr'><strong>domini</strong></span> <span class='ocrx_word' id='word_1_239' title='bbox 1447 3987 1500 4030; x_wconf 91' lang='lat' dir='ltr'><strong>no·</strong></span> 
     </span>
     <span class='ocr_line' id='line_1_31' title="bbox 238 4075 1503 4154; baseline 0.002 -20"><span class='ocrx_word' id='word_1_240' title='bbox 238 4075 295 4134; x_wconf 85' lang='lat' dir='ltr'><strong>stri</strong></span> <span class='ocrx_word' id='word_1_241' title='bbox 317 4076 399 4148; x_wconf 87' lang='lat' dir='ltr'><strong>regis</strong></span> <span class='ocrx_word' id='word_1_242' title='bbox 422 4076 454 4134; x_wconf 90' lang='lat' dir='ltr'><strong>in</strong></span> <span class='ocrx_word' id='word_1_243' title='bbox 470 4075 624 4150; x_wconf 89' lang='lat' dir='ltr'><strong>pendenti,</strong></span> <span class='ocrx_word' id='word_1_244' title='bbox 647 4078 693 4134; x_wconf 90' lang='lat' dir='ltr'><strong>uti</strong></span> <span class='ocrx_word' id='word_1_245' title='bbox 716 4077 818 4151; x_wconf 89' lang='lat' dir='ltr'><strong>prima</strong></span> <span class='ocrx_word' id='word_1_246' title='bbox 842 4077 920 4137; x_wconf 83' lang='lat' dir='ltr'><strong>facie</strong></span> <span class='ocrx_word' id='word_1_247' title='bbox 936 4080 1118 4154; x_wconf 90' lang='lat' dir='ltr'><strong>apparebat,</strong></span> <span class='ocrx_word' id='word_1_248' title='bbox 1142 4079 1349 4154; x_wconf 90' lang='lat' dir='ltr'><strong>insuperiori</strong></span> <span class='ocrx_word' id='word_1_249' title='bbox 1363 4078 1503 4150; x_wconf 83' lang='lat' dir='ltr'><strong>margine</strong></span> 
     </span>
     <span class='ocr_line' id='line_1_32' title="bbox 237 4181 1504 4260; baseline 0.002 -22"><span class='ocrx_word' id='word_1_250' title='bbox 237 4181 278 4238; x_wconf 91' lang='lat' dir='ltr'><strong>ab</strong></span> <span class='ocrx_word' id='word_1_251' title='bbox 309 4181 389 4239; x_wconf 91' lang='lat' dir='ltr'><strong>intra</strong></span> <span class='ocrx_word' id='word_1_252' title='bbox 413 4181 493 4240; x_wconf 91' lang='lat' dir='ltr'><strong>hanc</strong></span> <span class='ocrx_word' id='word_1_253' title='bbox 516 4182 664 4242; x_wconf 87' lang='lat' dir='ltr'><strong>habentes</strong></span> <span class='ocrx_word' id='word_1_254' title='bbox 695 4183 902 4256; x_wconf 91' lang='lat' dir='ltr'><strong>signaturam:</strong></span> <span class='ocrx_word' id='word_1_255' title='bbox 926 4183 964 4242; x_wconf 91' lang='lat' dir='ltr'><strong>de</strong></span> <span class='ocrx_word' id='word_1_256' title='bbox 987 4186 1204 4244; x_wconf 89' lang='lat' dir='ltr'><strong>commissione</strong></span> <span class='ocrx_word' id='word_1_257' title='bbox 1235 4186 1362 4260; x_wconf 90' lang='lat' dir='ltr'><strong>propria</strong></span> <span class='ocrx_word' id='word_1_258' title='bbox 1385 4183 1504 4242; x_wconf 90' lang='lat' dir='ltr'><strong>domiui</strong></span> 
     </span>
     <span class='ocr_line' id='line_1_33' title="bbox 236 4287 1502 4363; baseline 0.002 -18"><span class='ocrx_word' id='word_1_259' title='bbox 236 4288 328 4360; x_wconf 86' lang='lat' dir='ltr'><strong>regis,</strong></span> <span class='ocrx_word' id='word_1_260' title='bbox 359 4288 474 4346; x_wconf 93' lang='lat' dir='ltr'><strong>tenoris</strong></span> <span class='ocrx_word' id='word_1_261' title='bbox 502 4303 578 4346; x_wconf 88' lang='lat' dir='ltr'><strong>vero</strong></span> <span class='ocrx_word' id='word_1_262' title='bbox 608 4287 807 4363; x_wconf 83' lang='lat' dir='ltr'><strong>infrascripti,</strong></span> <span class='ocrx_word' id='word_1_263' title='bbox 840 4294 947 4363; x_wconf 90' lang='lat' dir='ltr'><strong>petens</strong></span> <span class='ocrx_word' id='word_1_264' title='bbox 978 4305 1034 4349; x_wconf 91' lang='lat' dir='ltr'><strong>nos</strong></span> <span class='ocrx_word' id='word_1_265' title='bbox 1066 4291 1169 4350; x_wconf 85' lang='lat' dir='ltr'><strong>debita</strong></span> <span class='ocrx_word' id='word_1_266' title='bbox 1194 4307 1266 4349; x_wconf 93' lang='lat' dir='ltr'><strong>cum</strong></span> <span class='ocrx_word' id='word_1_267' title='bbox 1288 4290 1445 4362; x_wconf 88' lang='lat' dir='ltr'><strong>instancia,</strong></span> <span class='ocrx_word' id='word_1_268' title='bbox 1468 4294 1502 4348; x_wconf 91' lang='lat' dir='ltr'><strong>ut</strong></span> 
     </span>
     <span class='ocr_line' id='line_1_34' title="bbox 237 4389 1502 4471; baseline 0.002 -21"><span class='ocrx_word' id='word_1_269' title='bbox 237 4397 380 4452; x_wconf 88' lang='lat' dir='ltr'><strong>tenorem</strong></span> <span class='ocrx_word' id='word_1_270' title='bbox 403 4393 584 4452; x_wconf 89' lang='lat' dir='ltr'><strong>earumdem</strong></span> <span class='ocrx_word' id='word_1_271' title='bbox 607 4395 639 4453; x_wconf 90' lang='lat' dir='ltr'><strong>in</strong></span> <span class='ocrx_word' id='word_1_272' title='bbox 662 4401 852 4454; x_wconf 88' lang='lat' dir='ltr'><strong>transsumto</strong></span> <span class='ocrx_word' id='word_1_273' title='bbox 874 4396 1050 4455; x_wconf 88' lang='lat' dir='ltr'><strong>litterarum</strong></span> <span class='ocrx_word' id='word_1_274' title='bbox 1072 4403 1259 4468; x_wconf 87' lang='lat' dir='ltr'><strong>nostrarum,</strong></span> <span class='ocrx_word' id='word_1_275' title='bbox 1281 4395 1428 4471; x_wconf 89' lang='lat' dir='ltr'><strong>pendenti</strong></span> <span class='ocrx_word' id='word_1_276' title='bbox 1443 4389 1502 4452; x_wconf 87' lang='lat' dir='ltr'><strong>&#39;sub</strong></span> 
     </span>
     <span class='ocr_line' id='line_1_35' title="bbox 235 4499 1502 4578; baseline 0.003 -22"><span class='ocrx_word' id='word_1_277' title='bbox 235 4499 341 4572; x_wconf 94' lang='lat' dir='ltr'><strong>sigillo</strong></span> <span class='ocrx_word' id='word_1_278' title='bbox 364 4509 469 4558; x_wconf 87' lang='lat' dir='ltr'><strong>nostro</strong></span> <span class='ocrx_word' id='word_1_279' title='bbox 492 4499 628 4575; x_wconf 72' lang='lat' dir='ltr'><strong>prefatis</strong></span> <span class='ocrx_word' id='word_1_280' title='bbox 652 4499 756 4577; x_wconf 89' lang='lat' dir='ltr'><strong>judici,</strong></span> <span class='ocrx_word' id='word_1_281' title='bbox 779 4501 949 4578; x_wconf 88' lang='lat' dir='ltr'><strong>juratisque</strong></span> <span class='ocrx_word' id='word_1_282' title='bbox 983 4504 1104 4561; x_wconf 88' lang='lat' dir='ltr'><strong>civibus</strong></span> <span class='ocrx_word' id='word_1_283' title='bbox 1128 4509 1158 4560; x_wconf 90' lang='lat' dir='ltr'><strong>et</strong></span> <span class='ocrx_word' id='word_1_284' title='bbox 1181 4503 1397 4562; x_wconf 89' lang='lat' dir='ltr'><strong>communitati</strong></span> <span class='ocrx_word' id='word_1_285' title='bbox 1421 4501 1502 4560; x_wconf 85' lang='lat' dir='ltr'><strong>dicte</strong></span> 
     </span>
     <span class='ocr_line' id='line_1_36' title="bbox 236 4605 1499 4684; baseline 0.002 -22"><span class='ocrx_word' id='word_1_286' title='bbox 236 4605 369 4663; x_wconf 89' lang='lat' dir='ltr'><strong>civitatis</strong></span> <span class='ocrx_word' id='word_1_287' title='bbox 392 4605 466 4664; x_wconf 90' lang='lat' dir='ltr'><strong>dare</strong></span> <span class='ocrx_word' id='word_1_288' title='bbox 490 4605 689 4680; x_wconf 87' lang='lat' dir='ltr'><strong>dignaremur</strong></span> <span class='ocrx_word' id='word_1_289' title='bbox 708 4605 786 4684; x_wconf 90' lang='lat' dir='ltr'><strong>juris</strong></span> <span class='ocrx_word' id='word_1_290' title='bbox 808 4610 949 4683; x_wconf 88' lang='lat' dir='ltr'><strong>ipsorum</strong></span> <span class='ocrx_word' id='word_1_291' title='bbox 965 4609 1004 4666; x_wconf 90' lang='lat' dir='ltr'><strong>ad</strong></span> <span class='ocrx_word' id='word_1_292' title='bbox 1029 4609 1206 4666; x_wconf 90' lang='lat' dir='ltr'><strong>uberiorem</strong></span> <span class='ocrx_word' id='word_1_293' title='bbox 1230 4609 1392 4666; x_wconf 88' lang='lat' dir='ltr'><strong>cautelam.</strong></span> <span class='ocrx_word' id='word_1_294' title='bbox 1416 4607 1499 4680; x_wconf 82' lang='lat' dir='ltr'><strong>Qua·</strong></span> 
     </span>
     <span class='ocr_line' id='line_1_37' title="bbox 235 4707 1500 4793; baseline 0.002 -25"><span class='ocrx_word' id='word_1_295' title='bbox 235 4727 307 4768; x_wconf 89' lang='lat' dir='ltr'><strong>rum</strong></span> <span class='ocrx_word' id='word_1_296' title='bbox 330 4716 418 4770; x_wconf 89' lang='lat' dir='ltr'><strong>tenor</strong></span> <span class='ocrx_word' id='word_1_297' title='bbox 441 4713 512 4770; x_wconf 91' lang='lat' dir='ltr'><strong>talis</strong></span> <span class='ocrx_word' id='word_1_298' title='bbox 543 4719 604 4772; x_wconf 89' lang='lat' dir='ltr'><strong>est:</strong></span> <span class='ocrx_word' id='word_1_299' title='bbox 635 4707 720 4793; x_wconf 84' lang='lat' dir='ltr'><strong>(vide</strong></span> <span class='ocrx_word' id='word_1_300' title='bbox 750 4715 825 4772; x_wconf 88' lang='lat' dir='ltr'><strong>Duc.</strong></span> <span class='ocrx_word' id='word_1_301' title='bbox 852 4729 920 4784; x_wconf 80' lang='lat'><strong>271.</strong></span> <span class='ocrx_word' id='word_1_302' title='bbox 944 4713 983 4772; x_wconf 89' lang='lat' dir='ltr'><strong>de</strong></span> <span class='ocrx_word' id='word_1_303' title='bbox 1018 4729 1097 4772; x_wconf 88' lang='lat' dir='ltr'><strong>anno</strong></span> <span class='ocrx_word' id='word_1_304' title='bbox 1135 4729 1229 4790; x_wconf 81' lang='lat'>147³·</span> <span class='ocrx_word' id='word_1_305' title='bbox 1255 4730 1295 4772; x_wconf 85' lang='lat' dir='ltr'><strong>ao</strong></span> <span class='ocrx_word' id='word_1_306' title='bbox 1318 4707 1413 4791; x_wconf 87' lang='lat' dir='ltr'><strong>maii).</strong></span> <span class='ocrx_word' id='word_1_307' title='bbox 1437 4713 1500 4771; x_wconf 90' lang='lat' dir='ltr'><strong>Nos</strong></span> 
     </span>
     <span class='ocr_line' id='line_1_38' title="bbox 236 4817 1494 4894; baseline 0.003 -21"><span class='ocrx_word' id='word_1_308' title='bbox 236 4817 330 4888; x_wconf 91' lang='lat' dir='ltr'><strong>igitur</strong></span> <span class='ocrx_word' id='word_1_309' title='bbox 364 4818 570 4891; x_wconf 89' lang='lat' dir='ltr'><strong>peticionibus</strong></span> <span class='ocrx_word' id='word_1_310' title='bbox 599 4820 711 4894; x_wconf 85' lang='lat' dir='ltr'><strong>prefati</strong></span> <span class='ocrx_word' id='word_1_311' title='bbox 738 4820 856 4879; x_wconf 90' lang='lat' dir='ltr'><strong>domini</strong></span> <span class='ocrx_word' id='word_1_312' title='bbox 883 4821 1092 4880; x_wconf 91' lang='lat' dir='ltr'><strong>archidiaconi</strong></span> <span class='ocrx_word' id='word_1_313' title='bbox 1120 4827 1296 4890; x_wconf 88' lang='lat' dir='ltr'><strong>annuentes,</strong></span> <span class='ocrx_word' id='word_1_314' title='bbox 1327 4819 1494 4894; x_wconf 86' lang='lat' dir='ltr'><strong>premissas</strong></span> 
     </span>
     <span class='ocr_line' id='line_1_39' title="bbox 236 4923 1498 5000; baseline 0.004 -21"><span class='ocrx_word' id='word_1_315' title='bbox 236 4923 355 4981; x_wconf 84' lang='lat' dir='ltr'><strong>litteras</strong></span> <span class='ocrx_word' id='word_1_316' title='bbox 379 4924 418 4983; x_wconf 89' lang='lat' dir='ltr'><strong>de</strong></span> <span class='ocrx_word' id='word_1_317' title='bbox 440 4926 539 4984; x_wconf 87' lang='lat' dir='ltr'><strong>verbo</strong></span> <span class='ocrx_word' id='word_1_318' title='bbox 561 4926 601 4984; x_wconf 91' lang='lat' dir='ltr'><strong>ad</strong></span> <span class='ocrx_word' id='word_1_319' title='bbox 634 4927 767 4985; x_wconf 88' lang='lat' dir='ltr'><strong>verbum</strong></span> <span class='ocrx_word' id='word_1_320' title='bbox 790 4928 856 4984; x_wconf 88' lang='lat' dir='ltr'><strong>sine</strong></span> <span class='ocrx_word' id='word_1_321' title='bbox 887 4926 1095 4986; x_wconf 88' lang='lat' dir='ltr'><strong>diminucione</strong></span> <span class='ocrx_word' id='word_1_322' title='bbox 1126 4931 1156 4984; x_wconf 89' lang='lat' dir='ltr'><strong>et</strong></span> <span class='ocrx_word' id='word_1_323' title='bbox 1178 4931 1345 5000; x_wconf 89' lang='lat' dir='ltr'><strong>augmento</strong></span> <span class='ocrx_word' id='word_1_324' title='bbox 1367 4925 1498 4999; x_wconf 91' lang='lat' dir='ltr'><strong>aliquali</strong></span> 
     </span>
     <span class='ocr_line' id='line_1_40' title="bbox 234 5030 1498 5107; baseline 0.002 -21"><span class='ocrx_word' id='word_1_325' title='bbox 234 5030 398 5088; x_wconf 87' lang='lat' dir='ltr'><strong>transcribi</strong></span> <span class='ocrx_word' id='word_1_326' title='bbox 421 5035 451 5090; x_wconf 91' lang='lat' dir='ltr'><strong>et</strong></span> <span class='ocrx_word' id='word_1_327' title='bbox 474 5032 682 5105; x_wconf 88' lang='lat' dir='ltr'><strong>transsummi,</strong></span> <span class='ocrx_word' id='word_1_328' title='bbox 700 5032 957 5107; x_wconf 88' lang='lat' dir='ltr'><strong>presentibusque</strong></span> <span class='ocrx_word' id='word_1_329' title='bbox 973 5034 1086 5092; x_wconf 89' lang='lat' dir='ltr'><strong>nostris</strong></span> <span class='ocrx_word' id='word_1_330' title='bbox 1102 5032 1214 5092; x_wconf 89' lang='lat' dir='ltr'><strong>litteris</strong></span> <span class='ocrx_word' id='word_1_331' title='bbox 1237 5032 1330 5091; x_wconf 89' lang='lat' dir='ltr'><strong>inseri</strong></span> <span class='ocrx_word' id='word_1_332' title='bbox 1345 5031 1498 5103; x_wconf 86' lang='lat' dir='ltr'><strong>iacientes,</strong></span> 
     </span>
    </p>
   </div>
   <div class='ocr_carea' id='block_1_8' title="bbox 0 0 1918 5822">
    <p class='ocr_par' dir='ltr' id='par_1_9' title="bbox 0 0 1918 5822">
     <span class='ocr_line' id='line_1_41' title="bbox 0 0 1918 5822; baseline 0 1"><span class='ocrx_word' id='word_1_333' title='bbox 0 0 1918 5822; x_wconf 95' lang='lat' dir='ltr'><strong> </strong></span> 
     </span>
    </p>
   </div>
  </div>
 </body>
</html>
