3948 5804
825 517 897 575 Doc.
918 529 967 594 41.
989 550 1033 562 -
1054 515 1102 574 An
1136 461 1225 594 1225.

504 735 590 807 Item,
615 748 731 806 omnes,
755 749 867 808 porcos
891 738 1058 804 servantes,
1082 747 1134 790 eos
1157 734 1216 790 sub
1232 733 1384 791 clausuris
1400 738 1504 790 tenere
1520 730 1661 803 debeant,

398 858 437 901 ne
459 841 581 900 civibus
605 839 743 914 dampna
764 838 878 898 faciant
900 840 960 915 ipsi
982 838 1070 914 porci
1092 854 1150 912 per
1172 838 1307 896 civitatis
1323 837 1442 911 plateas
1457 837 1662 895 ambulantes.

399 946 431 1006 Si
455 947 525 1021 quis
547 951 651 1005 autem
675 947 815 1021 aliquem
837 947 979 1022 ipsorum
995 959 1164 1020 porcorum
1180 945 1211 1003 in
1227 959 1284 1004 suo
1300 943 1437 1018 dampno
1453 942 1662 1018 repperiendo

399 1053 589 1124 mactaverit,
613 1053 691 1110 tales
713 1066 826 1126 porcos
849 1049 944 1128 judex
967 1055 998 1109 et
1020 1048 1113 1126 jurati
1136 1065 1195 1124 pro
1218 1065 1251 1108 se
1275 1050 1413 1124 recipere
1446 1051 1574 1125 possint,
1608 1048 1662 1108 do·

399 1160 485 1219 mino
508 1173 584 1216 vero
606 1159 694 1232 porci
716 1158 803 1217 nulla
827 1158 946 1216 solucio
968 1155 1163 1232 inpendatur.

504 1265 591 1334 Item,
615 1264 711 1324 simili
734 1262 830 1323 modo
851 1264 947 1338 porci,
973 1263 1080 1336 quiin
1112 1263 1218 1336 platea
1248 1279 1300 1322 seu
1333 1264 1403 1322 vico
1434 1263 1580 1322 exteriori
1610 1268 1663 1320 aut

399 1372 589 1444 ubicumque
612 1369 642 1428 in
666 1371 818 1429 suburbio
842 1370 976 1428 civItatis
998 1369 1171 1441 existentes,
1195 1385 1302 1428 muros
1325 1369 1423 1444 ipsius
1439 1369 1573 1428 civitatis
1590 1369 1663 1427 suo

398 1476 547 1549 foderent,
571 1476 648 1534 tales
671 1491 782 1550 porcos
805 1473 897 1551 jurati
921 1475 1007 1533 illius
1029 1475 1101 1532 anni
1125 1489 1183 1548 pro
1205 1473 1307 1551 judice
1330 1479 1361 1534 et
1384 1490 1442 1549 pro
1473 1475 1584 1550 seipsis
1614 1491 1661 1534 re·

399 1583 502 1657 cipere
527 1583 651 1641 valeant
673 1588 767 1656 atque
790 1581 917 1657 possint,
941 1581 1187 1640 contradiccione
1210 1583 1342 1656 hospitis
1362 1583 1461 1657 ipsius
1484 1583 1572 1657 porci
1601 1595 1662 1640 non

398 1690 540 1748 obstante
563 1703 609 1761 eo,
632 1688 716 1762 quod
739 1688 806 1762 ipse
829 1694 1038 1761 transgressor
1060 1689 1167 1746 statuti
1192 1689 1423 1747 communitatis
1446 1693 1492 1746 est
1511 1693 1662 1762 repertus.

504 1795 590 1867 Item,
615 1785 720 1852 nullus
743 1795 870 1852 omnino
893 1793 1056 1852 hominum
1072 1793 1224 1852 cadavera
1240 1794 1425 1853 animalium
1441 1794 1577 1852 cuiusvis
1593 1809 1662 1852 oon·

400 1901 528 1960 dicionis
552 1902 583 1959 in
606 1901 727 1974 plateas
750 1901 889 1976 proicere
911 1915 967 1958 nec
990 1899 1029 1958 ad
1053 1898 1224 1973 pallacium
1249 1901 1339 1974 regis,
1374 1917 1431 1958 nec
1454 1901 1552 1958 eciam
1575 1905 1663 1958 extra

399 2007 569 2084 portellam
603 2007 737 2065 civitatis
772 2011 980 2080 campestrem
1012 2011 1146 2080 portare,
1182 2005 1354 2065 conducere
1385 2022 1439 2065 seu
1463 2007 1586 2064 trahere
1609 2013 1663 2064 aut

398 2114 539 2187 proicere
562 2118 593 2170 et
615 2111 736 2171 deferre
759 2089 989 2171 neseat'mouo
1012 2112 1150 2186 aliquali,
1185 2092 1211 2170 si
1245 2114 1315 2186 quis
1349 2118 1455 2170 autem
1488 2117 1597 2171 contra
1630 2111 1663 2170 id

399 2217 500 2277 facere
523 2219 757 2293 presumpserit,
780 2233 839 2293 pro
862 2233 943 2293 pena
965 2233 1036 2276 curn
1056 2219 1214 2292 sexaginta
1248 2217 1389 2292 denariis,
1413 2232 1472 2293 pro
1504 2223 1663 2293 perpetra-

399 2325 484 2383 cioue
507 2325 572 2397 tali,
596 2339 632 2382 eo
655 2324 739 2398 quod
762 2325 989 2398 perpetraverit
1009 2324 1120 2397 solvat,
1136 2328 1166 2382 et
1181 2339 1253 2382 cnm
1268 2324 1339 2383 aliis
1354 2325 1513 2398 sexaginta
1529 2323 1663 2383 denariis

399 2429 518 2495 deferat
540 2436 570 2488 et
593 2431 735 2505 deportet
758 2437 846 2488 extra
868 2434 992 2504 portam
1015 2429 1197 2489 carnificum
1222 2431 1262 2489 ad
1285 2431 1403 2490 vallem
1426 2429 1484 2489 sub
1500 2437 1594 2506 ponte
1610 2431 1662 2488 vel

399 2542 486 2595 extra
507 2551 623 2595 novam
646 2543 771 2612 portam
793 2537 927 2594 civitatis
950 2537 1094 2595 similiter
1116 2537 1156 2596 ad
1180 2537 1306 2596 vallem,

503 2643 581 2716 item
603 2644 691 2702 nulla
714 2644 833 2718 pistrix,
864 2643 984 2712 salaria,
995 2635 1026 2720 *l
1050 2645 1212 2718 penestica,
1244 2646 1326 2702 circa
1349 2659 1439 2702 suam
1462 2643 1662 2702 venalitatem

401 2765 455 2806 seu
490 2748 716 2822 forizacionem,
750 2749 897 2808 videlicet
931 2750 1012 2808 clrca
1042 2766 1146 2824 panes,
1177 2750 1224 2808 sal
1255 2755 1285 2810 et
1308 2750 1385 2809 alias
1409 2766 1458 2808 res
1481 2750 1607 2808 venales
1630 2749 1661 2808 in

402 2854 470 2926 loro
493 2854 602 2913 sedens
624 2871 678 2914 seu
698 2859 791 2928 stans,
805 2855 895 2914 filare
917 2871 973 2914 nec
997 2855 1099 2915 fusare
1123 2855 1235 2914 debeat
1249 2855 1345 2916 modo
1366 2857 1506 2930 aliquali,
1529 2871 1566 2915 eo
1590 2855 1663 2930 quia

398 2976 455 3035 per
470 2961 547 3020 tales
563 2960 777 3032 immundicias,
793 2967 884 3036 stupe
900 2977 954 3019 seu
977 2962 1043 3034 lini,
1067 2962 1209 3020 homines
1232 2961 1427 3033 inficiuntur;
1451 2963 1477 3020 si
1501 2978 1561 3036 que
1580 2965 1663 3037 ipsa·

398 3082 470 3126 rum
492 3067 644 3142 premissa
667 3072 856 3140 transgressa
880 3065 982 3140 suerit,
1005 3069 1037 3126 in
1060 3069 1164 3142 primo
1187 3069 1252 3128 LX.
1283 3069 1434 3141 denarios,
1465 3069 1496 3128 in
1526 3069 1662 3128 secundo

402 3177 463 3230 tres
486 3188 598 3247 pensas
620 3172 818 3232 denariorum
842 3188 900 3246 pro
924 3189 1005 3248 pena
1027 3173 1140 3246 solvat,
1164 3175 1195 3232 in
1227 3175 1323 3233 tercio
1358 3189 1434 3233 vero
1470 3191 1538 3233 rem
1572 3190 1662 3233 suam

399 3278 551 3350 venalem,
575 3293 669 3352 quam
693 3278 808 3350 vendit,
831 3283 942 3337 eotunc
964 3279 1083 3354 perdat.

502 3384 588 3455 Item,
611 3384 719 3442 nullus
741 3385 867 3442 omnino
888 3385 1051 3443 hominum
1074 3371 1220 3443 videlicet
1243 3387 1498 3445 stacionariorum
1523 3394 1553 3446 et
1576 3389 1662 3447 insti·

398 3495 503 3548 torum
538 3496 568 3547 et
601 3489 736 3548 aliorum
772 3490 995 3562 quorumlibet,
1030 3491 1084 3564 qui
1114 3491 1205 3566 piper
1228 3496 1258 3549 et
1280 3491 1386 3550 oleum
1409 3507 1445 3550 ac
1467 3493 1529 3551 alia
1552 3495 1661 3552 merci·

397 3596 501 3654 monia
524 3595 563 3653 ad
587 3593 708 3670 pondus
732 3603 762 3653 et
784 3601 933 3657 stateram
958 3611 1136 3655 mensurare
1159 3597 1268 3669 solent,
1292 3597 1331 3656 ad
1354 3599 1449 3656 aliam
1465 3598 1585 3658 funtam
1608 3615 1662 3658 seu

397 3699 437 3759 ad
463 3701 548 3760 aliud
584 3701 706 3775 pondus
739 3715 799 3760 non
832 3701 924 3760 debet
948 3717 1135 3772 mensurare,
1171 3704 1231 3762 nisi
1254 3703 1293 3762 ad
1318 3703 1439 3763 funtam
1462 3721 1515 3764 seu
1539 3706 1662 3781 pondus
1709 3695 1714 3706 '

395 3807 658 3866 theuthonicalem
680 3824 734 3866 seu
758 3808 987 3866 theuthonicale
1011 3811 1070 3867 sub
1102 3810 1279 3884 perdicione
1310 3812 1382 3869 talis
1413 3813 1457 3870 rei
1488 3818 1662 3871 mensurate

396 3919 426 3971 et
448 3913 508 3970 sub
532 3914 745 3987 persolucione
776 3930 831 3972 sex
866 3903 1041 3973 marcaru'm
1077 3915 1274 3984 denariorum
1310 3918 1340 3976 in
1374 3932 1554 3977 communes
1588 3935 1662 3977 usus

398 4019 688 4094 persolvendarum,
713 4021 796 4094 quod
820 4025 885 4078 tota
907 4023 1113 4081 communitas
1136 4024 1323 4082 unanimiter
1345 4025 1452 4082 statuit
1468 4031 1498 4082 et
1514 4024 1662 4102 predictis

397 4126 519 4184 statutis
543 4123 690 4201 adjunxit.

501 4243 635 4308 Originale
653 4245 680 4294 in
699 4245 854 4294 membrana.
873 4248 905 4296 In
924 4247 1019 4299 archiv,
1038 4247 1085 4299 lib.
1105 4263 1157 4311 reg.
1177 4249 1238 4298 civit
1257 4250 1357 4313 zagrab.

503 4413 528 4478 ⁸)
553 4414 585 4461 In
602 4412 739 4478 originali:
771 4389 844 4470 saia,

1000 4513 1056 4578 41.

500 4649 582 4701 Anno
604 4663 678 4717 1425,
699 4665 740 4718 25.
760 4654 853 4704 martii.
873 4655 905 4702 In
923 4653 1014 4704 Thala.

500 4759 717 4836 sigismundus
741 4764 794 4823 dat
814 4765 934 4824 litteras
957 4765 996 4824 ad
1026 4765 1177 4848 Joannem
1210 4767 1393 4842 episcopum
1424 4769 1662 4842 zagrabiensem

393 4868 473 4926 sacri
495 4868 639 4928 Romanii
663 4871 796 4944 imperii,
827 4887 917 4929 suum
949 4887 985 4929 ac
1015 4872 1140 4944 regiuae
1171 4887 1331 4931 summum
1363 4875 1594 4946 cancellarium,
1625 4889 1662 4932 ac

392 4974 560 5032 Albertum
593 4975 694 5049 Ungh,
729 4976 870 5035 Priorem
904 4979 1057 5050 Aurariae,
1093 4977 1271 5038 Dalmatiae
1306 4985 1336 5038 et
1368 4980 1511 5039 Croatiae
1534 4980 1662 5051 benum,
