3932 5806
707 467 782 524 Doc.
806 480 876 544 241.
901 499 942 509 -
966 459 1135 542 An.1465.
1485 481 1545 541 299

279 685 311 744 in
334 684 435 743 littem
458 683 703 758 producerentur
725 697 827 742 cassas
850 683 1064 742 commisimus
1080 687 1111 741 et
1126 681 1247 740 viribus
1263 681 1424 752 carituras,
1447 679 1547 738 immo

279 790 507 848 exhibitoribus
533 789 714 849 earumdem
737 789 901 849 nocituras.
931 790 967 848 In
997 804 1133 864 quorum
1155 788 1297 846 omnium
1319 787 1548 862 premissorum

279 897 501 966 testimonium,
524 895 767 968 firmitatemque
792 899 975 969 perpetuam
1008 895 1203 970 presentibus
1234 891 1375 966 sigillum
1405 900 1548 950 nostrum

279 1017 444 1060 commune
468 1001 615 1060 duximus
637 985 887 1076 appendendum.
912 1001 1027 1058 Datum
1051 999 1128 1058 seria
1152 999 1286 1058 secunda
1310 999 1454 1073 proxima
1478 1003 1548 1055 ante

278 1108 394 1166 festum
416 1109 500 1166 beati
523 1107 667 1181 Gregorii
691 1123 781 1182 pape.
805 1110 896 1166 Anno
918 1107 1035 1165 domini
1055 1106 1226 1164 millesimo
1243 1103 1547 1179 quadringentesimo

194 1297 196 1300 Ι
278 1215 471 1288 sexagesimo
495 1214 611 1288 quinto.

385 1350 518 1415 Originale
545 1351 573 1399 in
591 1350 687 1400 charta.
725 1351 752 1398 A
772 1357 846 1413 tergo
865 1349 1002 1413 vestigium
1021 1351 1158 1415 imppressi
1176 1347 1266 1412 sigilli.
1302 1349 1335 1396 In
1359 1345 1474 1394 archivio
1498 1343 1544 1397 lib.

278 1455 330 1503 reg.
349 1439 397 1488 civ.
417 1438 597 1503 zugrnbiensis.

403 1753 406 1760 ,
887 1667 969 1733 241.

383 1810 464 1859 Anno
486 1809 560 1875 1465,
581 1822 594 1876 5
624 1809 714 1874 aprilis
743 1809 892 1874 Zagrablae.

277 1939 468 2014 Inquditione
490 1939 646 1996 constituta
668 1957 775 2012 inagna
798 1937 967 1996 detn'menta
990 1955 1009 1993 a
1040 1936 1238 1994 communitate
1266 1935 1392 1992 civitatis
1418 1910 1547 2016 *capitulo

269 2045 403 2120 prffecto
433 2062 491 2102 csse
521 2043 624 2100 adlata
653 2043 804 2102 Emericus
833 2044 867 2101 de
898 2042 1024 2120 Zapolja
1047 2050 1075 2100 et
1097 2041 1239 2100 Manlaus
1260 2041 1294 2098 dc
1327 2039 1412 2097 Vilak
1432 2038 1505 2099 bani
1525 2055 1545 2094 a

649 2152 783 2209 contrista
805 2149 923 2224 zagrab.
946 2151 1078 2208 certiores
1101 2151 1184 2213 fiunt.
1537 2119 1542 2128 δ

280 2312 282 2318 ·
363 2295 555 2368 -Magnificis
579 2297 655 2354 viris
678 2297 819 2353 Emerico
843 2295 882 2353 de
901 2295 1039 2368 Zapolya
1063 2309 1231 2366 regnorum
1262 2293 1361 2350 Boane
1391 2292 1545 2365 guberna·

277 2401 346 2469 tori,
367 2405 486 2460 necnon
510 2403 680 2473 Dalmacie,
703 2401 831 2459 Croacie
854 2407 884 2459 et
907 2401 1036 2460 Nicolao
1060 2401 1099 2458 de
1130 2400 1246 2473 Wylalr
1269 2399 1357 2472 regni
1381 2391 1544 2456 Sclauonie

278 2508 375 2579 banis,
399 2507 532 2566 dominis
555 2509 695 2581 ipsorum
719 2507 915 2578 honorandis,
934 2507 1110 2580 Stephanus
1127 2507 1267 2565 Bicchele
1281 2499 1328 2563 'de
1351 2504 1545 2577 Zelinyawar

276 2621 306 2673 et
331 2616 520 2687 Augustinus
543 2613 700 2673 Porkolab
723 2615 852 2672 comites
875 2631 910 2672 ac
935 2611 1051 2688 judices
1074 2614 1230 2672 nobilium
1254 2612 1419 2670 comitatus
1436 2624 1544 2682 ragra-

277 2705 391 2780 hi'ensis
418 2721 541 2778 servicii
571 2727 602 2778 et
631 2721 757 2778 honoris
789 2721 967 2794 continuum
999 2721 1230 2778 incrementum.
1262 2718 1413 2776 Noverint
1435 2715 1543 2774 eedem

277 2832 379 2886 vestre
403 2826 645 2898 magnificencie,
669 2813 761 2898 quod
776 2841 832 2883 nos
855 2827 973 2884 litteras
997 2827 1207 2899 inquisitorias
1237 2823 1433 2883 serenissimi·
1458 2823 1542 2896 prin·

276 2933 355 3007 cipis
375 2939 406 2991 et
429 2933 556 3004 domiui,
577 2933 695 2990 domini
720 2933 852 3005 Mathye,
876 2932 926 2990 dei
948 2933 1051 3004 gracia
1074 2932 1156 3005 regis
1179 2931 1349 3004 Hungarie,
1373 2929 1543 3000 Dalmacie,
1644 2996 1647 3004 Ι

277 3038 405 3096 Croacie
428 3045 483 3097 etc.
507 3037 625 3096 domini
648 3039 745 3096 nostri
760 3039 901 3112 graciosi,
925 3039 1029 3096 clause
1051 3043 1218 3110 emanatas,
1240 3037 1393 3109 nobisque
1416 3049 1543 3108 precep-

277 3131 354 3202 torie
376 3145 538 3217 loquentes
560 3151 591 3202 et
614 3144 746 3202 directas
769 3161 915 3218 sumpma
939 3161 1011 3202 cum
1041 3144 1192 3204 fidelitate
1220 3143 1394 3216 recepimus
1425 3142 1457 3199 in
1487 3142 1544 3199 hec

277 3251 392 3308 verba:
412 3245 499 3329 (vide
522 3251 599 3310 Doc.
625 3265 695 3326 239.
719 3250 757 3309 de
780 3265 859 3309 anno
882 3250 973 3326 1465.
998 3263 1028 3319 5.
1050 3243 1171 3328 aprilis)
1195 3249 1259 3308 Nos
1281 3250 1375 3322 igitur
1390 3246 1544 3306 mandatis

277 3355 390 3428 prefati
411 3355 530 3414 domini
545 3357 650 3414 'nostri
672 3358 754 3430 regis
776 3358 808 3414 in
830 3357 976 3416 omnibus
999 3356 1127 3415 obedire
1150 3357 1317 3430 cupientes,
1341 3359 1375 3414 ut
1391 3361 1540 3425 tenemur,

277 3463 434 3534 Mathyam
452 3461 497 3520 de,
513 3463 675 3521 Wmewcz
700 3469 730 3521 et
752 3463 933 3522 Ladislaum
955 3464 1098 3536 Imprycz
1119 3461 1157 3520 de
1178 3458 1384 3546 Jampnycha,
1407 3461 1486 3518 duos
1501 3476 1540 3518 ex

275 3567 374 3639 nobis,
390 3569 507 3626 scilicet
522 3567 638 3644 judices
660 3569 826 3640 nobilium,
849 3568 888 3626 ad
912 3571 1097 3643 premissam
1113 3569 1350 3642 inquisicionem
1366 3566 1541 3626 faciendam

276 3672 421 3731 duximus
453 3673 659 3746 destinandos,
691 3676 745 3747 qui
776 3675 902 3732 tandem
929 3675 968 3732 ad
1000 3691 1056 3732 nos
1079 3675 1190 3732 exinde
1212 3675 1330 3733 reversi
1352 3675 1444 3732 nobis
1468 3689 1540 3731 con·

275 3778 410 3837 corditer
433 3780 606 3838 retulerunt
627 3795 663 3838 eo
687 3779 790 3850 modo,
812 3786 846 3838 ut
869 3781 929 3854 ipsi
951 3781 992 3838 ab
1024 3781 1169 3839 omnibus
1193 3781 1307 3854 quibus
1339 3780 1490 3838 decuisset
1512 3785 1543 3838 et

276 3885 412 3943 licuisset
443 3886 549 3958 palam
585 3894 614 3943 et
645 3886 766 3945 occulte
797 3886 962 3960 diligenter
985 3888 1183 3961 inquirentes,
1207 3889 1311 3946 omnia
1336 3888 1487 3962 premissa
1512 3892 1542 3945 et

274 3991 383 4062 quevis
408 3993 631 4064 premissorum
653 3993 775 4065 singula
798 3995 842 4051 sic
864 3995 1018 4052 eteoclem
1035 3994 1128 4051 modo
1145 3993 1225 4051 iacta
1243 3994 1309 4052 fore
1332 3985 1542 4066 rescivissent,

275 4103 367 4168 prout
392 4096 512 4170 prefato
536 4097 662 4156 domino
684 4105 792 4156 nostro
814 4101 880 4172 regi
903 4100 1021 4158 dictum
1045 4100 1195 4158 extitisset
1218 4107 1247 4158 et
1270 4091 1539 4174 quemadmodum

274 4206 363 4260 tenos
397 4203 573 4260 litterarum
608 4205 762 4276 regalium
797 4207 966 4264 contineret
1000 4206 1227 4278 predictarum,
1263 4222 1395 4280 quarum
1429 4207 1541 4265 seriem

276 4307 393 4366 eisdem
417 4310 532 4368 vestris·
551 4311 792 4382 magnificenciis
816 4311 960 4370 duximus
984 4313 1223 4372 rescribendam.
1247 4315 1363 4372 Datum
1389 4313 1541 4386 Zagrabie

274 4412 351 4472 feria
382 4419 469 4473 sexta
500 4417 644 4489 proxima
676 4423 746 4475 ante
777 4418 965 4477 dominicam
989 4421 1284 4493 Ramispalmarum.
1308 4423 1399 4478 Anno
1422 4420 1540 4478 domini

273 4520 443 4580 millesimo
467 4523 772 4596 quadringentesimo
795 4525 988 4598 sexagesimo
1012 4527 1128 4599 quinto.

380 4656 514 4721 Originale
532 4655 559 4708 in
579 4658 676 4710 charta.
704 4659 732 4707 A
751 4665 823 4722 tergo
842 4661 951 4724 vestigia
969 4677 1014 4709 sex
1031 4661 1183 4726 sigillorum.
1212 4664 1244 4711 In
1263 4663 1358 4714 archiv.
1378 4679 1434 4713 ven.
1455 4661 1538 4727 Capit.

272 4744 373 4806 zagrab.
394 4745 456 4794 Act.
475 4761 530 4811 cap.
550 4755 602 4798 ant.
622 4748 684 4798 fasc.
708 4759 746 4798 ιο.
766 4763 803 4800 ur.
824 4749 847 4800 8.
