3948 5804
731 531 804 590 Doc.
826 544 878 609 40.
904 561 944 572 -
968 530 1024 588 Ανι
1050 541 1139 608 1425.
1524 550 1564 611 49

404 745 491 818 Item,
515 744 622 804 nullus
651 746 910 804 stacionariorum
944 747 996 805 vel
1019 747 1197 806 institorum
1232 745 1327 806 telam
1363 763 1475 819 emere,
1510 763 1566 807 nec

299 850 397 908 eciam
419 855 555 908 sartores
578 866 676 924 usque
700 850 865 909 meridiem
888 850 927 908 ad
950 851 1180 911 revendendam
1205 853 1338 911 eandem
1368 869 1473 912 emere
1496 869 1567 928 pre·

298 963 431 1028 sumant,
455 959 514 1015 sub
531 958 732 1017 ammissione
748 957 887 1016 eiusdem
905 956 974 1030 tele,
989 958 1049 1016 nisi
1064 973 1190 1034 semper
1212 959 1300 1033 prius
1317 959 1400 1018 cives
1413 957 1565 1018 forizandi

298 1063 433 1122 liberam
455 1064 591 1122 habeant
613 1069 808 1139 potestatem.

405 1187 492 1260 item,
515 1187 622 1246 nullus
637 1187 801 1246 hominum
825 1192 890 1246 tam
913 1185 1155 1246 domesticorum
1179 1202 1274 1261 quam
1292 1188 1392 1246 eciam
1406 1191 1566 1248 extraneo-

298 1309 371 1352 rum
393 1307 533 1365 avenam,
558 1292 665 1351 lenum
688 1298 718 1351 et
741 1292 934 1352 trumentum
957 1308 1056 1367 usque
1079 1293 1244 1352 meridiem
1266 1293 1306 1352 ad
1329 1294 1565 1353 revendendum

299 1415 402 1458 emere
435 1404 639 1474 presummat,
663 1413 709 1472 eo,
740 1399 824 1473 quod
848 1399 969 1458 civibus
993 1401 1143 1474 competit
1165 1398 1295 1475 juridice
1318 1401 1406 1476 prius
1429 1415 1487 1475 pro
1511 1400 1566 1458 do·

298 1505 404 1564 mibus
426 1520 536 1565 eorum
558 1505 729 1564 necessaria
752 1520 944 1580 comparare,
968 1505 1114 1564 omnibus
1145 1511 1250 1564 autem
1281 1521 1339 1581 per
1368 1521 1429 1580 eos,
1458 1511 1566 1565 contra

298 1627 425 1687 presens
449 1611 609 1671 decretum
632 1612 755 1687 emptis,
778 1627 837 1686 per
857 1610 976 1688 juratos
998 1612 1133 1670 civitatis
1155 1613 1326 1686 priventur.

403 1737 490 1808 Item,
513 1737 652 1795 universi
674 1740 705 1794 et
727 1735 842 1809 singuli
864 1737 1087 1809 cuiuscumque
1109 1739 1207 1795 status
1229 1741 1260 1794 et
1290 1735 1480 1794 condicionis
1510 1736 1565 1795 ho·

299 1843 398 1902 mines
421 1843 562 1915 existant,
586 1843 641 1916 qui
664 1843 771 1916 aliqua
792 1843 994 1901 mercimonia
1025 1858 1117 1900 causa
1151 1841 1306 1902 vendendi
1340 1843 1372 1902 in
1404 1843 1565 1901 civitatem

300 1947 506 2008 conducerent
527 1957 581 2008 aut
604 1949 703 2008 eciam
725 1954 936 2025 apportarent,
959 1948 1034 2006 talia
1057 1949 1259 2008 mercimonia
1282 1963 1343 2008 non
1367 1949 1399 2007 in
1421 1950 1563 2024 hospicio

298 2053 353 2113 sed
376 2056 407 2114 in
430 2055 499 2114 toro
523 2055 659 2115 vendere
689 2061 863 2129 teneantur;
896 2056 951 2114 ubi
974 2071 1050 2114 vero
1072 2055 1105 2115 in
1135 2055 1276 2130 hospicio
1299 2056 1463 2115 inscienter
1492 2071 1566 2114 ven-

300 2159 416 2235 derent,
440 2163 512 2236 quia
534 2164 652 2238 hospiti
675 2178 786 2222 eorum
809 2167 854 2221 est
877 2167 986 2221 notum
1011 2166 1161 2221 statutum
1177 2161 1319 2234 civitatis,
1336 2161 1407 2221 ideo
1422 2163 1566 2222 valorem

302 2283 407 2326 rerum
431 2268 629 2328 venditarum
663 2269 778 2345 hospes
808 2268 920 2327 domus
950 2267 1062 2328 debeat
1085 2267 1251 2328 sublevare
1274 2269 1306 2326 in
1329 2283 1438 2327 earum
1460 2268 1566 2344 perdi·

299 2374 395 2447 cione,
418 2380 530 2450 utputa
553 2373 650 2452 judici
673 2381 703 2434 et
725 2374 834 2452 juratis
856 2374 942 2434 illius
965 2375 1045 2432 anni.

402 2499 488 2572 Item,
512 2500 668 2573 lucifiguli
690 2501 721 2558 in
744 2499 885 2574 quolibet
909 2497 978 2558 foro
1001 2503 1147 2556 consveto
1170 2498 1250 2556 ollas
1286 2503 1317 2556 et
1351 2499 1469 2572 picaria
1503 2513 1562 2573 pro

298 2605 573 2665 thabernaton'bus
595 2607 661 2664 vini
683 2607 855 2664 necessaria
878 2604 1084 2680 preparando‚
1108 2609 1179 2663 ante
1201 2621 1234 2663 se
1268 2605 1385 2662 habere
1416 2605 1565 2676 debeant;

298 2715 328 2769 et
350 2715 385 2769 ut
408 2717 541 2786 quatuor
565 2713 682 2786 picaria
705 2726 763 2786 pro
786 2726 849 2770 uno
872 2710 1001 2770 denario
1024 2711 1099 2770 dare
1126 2714 1294 2770 teneantur.
1326 2711 1360 2768 In
1384 2726 1457 2770 casu
1479 2725 1564 2784 vero,

298 2832 360 2892 quo
384 2819 501 2893 picaria
524 2819 564 2878 ad
587 2818 691 2877 forum
714 2824 882 2893 apportare
916 2833 977 2876 non
1012 2825 1163 2890 curarent,
1195 2821 1302 2876 contra
1332 2815 1565 2876 mandatorium

297 2930 447 2984 statutum
470 2926 701 2984 communitatis
718 2931 791 2984 tunc
813 2924 886 2984 ollis
909 2939 1014 2983 coram
1039 2925 1082 2982 eis
1104 2925 1219 2983 habitis
1242 2924 1407 2998 priventur
1438 2939 1496 2998 per
1516 2921 1563 2999 ju-

297 3036 380 3090 ratos
405 3033 549 3106 civitatis,
573 3033 605 3090 in
628 3032 764 3092 secundo
787 3045 863 3090 vero
884 3033 1036 3090 maiorem
1059 3045 1172 3105 penam
1197 3031 1367 3105 pacientur.

401 3155 488 3228 Item,
513 3155 646 3229 quilibet
668 3156 764 3214 bomo
788 3170 878 3214 veras
901 3170 1062 3212 mensuras
1085 3155 1173 3228 signo
1194 3153 1426 3212 communitatis
1449 3157 1479 3212 et
1513 3149 1560 3230 ju·

299 3258 376 3318 dicis
399 3261 485 3320 iliius
507 3262 578 3320 anni
614 3263 816 3336 consignatas,
839 3259 986 3319 videlicet
1020 3259 1190 3319 bladorum
1223 3266 1253 3317 et
1281 3260 1435 3332 vinorum,
1471 3265 1564 3334 puta:

298 3366 438 3425 medium
461 3368 622 3441 eubulum,
657 3368 798 3442 quartale
832 3368 948 3442 cubuli,
977 3373 1071 3442 prout
1101 3367 1226 3441 lapidea
1255 3381 1401 3424 mensura
1429 3367 1564 3425 civitatis

298 3471 497 3546 demonstrat,
545 3475 621 3532 item
654 3475 791 3534 mediam
826 3475 891 3533 vini
923 3490 978 3533 seu
1008 3475 1138 3549 pintam,
1161 3479 1214 3531 aut
1237 3472 1389 3547 quartale,
1411 3469 1508 3548 justas
1531 3477 1562 3532 et

298 3595 387 3638 veras
410 3594 534 3639 servare
558 3585 725 3654 teneantur,
749 3582 809 3640 sub
833 3581 1033 3641 ammissione
1055 3595 1162 3640 rerum
1185 3585 1258 3639 tunc
1280 3579 1449 3638 venalium.

401 3703 488 3776 Item,
512 3705 617 3764 nullus
640 3705 803 3764 hominum
826 3706 859 3764 in
881 3707 1013 3766 circuitu
1036 3706 1170 3765 civitatis
1193 3710 1223 3762 et
1254 3719 1354 3780 prope
1385 3718 1421 3760 ac
1453 3704 1564 3763 subtus

298 3825 425 3868 murum
448 3811 588 3870 eiusdem
610 3812 744 3870 civitatis
767 3817 884 3872 terram
905 3829 959 3872 seu
982 3813 1129 3887 argillam
1152 3811 1218 3870 fodi
1241 3810 1343 3870 iacere
1359 3817 1563 3884 presummat,

297 3919 327 3973 et
350 3917 376 3974 si
399 3917 460 3989 qui,
485 3918 537 3975 vel
560 3919 654 3976 homo
678 3919 901 3993 cuiuscumque
917 3919 1107 3978 condicionis
1123 3920 1154 3978 in
1171 3919 1286 3976 talibus
1301 3921 1444 3991 repertus
1460 3914 1563 3988 luerit,

295 4021 328 4080 in
350 4022 455 4098 primo
478 4024 637 4098 sexaginta
660 4023 803 4083 denarios
826 4041 885 4100 pro
908 4041 989 4100 pena
1017 4025 1128 4096 solvat,
1159 4025 1192 4083 in
1225 4021 1361 4081 secundo
1395 4036 1472 4080 vero
1497 4027 1559 4080 tres

296 4143 408 4203 pensas
442 4133 473 4187 et
502 4130 534 4188 in
566 4131 662 4190 tercio
697 4131 809 4190 maiori
839 4147 919 4206 pena
942 4137 1035 4206 prout
1058 4131 1090 4188 in
1110 4129 1279 4204 privilegio
1302 4127 1436 4186 civitatis
1460 4127 1559 4185 conti·

298 4239 398 4308 netur,
421 4235 578 4311 punietur.

402 4359 489 4433 Item,
511 4359 618 4418 nullus
641 4360 804 4418 bominum
828 4359 1004 4433 spurcicias,
1028 4360 1124 4433 vulgo
1147 4363 1249 4431 zmety
1272 4357 1379 4428 dictas,
1402 4356 1435 4414 in
1469 4355 1563 4416 domo

298 4469 441 4540 scopatas
463 4482 519 4524 nec
541 4467 640 4525 eciam
663 4465 817 4524 lavatoria
840 4467 1057 4524 scultellarum
1080 4466 1133 4524 rel
1149 4466 1282 4523 aliarum
1298 4461 1562 4522 inmundiciarum

298 4570 467 4631 fetidarum
477 4573 654 4648 specialiter
676 4574 825 4647 cinerum,
849 4573 1021 4646 vulgariter
1044 4573 1154 4647 parilo,
1177 4577 1207 4630 et
1231 4570 1385 4646 poplatby
1407 4568 1563 4628 dictorum

294 4675 334 4736 ad
357 4677 478 4752 plateas
501 4694 682 4739 communes
704 4679 913 4740 nullomodo
947 4681 1088 4754 proicere
1121 4683 1175 4736 aut
1204 4676 1334 4736 fundere
1369 4681 1564 4751 presummat

293 4799 350 4844 nec
373 4785 434 4844 sint
455 4786 523 4844 ausi
545 4786 640 4845 modo
664 4787 802 4861 aliquali.
837 4787 899 4862 Qui
922 4793 1028 4846 autem
1062 4785 1199 4856 fecerint,
1229 4784 1307 4843 tales
1338 4785 1371 4844 in
1403 4785 1563 4856 sexaginta

292 4888 427 4950 denariis
450 4891 482 4950 in
505 4893 609 4967 primo
631 4893 863 4964 convincantur,
886 4895 919 4952 in
942 4892 1078 4953 secundo
1100 4893 1132 4952 in
1155 4891 1256 4951 tribus
1279 4891 1392 4965 pensis,
1415 4890 1447 4949 in
1468 4889 1564 4948 tercio

292 5011 368 5056 vero
390 4997 543 5056 maiorem
566 5013 680 5073 penam
704 4999 874 5073 pacientur.

1454 5119 1474 5174 4
