3804 5858
907 562 979 620 Dor.
997 571 1069 638 375.
1093 595 1137 604 -
1160 561 1216 618 An.
1241 571 1331 637 1495.

1070 771 1161 840 3¹15.

567 905 639 948 Anno
662 907 736 961 1495,
758 908 781 958 3.
801 895 933 946 februarii.
953 894 1101 958 Zagrabiue.

462 1033 577 1090 Damus
606 1031 747 1106 quaedam
777 1048 839 1087 cum
862 1029 963 1104 funda
985 1031 1016 1087 in
1043 1031 1129 1088 Nava
1153 1049 1200 1088 ves
1234 1032 1288 1087 sita
1311 1031 1477 1089 annectitur
1491 1037 1550 1104 per
1571 1029 1726 1102 capitulum

717 1155 789 1194 arae
810 1137 836 1196 b.
861 1137 960 1193 Pauli
980 1137 1012 1192 in
1036 1137 1150 1193 ecclesia
1172 1136 1335 1194 cathedrali
1346 1137 1503 1212 fundatae.

570 1296 662 1358 1495·
684 1282 772 1340 Feria
795 1283 889 1339 tercia
912 1281 943 1339 in
967 1279 1045 1339 testo
1069 1281 1152 1339 beati
1174 1280 1270 1340 Blasii
1293 1281 1438 1352 martiris,
1463 1280 1585 1340 domini
1608 1281 1725 1354 capitu·

463 1389 571 1448 lariter
601 1388 787 1462 congregati,
817 1387 946 1444 domum
969 1402 1040 1444 cum
1072 1385 1178 1458 fundo,
1204 1402 1299 1460 quam
1323 1387 1401 1445 alias
1424 1386 1558 1445 condam
1582 1385 1726 1444 dominus

460 1496 595 1581 Jacobus
623 1493 856 1552 archidiaconus
886 1492 1054 1566 goricensis
1076 1493 1108 1551 in
1140 1491 1228 1550 Nova
1250 1491 1329 1550 villa
1352 1491 1537 1550 fundaverat
1569 1492 1611 1550 ad
1641 1506 1726 1550 aram

463 1601 560 1660 sancti
583 1597 738 1670 Bernardi,
763 1597 873 1656 deinde
896 1597 1030 1656 condam
1055 1598 1201 1670 magister
1224 1596 1375 1672 Georgius
1399 1598 1437 1655 de
1469 1598 1657 1670 Mylethinez
1680 1613 1726 1656 ca·

463 1709 590 1767 nonicus
612 1706 819 1778 zagrabiensis
842 1706 964 1780 penitus
990 1705 1162 1764 desolatam
1185 1705 1298 1762 iterum
1322 1705 1361 1763 de
1384 1719 1467 1764 novo
1490 1705 1726 1779 erexeratque

460 1814 523 1872 iam
545 1813 659 1871 iterum
681 1812 803 1872 ruinam
819 1811 1004 1882 minabatur,
1019 1826 1119 1886 neque
1141 1810 1254 1884 aliquis
1277 1810 1431 1886 presbiter
1453 1809 1581 1869 adeam
1616 1813 1725 1886 guber·

461 1918 597 1978 nandam
630 1918 739 1976 haberi
775 1917 884 1994 potuit,
918 1916 988 1976 ideo
1022 1915 1152 1975 eandem
1181 1915 1310 1974 domum
1345 1932 1419 1976 cum
1441 1915 1538 1976 fundo
1577 1917 1721 1975 adaram

462 2025 545 2089 beati
572 2023 661 2082 Pauli
691 2023 827 2098 apostoli
855 2024 887 2082 in
917 2022 1047 2080 ecclesia
1068 2022 1267 2102 ¹zagrabiensi
1291 2021 1461 2095 fundatam,
1484 2023 1583 2082 iidem
1608 2022 1723 2081 domini

461 2135 652 2190 annexerunt
675 2135 843 2202 perpetue,
867 2129 1036 2188 lococuius
1060 2128 1172 2186 domus
1195 2135 1226 2187 et
1249 2127 1338 2190 tundi
1361 2145 1378 2186 e
1400 2145 1552 2188 converso
1577 2130 1718 2188 dominus

461 2237 616 2321 Johannes
638 2236 872 2294 archidiaconus
896 2235 1069 2308 goricensis,
1094 2235 1234 2294 eiusdem
1256 2251 1309 2294 are
1333 2236 1524 2310 gubernator
1548 2236 1723 2304 modernus,

463 2343 526 2402 duo
549 2343 654 2402 civilia
676 2343 707 2401 in
730 2342 840 2402 eadem
856 2342 944 2400 Nova
960 2341 1038 2399 villa
1061 2341 1176 2413 habita,
1200 2341 1240 2400 ad
1264 2341 1380 2400 dictam
1403 2358 1491 2401 aram
1514 2344 1614 2402 sancti
1640 2341 1724 2400 Pauli

464 2450 660 2524 pertinencia,
678 2464 734 2524 per
754 2451 839 2522 ipsos
862 2447 1004 2505 dominos
1021 2447 1120 2506 libere
1142 2446 1303 2506 vendenda
1327 2448 1447 2506 remisit
1470 2453 1500 2507 et
1514 2464 1574 2522 per
1598 2447 1722 2508 modum

463 2556 638 2614 concambii
661 2555 746 2614 dedit
768 2555 818 2626 ita,
841 2563 877 2612 ut
899 2553 1040 2629 precium
1064 2555 1204 2628 ipsorum
1228 2553 1369 2612 civilium
1392 2553 1432 2610 ad
1456 2569 1549 2612 usum
1574 2555 1655 2614 dicte
1675 2567 1724 2610 are

463 2663 561 2722 sancti
595 2661 743 2720 Bernardi
777 2665 988 2731 convertatur;
1022 2659 1088 2718 eius
1120 2659 1255 2732 vineam,
1289 2666 1388 2718 terras
1410 2661 1547 2719 arabiles
1571 2667 1602 2721 et
1625 2659 1724 2719 senilia

465 2785 537 2828 cum
567 2769 711 2828 omnibus
746 2768 815 2826 aliis
848 2767 943 2826 rebus
976 2772 1007 2824 et
1030 2766 1120 2824 bonis
1143 2765 1183 2824 ad
1206 2764 1336 2824 eandem
1360 2781 1448 2824 aram
1469 2767 1554 2826 beati
1580 2763 1723 2826 Bemardi

463 2874 695 2948 pertinentibus,
719 2874 779 2948 ipsi
802 2873 972 2930 dominiad
989 2871 1179 2946 prebendam
1197 2871 1315 2930 domini
1333 2871 1464 2946 Andree,
1485 2873 1568 2932 alias
1591 2871 1722 2948 plebani,

466 2995 560 3056 quam
584 2980 667 3039 idem
691 2979 845 3038 adiutorio
872 2984 1028 3037 certorum
1052 2978 1207 3035 bonorum
1229 2979 1371 3036 virorum
1396 2977 1434 3037 de
1456 2993 1540 3038 noro
1563 2977 1725 3049 edificavit,

463 3087 677 3158 adiunxerunt,
701 3087 744 3144 ita
775 3092 886 3156 tamen,
912 3084 996 3158 quod
1020 3085 1088 3158 ipse
1111 3083 1254 3142 dominus
1279 3083 1418 3143 Andreas
1442 3086 1669 3160 prebendarius
1697 3086 1724 3140 et

466 3209 656 3252 successores
689 3193 737 3250 sui
771 3193 803 3251 in
837 3192 977 3267 qualibet
1013 3190 1190 3249 ebdomada
1224 3191 1255 3248 in
1287 3192 1418 3249 ecclesia
1439 3191 1618 3251 kathedrali
1641 3191 1723 3250 illam

373 3317 376 3324 ·
466 3315 561 3358 unam
595 3299 719 3357 solitam
757 3297 884 3357 missam
920 3296 1069 3371 perficere
1103 3312 1165 3356 uon
1199 3297 1365 3369 negligant
1388 3297 1617 3372 Cuiusquidem
1639 3296 1725 3354 misse

466 3421 544 3464 onus
567 3404 650 3464 idem
674 3403 818 3462 dominus
842 3401 981 3461 Andreas
1005 3403 1035 3460 in
1059 3418 1091 3460 se
1121 3402 1274 3459 benevole
1297 3404 1473 3477 assumpsit.
1500 3402 1724 3464 Nichilominus

470 3512 623 3584 volumus,
647 3517 681 3568 nt
711 3509 795 3567 idem
825 3508 968 3567 dominus
999 3507 1138 3566 Andreas
1161 3512 1261 3565 totum
1283 3508 1492 3569 inventarium
1515 3511 1656 3570 eiusdem
1676 3521 1725 3565 are

471 3617 554 3676 beati
577 3615 732 3688 Bemardi,
756 3615 807 3673 hic
830 3616 957 3689 propria
981 3630 1075 3673 manu
1099 3615 1282 3672 subscribat.

576 3763 650 3818 1502.
675 3753 743 3800 Item
767 3750 834 3800 illud
852 3766 931 3800 unum
949 3749 1033 3808 civile,
1054 3738 1171 3815 superius
1191 3751 1356 3816 descriptum,
1376 3768 1465 3802 versus
1483 3753 1659 3804 molendinum
1676 3765 1723 3800 nte·

468 3843 545 3908 gistri
572 3842 690 3900 Fabiani,
710 3840 842 3890 venditum
869 3841 919 3890 tuit
944 3856 990 3904 per
1008 3842 1116 3891 condam
1141 3842 1274 3892 dominum
1290 3841 1438 3906 Johannem
1456 3843 1591 3893 custodem
1608 3843 1641 3893 nd
1659 3853 1723 3890 mnn-

469 3933 559 3982 datum
577 3931 739 3980 dominorum
757 3929 811 3982 flor.
831 3935 948 3992 quatuor,
973 3930 1019 3994 qui
1038 3931 1141 3980 tandem
1160 3937 1219 3996 post
1238 3937 1346 3980 mortem
1364 3931 1481 3980 eiusdem
1500 3947 1532 3980 ex
1551 3929 1724 3982 commissione

467 4021 629 4070 dominorum
647 4019 771 4083 assignati
789 4025 848 4067 sunt
867 4018 900 4067 ad
919 4033 1008 4068 manus
1026 4019 1226 4083 prefatidomini
1242 4017 1372 4084 Johannis
1391 4019 1566 4070 archidiaconi
1587 4014 1722 4085 gon'censis

466 4115 496 4158 nt
524 4115 684 4174 exponantur
712 4107 745 4156 ad
772 4105 911 4156 utilitatem
941 4106 1068 4172 prelibata
1095 4124 1138 4157 are
1157 4108 1238 4157 sancti
1257 4107 1389 4158 Bernardi.
1410 4108 1509 4158 Actum
1528 4109 1555 4158 in
1574 4109 1641 4158 festo
1658 4102 1721 4154 besti

472 4196 591 4248 Silvestri
610 4213 676 4262 pape
698 4207 772 4262 1502.

576 4320 655 4369 Liber
673 4320 775 4376 rubeus,
795 4326 823 4369 ut
842 4334 928 4385 supra.
