3930 5802
693 558 767 615 Doc.
789 565 856 632 127.
878 589 922 599 -
944 556 1000 614 An.
1023 571 1116 636 1439.
1480 574 1539 632 ιη

277 787 479 863 Stephanum,
517 788 619 848 filium
658 788 817 848 Michaelis
851 803 886 846 ac
918 788 1111 864 Michaelem,
1141 789 1243 848 filium
1267 788 1450 860 Sebastiani,
1483 792 1542 849 An·

277 895 421 953 thonium
448 895 612 966 Italicum,
644 895 818 967 Briccium,
856 895 960 954 filium
991 895 1169 970 Benedicti,
1199 897 1325 955 Petrum
1359 897 1544 970 Hungarum

277 1005 308 1058 et
338 1000 509 1074 Georgium
540 1005 701 1072 sartorem,
725 1001 804 1058 alias
839 999 976 1076 judices,
1008 1015 1127 1060 necnon
1160 1002 1332 1061 Fabianum
1362 1001 1543 1075 litteratum,

278 1106 406 1178 Friche,
446 1106 603 1178 Blasium,
642 1106 745 1164 filium
781 1105 993 1180 Wythezych,
1028 1105 1218 1181 Georgium,
1257 1107 1359 1166 filium
1390 1107 1545 1167 Francisci

278 1215 308 1268 et
341 1212 420 1270 alios
452 1209 570 1287 juratos
611 1227 647 1270 ac
681 1213 786 1282 cives,
826 1213 964 1286 hospites
999 1218 1030 1271 et
1062 1218 1159 1271 totam
1190 1213 1444 1272 communitatem
1474 1229 1545 1288 pre-

278 1315 359 1375 dicte
388 1317 523 1376 civitatis
553 1319 667 1376 montis
698 1317 860 1377 Grecensis
890 1319 922 1376 in
952 1317 1060 1377 eadem
1092 1319 1216 1376 civitate
1247 1319 1360 1377 montis
1383 1318 1545 1378 Grecensis

277 1427 384 1481 contra
417 1427 598 1482 annotatum
628 1423 801 1497 capitulum
836 1424 963 1482 ecclesie
997 1424 1205 1498 zagrabiensis
1240 1423 1280 1482 ad
1312 1428 1438 1483 octavas
1473 1423 1545 1484 festi

277 1529 361 1590 beati
394 1528 523 1603 Georgii
556 1531 701 1602 martiris,
735 1537 807 1590 tunc
841 1537 995 1602 venturas,
1031 1532 1115 1604 regie
1138 1531 1311 1591 serenitatis
1333 1537 1491 1590 evocasset
1512 1531 1545 1591 in

277 1636 479 1709 presenciam,
494 1637 651 1695 racionem
674 1636 712 1695 de
735 1638 896 1710 premissis
917 1636 1109 1708 reddituros;
1133 1637 1173 1695 ad
1196 1635 1402 1711 quasquidem
1418 1642 1544 1695 octavas

277 1739 347 1799 festi
370 1742 454 1800 beati
475 1742 635 1800 Michaelis
657 1743 836 1815 archangeli
859 1742 974 1816 prefati
997 1744 1029 1801 in
1051 1757 1177 1801 causam
1208 1742 1331 1801 attracti
1364 1759 1421 1818 per
1450 1757 1545 1801 anno-

277 1852 378 1906 tatum
400 1854 635 1923 procuratorem
659 1849 734 1907 dicti
758 1849 888 1923 capituli
910 1849 942 1908 in
964 1865 1097 1924 persona
1120 1849 1258 1908 eiusdem
1275 1849 1419 1921 congruis
1434 1847 1544 1907 diebus

277 1953 416 2028 ipsarum
438 1960 621 2013 octavarum
643 1971 748 2014 coram
772 1956 840 2030 ipso
864 1957 977 2014 comite
1001 1956 1135 2014 Mathius
1165 1955 1320 2029 expectati
1350 1953 1489 2014 eiusdem
1512 1953 1545 2013 in

276 2060 469 2135 presenciam
484 2077 546 2120 non
567 2063 730 2135 venissent,
753 2077 853 2135 neque
865 2063 1029 2133 misissent,
1052 2077 1085 2120 se
1107 2061 1317 2120 mediantibus
1340 2061 1410 2120 aliis
1432 2059 1544 2118 litteris

277 2165 415 2224 eiusdem
431 2167 552 2225 comitis
568 2168 702 2226 Mathius
716 2165 916 2243 judicialibus
939 2168 1050 2227 exinde
1073 2167 1220 2226 consectis
1244 2168 1276 2226 in
1297 2165 1412 2243 judicio
1435 2179 1544 2239 aggra-

277 2271 345 2329 vari
369 2271 590 2346 permittentes,
606 2274 766 2348 postulans
781 2273 920 2348 prefatus
936 2279 1120 2349 procurator
1143 2273 1219 2332 dicti
1241 2273 1369 2348 capituli
1385 2272 1487 2331 eidem
1505 2287 1544 2330 ex

278 2383 366 2452 parte
378 2383 624 2437 memoratorum
635 2379 668 2438 in
683 2395 807 2438 causam
824 2386 1014 2439 atractorum
1024 2395 1088 2455 per
1103 2379 1236 2438 eundern
1252 2379 1398 2437 comitem
1410 2378 1545 2437 Mathius

276 2485 309 2542 in
331 2485 491 2558 premissis
513 2483 590 2561 juris
613 2487 781 2560 equitatem
804 2487 966 2560 impertiri.
989 2487 1028 2544 Et
1050 2487 1123 2560 quia
1154 2484 1250 2544 iidem
1282 2483 1464 2560 Stephanus,
1487 2483 1545 2541 Mi·

277 2590 374 2662 chael,
398 2591 580 2662 Anthonius,
602 2592 747 2676 Jacobus,
771 2593 915 2666 Briccius‚
940 2593 1057 2665 Petrus,
1081 2591 1235 2665 Georgius
1251 2597 1281 2649 et
1296 2587 1442 2649 Nicolaus
1465 2589 1544 2647 alias

275 2693 401 2772 judices,
424 2713 542 2756 necnon
561 2698 715 2757 Fabianus
737 2699 901 2772 litteratus,
925 2699 1045 2757 Blasius
1076 2703 1106 2756 et
1129 2697 1282 2770 Georgius
1304 2695 1421 2769 aliique
1441 2692 1544 2772 jurati,

276 2817 393 2861 necnon
425 2804 509 2862 cives
543 2809 573 2862 et
606 2805 744 2880 hospites
774 2810 804 2864 et
827 2810 892 2863 tota
919 2805 1126 2864 communitas
1150 2804 1231 2862 dicte
1253 2803 1388 2862 civitatis
1410 2801 1449 2860 ad
1472 2817 1542 2876 pre·

277 2909 372 2968 missa
395 2909 463 2968 vice
483 2911 665 2970 secundaria
689 2911 840 2970 evocandi
863 2913 923 2970 visi
946 2911 1013 2970 fore
1037 2911 1174 2982 fuissent,
1197 2925 1255 2984 pro
1279 2925 1315 2968 eo
1338 2908 1422 2968 idem
1439 2923 1544 2966 comes

276 3016 411 3074 Mathius
434 3022 572 3075 vestram
595 3018 767 3076 amiciciam
790 3017 973 3076 litteratorie
994 3018 1154 3092 petivisset
1188 3016 1364 3089 diligenter,
1394 3019 1545 3090 quatenus

278 3127 416 3179 vestrum
439 3122 602 3180 mitteretis
624 3123 783 3182 hominem
807 3138 866 3197 pro
890 3123 1066 3182 testimonio
1089 3121 1152 3180 lide
1172 3121 1310 3195 dignum,
1326 3136 1389 3195 quo
1404 3125 1545 3195 presente

275 3227 370 3284 homo
404 3227 508 3300 regius
541 3227 621 3286 infra
656 3228 869 3302 declarandus,
907 3234 1096 3288 memoratos
1130 3227 1331 3302 Stephanum,
1362 3227 1465 3285 filium
1489 3225 1545 3284 Mi-

276 3332 400 3406 chaelis,
431 3333 624 3406 Michaelem,
647 3334 750 3394 filium
772 3334 954 3407 Sebastiam,
985 3335 1178 3393 Anthonium
1208 3333 1359 3406 Italicum,
1392 3331 1545 3390 Briccium

275 3438 513 3512 Dombrensem‚
536 3439 664 3498 Petrum
697 3441 891 3515 Hungarum,
924 3441 1096 3514 Georgium
1128 3445 1281 3498 sartorem
1311 3445 1342 3497 et
1369 3437 1544 3510 Nicolaum,

275 3545 353 3605 alias
374 3542 500 3621 judices,
522 3561 641 3605 necnon
662 3547 836 3605 Fabianum
857 3548 1039 3620 litteratum,
1060 3546 1178 3618 Friche,
1195 3545 1342 3616 Blasium,
1365 3543 1469 3602 filium
1491 3543 1545 3601 Vi·

274 3652 383 3724 tezych
405 3655 436 3710 et
457 3650 637 3726 Georgium,
660 3651 763 3710 filium
785 3652 940 3711 Francisci
962 3667 999 3710 ac
1021 3651 1100 3710 alios
1115 3650 1241 3727 juratos,
1257 3651 1341 3708 cives
1357 3653 1387 3708 et
1405 3648 1545 3722 hospites

275 3762 305 3815 et
327 3763 426 3816 totam
448 3759 704 3817 communitatem
726 3759 860 3818 civitatis
883 3760 998 3818 montis
1011 3756 1241 3821 Grecensisde
1256 3757 1343 3815 iuxta
1358 3754 1545 3828 Zagrabiam

273 3863 305 3922 in
328 3865 488 3938 premissis
510 3865 743 3939 perhemptorie
766 3880 978 3940 responsuros,
1000 3865 1219 3937 racionemque
1252 3862 1411 3921 efficacem
1436 3857 1539 3918 reddi·

276 3975 362 4030 turos
396 3977 504 4030 contra
537 3977 719 4030 annotatum
753 3973 926 4047 capitutum
964 3971 1092 4030 ecclesie
1127 3969 1333 4043 zagrabiensis
1355 3965 1396 4026 ad
1419 3971 1545 4024 octavas

274 4075 346 4135 festi
368 4077 614 4152 Epiphaniarum
638 4077 767 4153 domini,
789 4083 862 4137 tunc
884 4085 1039 4150 venturas,
1061 4077 1181 4151 regiam
1203 4079 1347 4134 evocaret
1367 4073 1400 4148 in
1421 4088 1546 4147 presen-

275 4183 364 4256 ciam,
395 4189 426 4242 et
457 4189 528 4258 post
550 4185 607 4243 hec
640 4186 738 4262 ipsius
769 4186 961 4244 evocacionis
992 4185 1104 4244 seriem
1135 4197 1207 4241 curn
1229 4179 1409 4240 nominibus
1433 4193 1543 4237 evoca·

275 4295 380 4348 torum
410 4289 450 4347 ad
481 4290 607 4348 easdem
637 4295 764 4350 octavas
795 4291 878 4350 dicto
909 4291 1037 4350 domino
1067 4290 1134 4362 regi
1164 4287 1300 4346 fideliter
1322 4285 1544 4345 rescriberetis.

275 4396 303 4452 A
327 4395 570 4470 quibusquidem
595 4399 713 4456 octavis
737 4397 807 4456 festi
829 4397 1075 4471 Epiphaniamm
1099 4395 1220 4453 domini
1251 4393 1328 4452 dum
1358 4407 1451 4450 causa
1473 4406 1545 4466 par·

274 4501 359 4560 cium
381 4503 555 4577 prescripta
577 4509 682 4578 partes
705 4505 786 4562 inter
807 4504 933 4562 easdem
955 4505 1094 4562 seriebus
1109 4503 1287 4560 litterarum
1302 4499 1401 4576 ipsius
1418 4498 1543 4557 comitis

277 4608 412 4666 Mathius
447 4610 735 4682 prorogatoriarum
769 4626 808 4668 ex
841 4611 1060 4668 commissione
1096 4608 1290 4683 prelatorum
1324 4610 1355 4664 et
1387 4605 1544 4662 baronum

274 4715 362 4787 regni
386 4713 426 4772 ad
449 4719 575 4773 octavas
597 4713 669 4773 festi
692 4717 775 4774 beati
797 4716 907 4800 Jacobi
930 4715 1066 4789 apostoli
1088 4715 1120 4772 in
1142 4727 1223 4772 anno
1239 4711 1358 4770 domini
1373 4709 1544 4768 millesimo

275 4817 579 4893 quadringentesimo
602 4821 759 4879 tricesimo
782 4827 902 4895 quarto,
926 4821 1097 4894 preteritas,
1132 4819 1332 4894 prorogative
1355 4815 1530 4876 devenisset
1537 4831 1545 4886 ;

274 4924 403 4984 tandem
425 4925 502 5000 ipsis
525 4928 644 4985 octavis
667 4927 853 4986 instantibus
875 4925 1032 4985 Lodomer
1055 4925 1093 4984 de
1117 4923 1293 4984 Adamolch
1316 4937 1375 4999 pro
1398 4926 1545 4982 annotato

276 5033 413 5108 capitulo
448 5033 577 5092 ecclesie
609 5033 817 5107 zagrabiensis
850 5047 923 5092 cum
957 5033 1180 5107 procuratoriis
1202 5031 1315 5092 litteris
1339 5030 1488 5102 eiusdem,
1513 5027 1545 5087 in

1438 5151 1475 5194 ta
