3932 5806
369 496 431 558 304
793 481 866 540 Doc.
889 478 961 560 246.
986 515 1024 526 -
1051 479 1220 560 An.1465.

366 693 460 753 Secus
490 709 552 754 non
581 694 692 754 facturi
722 695 921 754 Presentibus
950 697 1103 772 perlectis,
1135 698 1293 756 exhibenti
1323 697 1480 756 restitutis.
1511 697 1629 755 Datum

365 799 451 859 Bude
479 801 512 859 in
542 801 620 860 sesto
645 802 733 860 beate
764 803 862 861 Marie
883 803 1014 876 virginis
1037 802 1076 861 de
1097 803 1177 862 nive.
1200 804 1290 861 Anno
1313 801 1432 862 domini
1455 803 1627 862 millesimo

366 905 670 982 quadringentesimo
693 909 886 982 sexagesimo
909 909 1026 982 quinto
1049 909 1147 983 Regni
1169 910 1268 967 nostri
1291 923 1372 968 anno
1395 913 1514 981 octavo,
1537 923 1625 968 ooro·

364 1014 501 1072 nacionis
524 1029 600 1073 vero
621 1014 765 1074 secundo

470 1202 605 1268 originale
619 1205 648 1254 in
665 1203 762 1254 charte.
789 1205 822 1254 In
841 1205 955 1269 margine
982 1205 1096 1255 inferiori
1124 1206 1277 1271 impressum
1296 1211 1334 1255 est
1354 1204 1468 1269 sigillum
1486 1205 1576 1257 maius.
1594 1206 1628 1254 In

364 1290 479 1341 archivio
493 1290 541 1344 lib.
560 1307 612 1356 reg.
631 1292 680 1346 civ.
698 1291 799 1356 zagrab.

954 1573 1042 1641 246.

469 1768 552 1818 Anno
573 1767 648 1834 1465,
668 1780 692 1830 9.
713 1767 836 1831 Augusti.
855 1767 952 1820 Budas

369 1911 499 1988 capiuli
510 1919 687 1988 paupertate
700 1911 849 1981 tbtcllecta,
873 1910 1017 1982 Mathtizs,
1033 1911 1212 1985 Hunganue
1227 1918 1274 1970 etc.
1290 1931 1353 1983 rex,
1362 1915 1542 1988 praescn'bit,
1558 1923 1594 1972 ut
1606 1933 1626 1971 a

362 2020 486 2093 capetulo
500 2019 532 2077 in
546 2019 686 2093 proxim
707 2017 779 2076 bello
800 2035 863 2075 cum
890 2017 993 2076 Turcis
1011 2017 1146 2091 gerendo,
1168 2017 1249 2074 modo
1271 2019 1385 2093 aliquot
1403 2021 1472 2095 equi
1483 2019 1526 2077 ad
1536 2021 1625 2095 impe·

783 2123 908 2182 dimenta
921 2124 1073 2198 portanda
1095 2123 1205 2182 dentur.

578 2329 582 2338 Ι
1069 2262 1223 2314 Commissio
1241 2261 1346 2329 propria
1363 2263 1461 2314 domiui
1478 2263 1555 2328 regis.

467 2375 598 2432 Mathias
631 2373 681 2432 dei
711 2373 816 2447 gracia
838 2390 894 2432 rex
923 2373 1088 2448 Hungarie,
1111 2373 1279 2446 Dalmacie,
1302 2373 1430 2432 Croaeie
1452 2379 1508 2432 etc.
1533 2373 1625 2433 Fide-

361 2481 446 2540 libus
475 2480 588 2539 nostris
617 2479 756 2554 capitulo
779 2479 907 2538 ecclesie
929 2481 1137 2554 zagrabiensis
1160 2481 1293 2538 salutem
1316 2486 1346 2538 et
1368 2480 1514 2552 graciam.
1540 2481 1624 2540 Licet

362 2588 443 2646 inter
465 2587 528 2645 alia
550 2587 582 2645 in
605 2585 687 2644 facto
711 2586 964 2644 exercituacionis
987 2593 1094 2645 contra
1113 2586 1231 2644 Turcos
1254 2587 1286 2644 in
1308 2587 1454 2661 proximo
1476 2585 1623 2658 faciende,

360 2693 420 2752 hoc
443 2691 630 2768 dispositum
653 2693 701 2764 sit,
725 2691 809 2765 quod
832 2692 969 2750 universi
991 2691 1114 2750 nobiles
1135 2697 1165 2750 et
1186 2692 1405 2766 possessionati
1427 2691 1566 2750 homines
1582 2691 1621 2750 il·

360 2799 422 2858 lius
453 2797 539 2872 regni
570 2799 667 2856 nostri
698 2797 862 2856 Sclauonie
885 2812 941 2870 per
963 2798 1086 2872 singula
1109 2798 1209 2872 capita
1232 2797 1422 2855 exercituare
1445 2803 1475 2855 et
1498 2796 1536 2856 de
1563 2797 1624 2856 sin·

360 2906 442 2979 gulis
476 2905 587 2978 viginti
619 2905 808 2963 sessionibus
838 2905 904 2963 sire
934 2905 1032 2980 portis
1069 2901 1270 2979 jobagionum
1301 2917 1429 2961 suorum
1463 2903 1621 2976 singulum

358 3026 456 3069 unum
486 3016 642 3070 armatum
673 3025 779 3069 secum
809 3009 848 3068 ad
880 3011 1050 3068 exercitum
1079 3009 1192 3068 ducere
1222 3014 1400 3080 teneantur,
1430 3013 1534 3066 tamen
1566 3022 1622 3068 nos

363 3115 555 3175 considerata
586 3122 770 3192 paupertate
800 3117 887 3175 illius
918 3116 1046 3174 ecclesie
1076 3115 1292 3189 zagrabiensis,
1322 3129 1379 3172 vos
1410 3120 1441 3172 et
1470 3115 1553 3174 bona
1583 3129 1620 3173 ac

359 3223 568 3298 possessiones
591 3226 710 3281 vestras
732 3223 773 3280 ab
796 3221 975 3280 huiusmodi
999 3222 1243 3280 exercituacione
1258 3221 1316 3279 hac
1332 3220 1399 3278 vice
1421 3219 1538 3278 liberos
1552 3218 1622 3278 red·

359 3328 503 3400 didimus,
520 3329 561 3387 ita
578 3334 690 3402 tamen,
706 3333 741 3387 ut
764 3329 803 3386 de
825 3327 941 3387 eisdem
969 3328 1058 3387 bonis
1080 3329 1192 3386 vestris
1214 3329 1304 3386 nobis
1326 3327 1401 3386 certi
1424 3326 1504 3400 equi,
1527 3341 1622 3401 super

359 3434 474 3509 quibus
491 3433 629 3509 pondera
649 3434 723 3493 ferri
739 3441 892 3510 poterunt,
911 3433 1122 3509 disponantur.
1146 3433 1344 3508 Quapropter
1359 3432 1500 3491 fidelitati
1521 3437 1622 3490 vestre

357 3541 470 3600 harum
497 3541 575 3600 serie
606 3540 739 3600 firmiter
761 3541 986 3600 committimus
1008 3547 1039 3599 et
1062 3539 1254 3612 mandamus,
1278 3545 1428 3612 quatenus
1451 3537 1525 3596 visis
1552 3552 1623 3611 pre·

357 3647 505 3720 sentibus,
537 3645 716 3706 huiusmodi
748 3661 845 3721 equos
869 3648 956 3705 iuxta
977 3645 1233 3705 informacionem
1255 3644 1358 3702 fidelis
1387 3643 1484 3702 nostri
1506 3642 1622 3716 egregii

358 3753 509 3812 Friden'ci
532 3753 722 3826 Lamberger
745 3754 898 3827 capitanei
920 3753 1013 3811 castri
1034 3751 1132 3810 nostri
1162 3749 1382 3822 Chakthornya
1413 3748 1451 3807 de
1475 3749 1621 3823 pretactis

357 3859 447 3918 bonis
472 3865 501 3917 et
518 3859 766 3934 possessionibus
789 3860 901 3917 vestris
917 3859 1121 3934 disponeretis
1145 3857 1270 3915 eosdem
1294 3870 1389 3930 equos
1413 3855 1486 3926 illis,
1503 3854 1617 3928 quibus

356 3965 424 4040 ipse
440 3965 631 4038 Lamberger
647 3964 768 4037 dixerit,
785 3964 859 4023 dare
873 3970 903 4024 et
927 3966 1082 4038 assignare
1107 3962 1269 4022 deberetis.
1292 3961 1386 4021 Secus
1407 3961 1496 4020 nullo
1524 3959 1620 4018 modo

356 4070 478 4130 facturi.
509 4071 626 4129 Datum
657 4070 742 4129 Bude
773 4072 805 4130 in
834 4072 942 4145 vigilia
972 4071 1041 4129 testi
1072 4069 1154 4128 beati
1177 4069 1338 4128 Laurencii
1360 4067 1505 4126 martiris.
1529 4068 1618 4124 Anno

357 4176 476 4236 domini
505 4177 676 4236 millesimo
706 4179 1011 4252 quadringentesimo
1041 4177 1234 4251 sexagesimo
1257 4177 1375 4252 quinto.
1398 4173 1498 4247 Regni
1519 4173 1618 4231 nostri

355 4297 437 4342 anno
458 4289 579 4356 octavo,
602 4285 814 4343 coronacionis
837 4299 912 4342 vero
936 4284 1079 4343 secundo.

461 4489 595 4554 Originule
612 4489 641 4539 in
665 4489 760 4541 charta.
796 4491 829 4538 In
853 4489 967 4553 margine
994 4489 1110 4538 inferiori
1136 4488 1288 4554 impressum
1316 4495 1354 4537 est
1379 4485 1501 4552 sigillum.
1526 4488 1558 4536 In
1577 4503 1617 4536 ar·

355 4576 441 4627 chivio
459 4594 516 4631 ven.
536 4575 621 4644 Capit.
641 4578 822 4643 zagrabiensis.
842 4578 904 4630 Act.
924 4577 987 4643 Cap.
1006 4585 1057 4628 out.
1077 4578 1139 4629 fasc.
1161 4589 1184 4628 1.
1203 4593 1241 4630 nr.
1263 4587 1302 4628 10.
