3932 5806
354 603 415 658 3¹0
658 587 729 642 Dor.
752 597 820 660 252.
844 597 911 662 253.
936 620 978 629 -
1000 587 1047 642 An
1081 582 1300 663 rado-1467.

352 692 396 698 —-
437 692 447 698 -
482 691 718 698 ——-—..—.-..-..-
738 693 907 698 --—-—
918 693 925 697 -
1057 692 1437 698 -.—-——---..-...—-
1469 693 1612 700 -—-.-

350 803 489 861 sentanti.
520 803 636 860 Datum
667 803 818 876 Zagrabie
847 803 880 862 iu
903 803 1010 875 vigilia
1035 801 1104 860 sesti
1129 802 1210 860 beati
1234 803 1446 861 Bartholomei
1468 803 1612 876 apostoli.

350 909 441 966 Anno
474 909 593 967 domini
617 909 787 966 millesimo
821 909 1126 982 quadringentesimo
1158 909 1352 982 sexagesimo
1386 915 1481 966 sexto.
1516 909 1617 984 Regni¹

349 1016 447 1072 nostri
469 1029 550 1073 anno
572 1029 663 1087 nono,
687 1016 897 1072 coronacionis
921 1029 995 1071 vero
1018 1013 1121 1070 tercio.

456 1171 480 1218 E
499 1176 659 1233 transumpto
686 1167 816 1233 Johauuls
848 1167 961 1227 Corvini,
988 1168 1050 1217 bani
1075 1167 1107 1216 de
1132 1184 1190 1220 anu.
1214 1180 1289 1234 1504.
1308 1170 1340 1216 Iu
1360 1167 1475 1217 archivio
1494 1166 1540 1218 lib.
1560 1183 1613 1230 reg.

350 1255 419 1306 civit.
438 1256 619 1320 zagrabiensis.

939 1486 1021 1552 252.

455 1649 536 1698 Anno
557 1649 632 1711 1466,
652 1661 694 1710 29.
713 1647 874 1712 septembris.
891 1647 1039 1710 Zagrabiae.

350 1777 519 1834 Rectorotus
551 1776 657 1832 altoris
686 1793 708 1832 s.
739 1775 832 1832 crucis
854 1775 884 1830 in
907 1773 969 1830 cccl.
999 1772 1165 1831 cathedrali
1185 1773 1308 1832 Matheo
1330 1771 1443 1829 Kelkcrl
1460 1775 1614 1848 conferma.

455 1921 543 1976 Anno
574 1918 693 1977 domini
724 1913 913 1976 MCCCCLX
943 1923 1039 1988 sext0,
1070 1918 1139 1990 ipso
1171 1916 1221 1974 die
1245 1915 1315 1974 festi
1338 1917 1421 1975 beati
1451 1917 1610 1976 Michaelis

348 2025 535 2098 archangeli,
558 2025 677 2082 domini
700 2025 912 2097 capitulariter
935 2025 966 2082 in
990 2023 1128 2081 interiori
1151 2023 1290 2082 sacristia
1316 2023 1503 2096 congregati,
1527 2021 1613 2080 vide·

348 2132 432 2190 licet:
463 2131 608 2189 dominus
638 2137 754 2202 cantor,
786 2129 930 2188 dominus
963 2129 1151 2187 chasmensis
1176 2130 1361 2204 prepositus,
1385 2129 1528 2200 vicarius,
1553 2126 1607 2187 do·

348 2238 451 2295 minus
475 2235 616 2310 Kemlelr,
631 2235 773 2310 Warasd,
797 2235 918 2305 Wasca‚
943 2235 1046 2307 Bexin,
1062 2235 1288 2306 archidiaconi;
1311 2234 1475 2293 ladislaus
1494 2241 1606 2308 custos,
1690 2269 1699 2280 ·

348 2343 498 2416 magistri:
521 2344 684 2412 Fabianus,
708 2343 830 2413 Nemes
852 2342 964 2414 Tyuer,
986 2342 1079 2412 Elias,
1101 2340 1248 2414 Zapolya,
1273 2342 1421 2414 magister
1446 2340 1611 2424 Johannes,

346 2450 424 2508 alias
447 2449 544 2507 sancti
565 2448 713 2530 Johauuls
736 2447 925 2519 Belethnich,
948 2446 1088 2504 unanimi
1109 2452 1184 2503 voto
1208 2447 1404 2504 coutulerunt
1420 2451 1608 2505 rectoratum

345 2557 453 2614 altaris
476 2561 579 2612 sancte
602 2555 700 2610 crucis
727 2553 899 2610 venerabili
922 2552 1052 2610 domino
1076 2553 1199 2613 Matheo
1223 2552 1353 2622 Kelled,
1383 2552 1604 2612 archidiacono

347 2661 539 2720 kamarcensi
571 2665 601 2718 et
630 2659 837 2717 concanonico
867 2673 991 2730 eorum,
1023 2659 1081 2717 ista
1112 2659 1291 2718 condicione
1321 2659 1489 2730 interiecta,
1526 2659 1609 2733 quod

348 2784 455 2826 omnes
485 2767 574 2842 porci
605 2765 644 2822 de
674 2764 757 2822 dicto
787 2770 951 2848 rectoratu,
981 2780 1040 2838 pro
1063 2769 1205 2839 tempore
1227 2766 1453 2839 provenientes,
1475 2781 1609 2824 unacum

346 2874 486 2948 pecuniis
502 2872 681 2948 porcalibus
696 2886 820 2944 semper
836 2871 969 2929 dominis
985 2871 1024 2928 de
1042 2871 1180 2944 capitulo
1204 2871 1304 2930 modis
1327 2872 1473 2930 omnibus
1495 2871 1610 2930 debent

347 2979 521 3053 provenire,
553 2983 583 3046 et
605 2977 689 3035 idem
712 2982 814 3035 rector
837 2992 869 3034 se
892 2975 930 3034 de
953 2976 1069 3034 eisdem
1091 2983 1121 3034 et
1144 2977 1182 3034 de
1207 2977 1335 3036 decimis
1358 2993 1394 3036 ac
1416 2978 1607 3052 inposicione

345 3090 489 3143 taxarum
518 3083 836 3142 extraordinariarum
866 3089 896 3140 et
925 3082 1148 3140 recolleccione
1171 3099 1279 3141 earum
1301 3085 1479 3142 nullatenus
1515 3085 1607 3142 intro·

346 3191 470 3249 mittere
493 3197 523 3249 et
547 3206 605 3266 pro
629 3205 719 3264 posse
742 3188 825 3263 apud
841 3189 984 3247 dominos
1008 3231 1294 3251 ..........
1318 3206 1502 3264 procurare;
1524 3198 1611 3252 taxas

345 3305 376 3355 et
405 3297 553 3356 collectas
584 3302 687 3354 autem
718 3295 865 3353 annuales
889 3301 919 3353 et
941 3301 1102 3354 consuetas
1126 3311 1183 3370 pro
1206 3311 1238 3354 se
1262 3298 1363 3371 exiget
1387 3297 1472 3356 idem
1495 3303 1607 3358 rector.

583 3417 641 3480 Ego
662 3415 784 3464 Matheus
802 3414 998 3464 archidiaconus
1016 3415 1190 3465 kamarceusis
1208 3415 1350 3481 subscripsi
1368 3431 1444 3465 mauu
1463 3417 1575 3481 propria.

459 3559 538 3608 Liber
564 3557 658 3607 rubeus
685 3573 741 3608 ven.
770 3557 877 3622 capituli
905 3557 966 3609 eccl.
1004 3558 1155 3622 zagrab.1n
1184 3558 1279 3609 archiv.
1308 3557 1370 3608 incl,
1399 3559 1482 3607 Acad.
1513 3558 1610 3608 Scieut.

346 3646 414 3698 Slav.
434 3649 524 3701 merid.

947 3876 1031 3941 253.

449 4021 530 4069 Anno
551 4020 626 4084 1467,
649 4021 688 4071 18,
707 4020 801 4070 martii.
820 4020 917 4069 Budae.

344 4164 390 4222 Ab
418 4163 558 4234 Osvoldo,
581 4164 706 4238 episcopo
736 4163 862 4237 aagrab,
889 4159 1017 4239 synodus
1039 4162 1217 4222 sacerdotum
1243 4162 1409 4235 Zograbiae
1431 4172 1609 4222 convocator.

449 4305 606 4364 Osvaldus
629 4304 678 4362 dei
701 4311 731 4363 et
747 4305 918 4379 apostolice
942 4306 1023 4365 sedis
1046 4307 1150 4380 gracia
1173 4308 1339 4382 episcopus
1361 4307 1490 4366 ecclesie
1505 4322 1608 4382 zagra-

343 4413 466 4470 biensis.
497 4413 657 4472 Universis
687 4417 717 4472 et
747 4413 877 4486 singulis
909 4414 1070 4487 religiosis,
1101 4414 1344 4482 venerabilibus,
1368 4414 1606 4476 honorabilibus

343 4533 379 4576 ac
415 4519 555 4578 discretis
591 4525 622 4578 et
656 4520 888 4594 circumspectis
924 4521 1020 4592 viris,
1056 4519 1189 4578 dominis
1224 4519 1407 4592 abbatibuS,
1442 4520 1608 4595 prioribus,

343 4626 510 4699 prepositis
541 4631 604 4684 tam
634 4627 831 4699 regularibus
855 4643 950 4700 quam
973 4626 1176 4698 secularibus,
1208 4627 1386 4698 lectoribus,
1418 4627 1607 4698 cantoribus,

342 4730 543 4803 custodibus,
576 4747 693 4790 necnon
726 4732 951 4792 archidiaconis
993 4732 1167 4806 ceterisque
1214 4732 1387 4804 canonicis,
1428 4739 1492 4790 tarn
1529 4732 1609 4790 dicte

342 4836 532 4896 kathedralis
554 4839 760 4911 zagrabiensis
795 4856 890 4914 quarn
929 4839 1095 4912 collegiate
1119 4839 1307 4897 chasmensis
1332 4839 1533 4897 ecclesiarum
1556 4854 1609 4896 no·

342 4949 494 5016 strarum,
518 4945 826 5015 vicearchidiaconis,
862 4947 1003 5022 plebanis
1038 4949 1068 5004 et
1102 4961 1210 5004 eorum
1245 4945 1315 5003 loca
1349 4946 1543 5020 tenentibus,
1574 4964 1610 5006 ac

341 5050 542 5110 ecclesiarum
572 5053 800 5127 capitularium,
824 5053 1026 5128 hospitalium
1049 5057 1079 5112 et
1102 5054 1248 5113 altarium
1271 5053 1452 5126 rectoribus
1476 5054 1607 5131 aliisque
