3804 5858
365 508 428 584 486
774 507 847 564 Dec.
872 502 943 583 365.
968 539 1007 550 -
1034 505 1091 564 An.
1115 519 1207 582 1492.

367 727 512 781 annotata
536 721 727 796 possessione
761 721 986 778 Chernomercz
1010 721 1202 792 situaiarum,
1228 723 1338 780 vicinis
1360 728 1389 779 et
1413 721 1641 779 commetaneis

367 827 547 887 earumdem
570 827 722 885 universis
745 827 821 884 inibi
839 826 991 899 legittime
1014 828 1198 898 convocatis,
1222 829 1378 900 signanter
1402 841 1476 884 vero
1499 825 1637 884 discreto
1666 885 1675 897 ,

366 933 493 993 domino
508 933 672 992 Dominico
694 933 781 991 chori
804 932 884 989 dicte
907 932 1034 990 ecclesie
1055 939 1159 990 nostre
1181 931 1396 1006 prebendario,
1419 932 1498 990 ville
1531 932 1641 990 Rodes

366 1045 475 1099 vocate
484 1053 673 1115 possessore;
688 1040 763 1096 item
770 1038 938 1109 nobilibus,
952 1037 1244 1112 circumspectisque
1254 1043 1285 1096 et
1301 1038 1442 1112 providis
1454 1037 1640 1096 Sebastiano

369 1145 460 1218 Nagh
481 1145 519 1204 de
542 1144 670 1204 Chakau
691 1146 723 1204 in
753 1159 886 1218 persona
924 1145 1121 1218 egregiorum
1146 1145 1291 1204 Bernaldi
1314 1144 1485 1218 Thwroczy
1507 1152 1537 1202 et
1560 1145 1635 1202 Bal·

367 1255 499 1314 thasaris
529 1253 634 1327 Alapy
662 1253 897 1327 capitaneorum
928 1252 1019 1308 castri
1053 1251 1249 1323 Medwewar,
1281 1251 1432 1326 Gregorio
1464 1265 1560 1324 spano
1593 1250 1637 1308 de

370 1361 563 1434 Kralyewcz,
594 1358 738 1417 similiter
761 1357 898 1415 eiusdem
934 1357 1034 1428 castri,
1057 1357 1172 1416 Mathia
1196 1357 1235 1415 de
1261 1357 1447 1428 Pethrowcz,
1478 1355 1640 1430 Stephano

368 1467 407 1524 de
430 1463 608 1537 Mikwlycb,
630 1464 754 1532 villicis,
778 1467 807 1521 et
830 1462 965 1534 Georgio
989 1461 1027 1520 de
1051 1462 1197 1534 Dedych:
1213 1464 1289 1521 item
1312 1463 1403 1520 Petro
1426 1462 1464 1520 de
1487 1462 1638 1519 Marocha

368 1571 522 1630 familiare
556 1569 671 1642 egregii
705 1568 854 1652 Johannis
887 1568 1063 1641 Hennyngb
1097 1568 1136 1626 de
1170 1569 1388 1628 Zomzedwara
1431 1569 1462 1626 in
1499 1582 1634 1641 persona

368 1677 515 1752 eiusdem,
545 1676 649 1734 Iwano
672 1673 711 1732 de
742 1673 958 1748 Thopolowcz,
989 1675 1088 1732 altero
1111 1675 1216 1733 Iwano
1239 1675 1316 1732 alias
1340 1675 1407 1732 cive
1429 1673 1531 1750 jurato
1554 1673 1635 1731 civi·

368 1784 439 1843 tatis
460 1783 574 1842 montis
594 1781 764 1852 Grecensis,
787 1779 939 1854 Gregorio
963 1779 1109 1852 Perkone,
1132 1781 1277 1838 similiter
1291 1778 1402 1855 jurato,
1424 1774 1506 1837 Luca
1528 1778 1631 1853 Trop-

367 1891 466 1964 cbych
490 1889 581 1960 dicto,
605 1888 643 1945 de
666 1887 818 1944 suburbio
840 1887 978 1946 eiusdem
1000 1887 1142 1957 civitatis,
1165 1886 1250 1944 iwan
1272 1885 1311 1945 de
1335 1933 1340 1943 .
1365 1932 1371 1944 .
1397 1929 1404 1944 .
1427 1885 1567 1968 Johanne
1591 1884 1634 1943 de

368 1996 485 2068 eadem,
521 1995 604 2052 Luca
627 1991 666 2052 de
699 1991 923 2052 Chernomerez
960 1998 990 2051 et
1020 1992 1197 2065 Gywrkone
1230 1991 1268 2050 de
1288 1992 1406 2064 eadem,
1428 1990 1636 2066 presentibus,

368 2101 555 2174 accedentes,
576 2099 798 2158 introduxisset
827 2097 983 2172 prefatum
1014 2098 1175 2156 dominum
1195 2097 1380 2157 Michaelem
1403 2098 1434 2156 in
1457 2096 1633 2154 dominium

366 2207 556 2279 earumdem,
571 2207 726 2264 statuisset
749 2203 873 2262 easdem
896 2204 997 2262 eidem
1031 2210 1061 2262 et
1083 2209 1226 2262 annotate
1249 2203 1377 2262 ecclesie
1400 2219 1455 2261 sue
1476 2201 1544 2278 jure
1567 2202 1631 2260 sibi

367 2315 566 2372 incumbente
600 2317 752 2386 perpetuo
795 2309 995 2385 possidendas
1036 2305 1078 2390 (et
1100 2309 1258 2368 habendas
1290 2325 1397 2368 caram
1449 2301 1566 2386 banalli
1598 2315 1630 2366 et

365 2427 472 2478 nostro
494 2419 674 2478 hominibus
696 2416 829 2476 infacie
852 2415 1033 2474 earumdem
1055 2417 1224 2474 sessionum
1246 2416 1390 2489 congruis
1414 2423 1445 2473 et
1467 2415 1632 2487 legittimis

366 2525 475 2584 diebus
506 2525 593 2582 iuxta
625 2525 714 2596 regni
744 2523 998 2582 consvetudinem
1030 2523 1283 2598 permanentibus
1315 2529 1345 2581 et
1368 2537 1490 2580 moram
1514 2519 1626 2578 facien·

364 2631 457 2702 tibus,
480 2631 569 2688 nullo
600 2630 723 2704 penitus
750 2629 973 2687 contradictore
1003 2634 1179 2704 apparente.
1203 2630 1237 2686 ln
1261 2630 1348 2686 cuius
1378 2629 1423 2686 rei
1446 2627 1632 2710 memoriam

365 2736 608 2811 firmitatemque
629 2741 821 2810 perpetuam,
856 2739 1013 2808 presentes
1044 2735 1162 2793 litteras
1196 2739 1318 2792 nostras
1341 2733 1502 2808 pendentis
1525 2738 1555 2791 et
1576 2747 1632 2790 au·

365 2843 470 2900 tentici
493 2842 590 2915 sigilli
611 2842 709 2900 nostri
733 2841 938 2898 communitas
970 2841 1071 2899 eidem
1094 2841 1239 2898 Michaeli
1263 2856 1299 2898 ac
1314 2840 1395 2898 dicte
1418 2839 1548 2898 ecclesie
1570 2854 1627 2897 sue

368 2949 514 3007 duximus
546 2946 763 3007 concedendas.
795 2947 911 3004 Datum
943 2947 1152 3006 sextodecimo
1176 2946 1226 3004 die
1249 2945 1310 3004 diei
1333 2945 1574 3004 introduccionis
1597 2951 1627 3004 et

366 3055 545 3114 staiucionis
580 3053 725 3129 predicte.
757 3055 846 3111 Anno
870 3052 988 3112 domini
1011 3053 1180 3112 millesimo
1203 3052 1509 3126 quadringentesimo
1531 3065 1628 3109 nona·

364 3161 484 3234 gesimo
506 3160 648 3218 secundo.

470 3325 494 3372 E
514 3329 674 3388 transumpto
703 3321 832 3372 Vladislai
851 3323 927 3386 regis,
947 3323 979 3371 de
998 3338 1065 3371 anuo
1087 3335 1160 3388 1495.
1180 3325 1213 3371 In
1231 3321 1300 3371 arch.
1319 3323 1365 3374 lib.
1385 3339 1437 3386 reg.
1457 3323 1506 3372 cir.
1525 3322 1629 3385 zagrab.

963 3579 1045 3644 365.

472 3722 552 3769 Anno
575 3733 648 3783 1492.
668 3733 692 3782 9.
712 3721 864 3771 decembris.
884 3721 993 3784 Simigli.

370 3849 473 3906 Coram
496 3854 633 3906 conventu
654 3866 675 3908 s.
699 3847 804 3920 Egidii
823 3846 857 3904 de
880 3846 1017 3924 Simigio,
1033 3849 1169 3922 fratrum
1192 3850 1252 3906 ord.
1275 3851 1516 3908 Praedicatorum
1537 3850 1625 3923 depu-

362 3963 440 4012 tatus
462 3955 607 4012 reclamat
634 3953 770 4022 Osoalrlo,
793 3953 917 4027 episcopo
939 3955 1128 4027 zagrabiensi,
1151 3956 1204 4030 qui
1224 3975 1311 4030 agros
1343 3957 1479 4031 quosdam
1510 3959 1541 4014 in
1560 3965 1628 4030 per·

697 4066 819 4132 petuam
843 4059 982 4116 altartom
1004 4063 1115 4134 legatos
1137 4062 1287 4121 ademerit.

463 4203 527 4262 Nos
550 4209 719 4262 conventus
753 4204 934 4262 monasterii
966 4205 1064 4262 sancti
1098 4205 1200 4276 Egidii
1236 4205 1274 4262 de
1303 4205 1442 4278 Simigio.
1477 4208 1626 4265 Memoris

360 4308 623 4378 commendamus,
644 4307 727 4381 quod
744 4309 908 4382 religiosus
927 4308 973 4366 vir
991 4309 1086 4368 frater
1097 4311 1259 4393 Johannes,
1276 4311 1411 4370 doctoris
1427 4307 1492 4391 (sic)
1506 4311 1623 4370 ordinis

363 4414 597 4474 Ptedicatorum
621 4415 717 4473 sancti
740 4416 897 4474 Dominici
919 4415 1111 4487 confessoris,
1136 4416 1311 4490 predicator
1334 4419 1495 4491 generalis,
1519 4417 1550 4476 in
1567 4433 1624 4476 sua

362 4537 399 4579 ac
423 4520 521 4579 tocius
543 4527 711 4579 conventus
734 4521 942 4580 claustrorum
966 4522 1048 4580 beati
1072 4521 1192 4580 Nicolai
1222 4523 1360 4596 episcopi
1389 4529 1420 4581 et
1442 4523 1625 4582 confessoris

361 4626 399 4686 de
422 4626 583 4700 Zagrabia,
613 4643 731 4688 necnon
762 4629 852 4687 beate
884 4625 1054 4687 Kalherine
1086 4629 1215 4701 virginis
1245 4633 1277 4687 et
1305 4629 1442 4688 martiris
1465 4630 1494 4686 in
1519 4637 1624 4687 monte

359 4733 507 4794 Grecensi
541 4733 758 4806 fundatorum,
792 4750 863 4792 cum
895 4735 1116 4808 procuratoriis
1151 4735 1263 4792 litteris
1298 4733 1480 4794 eorumdem
1516 4750 1621 4794 coram

355 4841 446 4900 nobis
470 4841 675 4914 personaliter
698 4842 881 4900 constitutus
905 4855 962 4915 per
994 4839 1124 4898 modum
1155 4841 1389 4915 protestacionis
1420 4847 1449 4898 et
1480 4841 1619 4915 prohibi·

355 4946 451 5006 cionis
485 4947 576 5006 nobis
613 4946 787 5020 significare
825 4948 946 5004 curavit
978 4947 1008 5004 in
1048 4947 1129 5005 hunc
1167 4945 1313 5005 modum:
1356 4945 1440 5021 quod
1479 4948 1623 5022 quamvis
