3948 5804
395 585 457 630 100
825 565 898 624 Dor.
921 575 971 642 75.
997 597 1037 608 -
1062 565 1118 624 An.
1143 577 1233 644 1434.

390 783 576 842 nonicorum
595 797 632 842 ac
662 781 770 841 altaris
792 785 895 840 sancte
918 779 1018 838 crucis
1042 780 1226 838 ascribendo
1251 784 1281 838 et
1293 779 1515 852 transferendo,
1538 783 1661 857 sibique

392 893 424 946 et
446 888 510 947 suis
532 888 701 948 heredibus
731 903 767 946 ac
797 886 930 962 posteris
962 903 1018 960 per
1041 887 1178 960 amplius
1200 887 1318 945 nullius
1341 886 1458 960 vigoris
1481 893 1534 946 aut
1556 889 1663 947 firma·

392 994 490 1054 menti
512 1011 587 1066 esse,
610 995 665 1054 sed
689 994 779 1054 dictis
802 992 936 1052 dominis
960 992 1112 1052 canonicis
1135 1007 1172 1051 ac
1194 992 1286 1050 altari
1306 999 1409 1051 sancte
1431 995 1532 1054 crucis
1547 996 1662 1057 amodo

392 1102 573 1177 proiectura
595 1102 678 1160 etin
698 1105 886 1176 perpetuum
909 1099 1047 1156 valitura
1063 1099 1294 1157 committendo.
1318 1099 1386 1158 Hoc
1401 1101 1498 1158 eciam
1515 1118 1662 1176 expresso

392 1215 423 1268 et
446 1208 623 1284 specialiter
645 1207 814 1278 declarato,
837 1204 923 1280 quod
947 1205 1021 1279 quia
1043 1204 1183 1279 prefatus
1199 1205 1331 1264 condam
1348 1206 1492 1266 dominus
1506 1208 1662 1290 Johannes

391 1316 559 1391 episcopus
581 1300 678 1374 irater
698 1313 796 1389 ipsius
818 1310 986 1386 Rodolphi,
1016 1311 1173 1386 quandam
1205 1312 1430 1387 possessionem
1455 1313 1585 1374 Bathina
1606 1330 1662 1374 vo·

392 1427 494 1482 catam
530 1437 588 1496 per
621 1421 727 1496 ipsum
761 1418 895 1478 condam
929 1418 1092 1477 dominum
1113 1417 1331 1476 Eberhardum
1353 1419 1536 1493 episcopum
1559 1421 1661 1480 eidem

390 1528 485 1587 altari
519 1532 623 1586 sancte
657 1527 757 1585 crucis
788 1540 848 1600 pro
879 1525 1112 1584 continuacione
1135 1524 1289 1583 dictarum
1312 1525 1480 1584 missarum
1502 1526 1607 1586 datam
1631 1534 1662 1586 et

391 1634 573 1710 deputatam
606 1631 712 1706 precio
745 1630 942 1704 vendidisset,
978 1637 1009 1690 et
1042 1631 1082 1690 ab
1117 1629 1227 1689 eodem
1262 1631 1354 1690 altari
1387 1645 1424 1690 ac
1454 1632 1519 1691 eius
1541 1639 1662 1692 rectore

390 1741 562 1810 alienasset,
593 1743 694 1797 certas
727 1738 825 1796 eciam
861 1737 1007 1813 pecunias
1041 1736 1082 1796 ad
1116 1751 1263 1809 magnam
1298 1752 1478 1812 sumpmam
1501 1754 1534 1796 se
1556 1744 1661 1797 exten-

391 1847 506 1920 dentes,
529 1846 673 1905 similiter
696 1843 880 1919 peripsum
904 1843 1036 1904 condam
1060 1843 1223 1902 dominum
1246 1842 1462 1902 Eberhardum
1478 1844 1660 1919 episcopum

390 1969 450 2030 pro
485 1928 717 2013 continuacione
751 1951 905 2010 dictarum
942 1953 1108 2011 missarum
1144 1951 1182 2009 de
1216 1952 1307 2010 certis
1336 1951 1566 2026 possessionum
1599 1951 1660 2009 sibi

390 2057 671 2135 impignoratarum
694 2059 898 2134 proventibus
922 2058 990 2116 dari
1014 2057 1171 2116 debendas
1194 2057 1334 2132 prefatus
1358 2056 1490 2116 condam
1513 2056 1659 2116 dominus

389 2165 545 2248 Johannes
568 2165 741 2240 episcopus,
764 2165 832 2238 ipse
855 2165 954 2224 eciam
989 2163 1185 2237 Rodolphus,
1219 2163 1258 2221 ad
1294 2170 1405 2222 nutum
1439 2178 1530 2221 suum
1554 2162 1659 2238 dispo·

389 2271 531 2343 ruissent,
567 2286 702 2344 quorum
736 2271 854 2330 scilicet
890 2271 1089 2329 dominorum
1124 2270 1343 2345 episcoporum
1378 2285 1428 2327 res
1458 2273 1489 2328 et
1518 2268 1600 2328 bona
1622 2283 1659 2328 ac

388 2378 598 2454 possessiones
632 2394 689 2452 per
722 2377 807 2452 ipsos
838 2376 987 2451 acquisite
1010 2375 1050 2434 ad
1073 2375 1205 2434 eundem
1227 2375 1432 2451 Rodolphum
1456 2381 1528 2450 post
1550 2391 1658 2435 eorum

387 2485 512 2542 obitum
540 2483 830 2556 condescenderunt,
861 2483 932 2541 ideo
963 2482 1047 2540 idem
1077 2482 1262 2558 Rodolphus
1284 2483 1412 2556 cupiens
1434 2483 1467 2541 in
1488 2483 1546 2541 hac
1569 2487 1658 2557 parte

387 2591 482 2649 saluti
504 2591 632 2666 proprie
653 2589 815 2648 consulere
837 2596 867 2648 et
889 2589 988 2664 ipsius
1010 2588 1117 2648 fratris
1139 2589 1188 2647 sui
1211 2587 1344 2648 condam
1368 2588 1487 2648 domini
1506 2587 1657 2672 Johannis

388 2697 528 2772 episcopi
562 2697 700 2755 animam
733 2711 752 2754 a
787 2697 875 2770 penis
908 2696 1067 2768 alleviare,
1103 2695 1205 2754 voluit
1239 2701 1270 2754 et
1299 2701 1408 2770 sponte
1431 2709 1536 2754 coram
1566 2695 1657 2754 nobis

387 2803 565 2878 assumpsit,
588 2803 674 2877 quod
696 2803 722 2861 si
744 2803 777 2861 in
800 2817 946 2877 processu
970 2809 1150 2876 temporum
1180 2802 1247 2876 ipse
1270 2802 1322 2860 vel
1357 2802 1443 2860 filius
1479 2817 1554 2860 suus
1587 2816 1657 2875 pre·

385 2909 487 2970 dictus
509 2915 562 2968 aut
585 2924 695 2969 eorum
717 2909 833 2982 posteri
855 2910 1041 2967 nitterentur
1063 2907 1267 2967 donacionem
1298 2908 1454 2968 dictarum
1484 2907 1654 2982 possessio·

386 3031 462 3074 num
489 3021 520 3073 et
552 3015 663 3072 tributi
696 3031 754 3088 per
777 3015 890 3089 ipsum,
923 3020 958 3072 ut
987 3014 1187 3088 premittitur,
1211 3013 1334 3086 factam,
1359 3019 1390 3073 et
1410 3015 1507 3073 eciam
1529 3014 1561 3072 in
1584 3028 1656 3086 sup

387 3121 582 3196 plementurn
619 3121 824 3194 pecuniarum
857 3120 1070 3195 predictarum
1104 3119 1279 3194 depositam
1309 3121 1478 3195 infringere
1501 3125 1531 3178 et
1554 3119 1656 3178 eidem

385 3227 557 3286 resistendo
580 3227 740 3298 contraire,
763 3227 823 3285 hoc
845 3231 1030 3301 attemptare
1053 3227 1182 3284 minime
1205 3227 1337 3301 valeant,
1367 3242 1468 3301 neque
1501 3231 1655 3300 pretactos

386 3333 532 3392 dominos
555 3335 716 3393 canonicos
739 3333 777 3392 de
800 3334 938 3409 capitulo
962 3333 1102 3408 predicto
1125 3341 1179 3392 aut
1202 3349 1311 3393 eorum
1327 3335 1462 3393 alterum
1478 3349 1652 3407 seuquem·

386 3439 473 3514 piam
496 3455 534 3497 ex
557 3439 633 3512 ipsis
655 3439 708 3497 vel
731 3439 966 3498 observatorem
988 3441 1155 3498 missarum
1180 3439 1399 3514 predictarum,
1438 3456 1495 3514 per
1527 3439 1653 3498 eosdem

386 3543 529 3603 dominos
552 3546 714 3604 canonicos
736 3545 942 3616 statuendum,
966 3546 997 3603 in
1020 3561 1146 3604 causam
1177 3561 1213 3604 ac
1242 3547 1331 3604 litem
1354 3547 1496 3605 atrahere
1525 3546 1654 3620 possint,

384 3651 444 3710 nisi
467 3651 555 3725 prius
578 3649 725 3726 depositis
748 3667 802 3710 sex
825 3651 968 3710 millibus
991 3651 1114 3711 florenis
1138 3654 1206 3712 auri
1229 3653 1375 3726 pretactis
1405 3652 1539 3710 dominis
1564 3665 1655 3710 cano·

384 3758 463 3814 nicis
493 3771 529 3814 ac
559 3761 704 3814 annotato
734 3757 826 3816 altari
856 3773 914 3832 pro
937 3759 1169 3818 continuacione
1192 3760 1331 3833 ipsarum
1354 3759 1521 3818 missarum
1544 3773 1653 3817 annec-

385 3861 493 3933 tendis,
511 3863 598 3936 prius
621 3866 652 3919 et
673 3863 791 3936 absque
814 3863 955 3936 qualibet
984 3866 1211 3939 prorogacione
1241 3879 1278 3923 ac
1307 3865 1492 3924 difficultate
1522 3865 1653 3938 aliquali

385 3983 443 4042 per
465 3967 560 4025 talem
582 3982 637 4026 seu
661 3969 738 4026 tales
760 3969 954 4041 integraliter
977 3971 1152 4044 persolutis.
1175 3970 1226 4030 Ad
1250 3987 1310 4045 que
1333 3972 1438 4030 omnia
1454 3971 1607 4046 premissa
1623 3975 1654 4029 et

385 4073 611 4148 premissorum
635 4074 758 4146 singula
781 4073 914 4134 firmiter
933 4075 1130 4135 observanda
1152 4083 1181 4135 et
1204 4078 1285 4135 bona
1309 4076 1371 4135 fide
1394 4081 1425 4135 et
1448 4077 1513 4135 sine
1543 4076 1652 4135 fraude

384 4185 415 4237 et
438 4179 512 4238 dolo
535 4180 658 4238 effectui
680 4180 885 4254 mancipanda
910 4184 1144 4256 prenominatus
1166 4183 1354 4256 Rodolphus
1377 4197 1434 4240 suo
1456 4189 1486 4241 et
1503 4183 1577 4242 dicti
1592 4183 1652 4241 filii

384 4287 433 4344 sui
456 4301 492 4344 ac
522 4301 735 4344 successorum
766 4302 895 4345 suorum
922 4289 1101 4347 nominibus
1123 4303 1155 4346 se
1176 4289 1331 4361 obligavit
1353 4304 1459 4348 coram
1482 4290 1573 4348 nobis
1596 4305 1652 4348 sua
1701 4293 1705 4302 '

383 4397 554 4465 spontanea
577 4393 745 4452 voluntate.
770 4393 804 4452 ln
828 4410 961 4467 quorum
986 4393 1081 4452 fidem
1106 4401 1136 4452 et
1166 4397 1379 4454 testimonium
1413 4401 1569 4470 presentes
1600 4397 1652 4454 lit-

383 4503 465 4556 teras
488 4506 608 4557 nostras
630 4501 837 4558 concessimus
859 4501 957 4558 nostri
979 4501 1077 4570 sigilii
1099 4502 1269 4559 munimine
1292 4502 1465 4560 roboratas.
1488 4503 1603 4560 Datum
1620 4503 1651 4560 in

382 4603 462 4663 festo
485 4604 583 4662 sancti
604 4605 714 4688 Jacobi
738 4607 881 4680 apostoli.
907 4609 996 4664 Anno
1018 4606 1137 4665 domini
1160 4608 1329 4666 millesimo
1345 4607 1650 4680 quadringentesimo

381 4711 538 4770 tricesimo
562 4719 680 4785 quartu.

488 4846 623 4910 Originale
641 4848 668 4896 in
687 4847 842 4900 membrana.
862 4849 964 4898 Sericeu
982 4866 1047 4898 zona
1065 4849 1123 4899 flavi
1142 4857 1168 4899 et
1181 4851 1292 4900 caerulei
1305 4851 1398 4900 coloris
1411 4851 1538 4917 dependet
1551 4852 1650 4916 absque

382 4933 478 4998 sigillo.
496 4936 528 4984 In
546 4936 614 4988 arch.
634 4953 691 4988 veu.
711 4937 788 5002 capit.
807 4937 907 5000 zagrab.
928 4938 983 4990 Act.
1004 4938 1067 5003 Cap.
1086 4945 1138 4989 ant.
1158 4939 1220 4990 sasc.
1242 4952 1265 4990 2.
1284 4955 1322 4990 nr.
1343 4951 1384 5002 31.
