3932 5806
704 549 779 606 Dec.
802 545 875 606 260.
899 583 941 592 -
966 553 1021 607 Aa.
1047 547 1139 627 1468.
1486 571 1543 631 3²1

282 762 466 821 contessoris
493 779 551 836 per
581 762 714 822 condam
744 764 957 822 venerabilem
980 765 1084 823 virum
1108 764 1270 822 dominum
1293 766 1448 849 Jacobum
1470 768 1548 826 olim

281 867 534 926 archidiaconum
572 882 809 942 goryczensem,
848 870 1029 944 sociumque
1067 877 1097 928 et
1134 872 1375 930 concanonicum
1397 877 1548 944 nostrum,

280 973 313 1031 in
335 973 463 1034 ecclesia
487 974 659 1047 parochiali
692 975 776 1034 beati
806 975 937 1032 Emerici
962 973 1049 1032 ducis
1083 974 1114 1032 in
1149 989 1221 1032 area
1254 980 1360 1034 nostra
1383 977 1549 1050 capitulari

281 1077 408 1136 fundata
438 1081 612 1152 constructi,
643 1080 675 1139 id
706 1080 872 1140 sufficienti
903 1088 933 1138 et
963 1081 1098 1139 evidenti
1129 1081 1304 1140 testimonio
1336 1085 1429 1155 atque
1452 1081 1547 1140 docu-

281 1189 385 1242 mento
415 1186 604 1244 venerabilis
637 1201 672 1244 ac
701 1187 905 1259 honorabilis,
932 1186 1128 1261 providique,
1152 1187 1302 1258 virorum,
1326 1187 1544 1247 dominorum:

280 1289 396 1347 Mathie
412 1292 562 1364 prepositi
584 1293 772 1350 chasmensis
796 1307 832 1350 ac
854 1293 984 1350 Fabiani
1007 1291 1051 1350 de
1070 1293 1204 1364 Roycha,
1228 1293 1384 1350 sociorum
1401 1293 1545 1350 similiter

280 1400 309 1453 et
333 1397 609 1455 concanonicorum
632 1404 811 1456 nostrorum
827 1403 857 1455 et
873 1397 967 1456 Blasii
980 1397 1209 1471 Zthoymylyeh
1232 1396 1316 1467 dicti,
1339 1397 1416 1455 alias
1431 1396 1543 1473 judicis

279 1501 413 1560 civitatis
452 1503 565 1560 montis
604 1501 787 1575 Grecensis,
820 1509 1019 1561 executorum
1037 1579 1038 1582 Ἴ
1053 1509 1083 1561 et
1120 1503 1390 1562 commisariorum
1429 1503 1543 1576 legitti-

256 1667 259 1669 ,
278 1621 403 1666 morum
426 1596 562 1666 an'notati
586 1608 719 1666 condam
741 1608 860 1666 domini
882 1608 991 1692 Jacobi
1014 1609 1223 1667 archidiaconi
1246 1609 1422 1680 goricensis,
1445 1610 1543 1667 nostri

278 1712 311 1770 in
327 1713 431 1772 medio
454 1715 660 1787 personaliter
683 1715 920 1773 constitutorum
944 1721 974 1773 et
989 1715 1200 1786 existencium,
1224 1714 1375 1786 legittime
1398 1729 1542 1789 compro·

277 1817 512 1877 barunt'coram
533 1820 632 1891 nobis,
653 1826 687 1878 ut
710 1819 785 1877 dum
810 1819 949 1894 prefatus
972 1819 1105 1878 condam
1121 1819 1266 1878 dominus
1287 1821 1422 1902 Jacobus
1445 1821 1544 1878 archi-

278 1921 424 1982 diaconus
447 1926 479 1983 in
502 1927 648 1984 extremis
671 1927 734 1984 vite
749 1942 803 1984 sue
826 1927 1008 2000 temporalis
1029 1926 1210 1998 laborasset,
1226 1941 1379 1998 suumque
1401 1926 1496 1984 scribi
1511 1933 1542 1984 et
1563 1996 1572 2013 .

277 2029 368 2088 condi
391 2029 512 2090 fecisset
535 2037 761 2116 testamentum,
784 2039 857 2091 tuuc
880 2034 947 2107 ipse
969 2034 1049 2091 inter
1072 2037 1171 2090 certas
1193 2046 1264 2090 suas
1287 2032 1430 2089 salubres
1453 2032 1535 2104 lega·

277 2136 379 2194 ciones
402 2141 433 2194 et
455 2131 676 2212 disposiciones
700 2139 858 2212 quandam
881 2138 1011 2196 domum
1034 2153 1123 2196 suam
1155 2153 1210 2196 seu
1233 2137 1326 2194 civile
1349 2137 1445 2196 simul
1469 2153 1541 2196 cum

277 2239 373 2299 fundo
396 2257 432 2300 ac
455 2242 592 2314 edificiis,
616 2244 806 2317 cellarioque
829 2244 1038 2312 subterraneo,
1061 2259 1180 2302 necnon
1203 2243 1288 2302 curia
1311 2248 1341 2302 et
1362 2249 1431 2302 orto
1455 2245 1540 2302 simi·

276 2347 348 2404 liter
378 2349 441 2408 suis
470 2349 502 2407 in
532 2350 611 2408 villa
640 2355 746 2408 nostra
775 2365 867 2422 nora,
891 2350 981 2408 aliter
1012 2348 1162 2424 Lepawez
1192 2349 1360 2424 appellata,
1397 2365 1432 2407 ac
1461 2350 1542 2408 inter

277 2451 406 2512 domum
427 2460 458 2512 et
472 2461 574 2514 ortum
600 2455 824 2529 prebendalem
848 2471 866 2513 a
888 2455 1068 2527 meridione,
1091 2472 1172 2514 nunc
1194 2455 1318 2513 discreti
1341 2455 1401 2512 viri
1425 2455 1538 2513 Micha-

276 2559 333 2616 elis
354 2560 519 2632 presbiteri
535 2561 574 2620 de
590 2561 771 2634 Zenthgerg,
788 2563 875 2620 chori
890 2563 1017 2620 ecclesie
1041 2569 1146 2620 nostre
1168 2561 1307 2634 predicte
1330 2561 1537 2635 prebendarii,

275 2677 295 2746 a
317 2671 405 2737 parte
434 2673 537 2726 autem
560 2669 808 2742 septemtrionali
831 2669 910 2726 inter
933 2669 1018 2726 viam
1042 2684 1096 2726 seu
1112 2668 1254 2725 semitam
1279 2683 1314 2724 ac
1337 2665 1418 2725 infra
1441 2682 1539 2740 usque

275 2769 315 2826 ad
338 2777 475 2830 meatum
505 2772 593 2832 iluvii
616 2773 852 2847 Medwednycza
874 2773 948 2833 dicti
970 2773 1155 2847 tendentem,
1178 2789 1271 2847 seque
1295 2772 1538 2846 protendentem,

273 2875 378 2947 ipsum
407 2878 539 2937 condam
570 2879 732 2938 dominum
766 2881 919 2963 Jacobum
957 2881 1128 2954 empcionis
1164 2881 1257 2938 titulo
1292 2885 1538 2949 concernentem,

274 2981 369 3040 simul
391 2999 464 3042 cum
492 2986 638 3044 omnibus
661 2985 800 3044 eiusdem
831 2985 951 3057 domus,
982 2986 1247 3059 edificiorumque,
1270 2999 1389 3043 necnon
1419 2985 1539 3043 cellarii

274 3088 475 3162 subterranei,
499 3092 646 3165 curiaque
669 3107 705 3149 ac
727 3099 795 3150 orto
818 3091 973 3166 predictis,
997 3091 1118 3166 prefato
1141 3092 1256 3148 Mathia
1280 3091 1452 3165 presbitero
1476 3090 1534 3162 By·

274 3193 353 3268 skup
377 3195 471 3267 dicto,
494 3211 553 3270 pro
579 3197 727 3256 fidelibus
750 3199 814 3256 suis
837 3198 976 3257 serviciis
999 3197 1127 3256 dederat
1149 3204 1179 3255 et
1210 3197 1369 3269 legaverat
1400 3195 1440 3253 ad
1464 3211 1534 3268 pre-

272 3301 486 3375 scriptumque
504 3304 602 3362 altare
625 3305 709 3362 beati
731 3304 912 3363 Bernardini
935 3309 1102 3362 annexerat
1118 3309 1148 3361 et
1163 3303 1345 3372 contulerat,
1363 3307 1456 3375 prout
1472 3302 1531 3360 hoc

273 3407 305 3465 in
335 3413 517 3467 testamento
548 3411 646 3484 ipsius
676 3410 808 3469 condam
839 3409 957 3468 domini
985 3410 1095 3493 Jacobi
1124 3408 1332 3468 archidiaconi
1361 3407 1477 3480 scripto
1502 3412 1534 3464 et

273 3527 379 3571 coram
409 3517 500 3574 nobis
531 3517 564 3574 in
594 3519 696 3590 specie
727 3516 880 3591 producto
903 3516 1035 3590 limpide
1059 3521 1089 3574 et
1111 3517 1194 3574 clare
1217 3513 1354 3572 vidimus
1378 3513 1534 3570 contineri.

273 3618 333 3678 Sed
358 3622 430 3694 quia
452 3621 591 3695 prefatus
614 3622 747 3680 Mathias
770 3623 926 3696 presbiter
948 3639 1042 3696 super
1064 3621 1217 3695 premissa
1240 3619 1397 3692 legacione
1420 3626 1450 3676 et
1477 3617 1532 3675 do·

271 3728 401 3787 nacione
432 3729 604 3804 prescripte
636 3729 759 3803 domus,
783 3728 933 3803 fundique
956 3729 1058 3787 civilis
1081 3726 1214 3802 predicti
1237 3742 1308 3784 cum
1331 3725 1394 3812 suis
1418 3723 1532 3782 utilita-

273 3835 357 3893 tibus
380 3835 516 3908 sibiipsi
539 3840 570 3893 et
591 3834 732 3909 predicto
755 3850 812 3892 suo
835 3835 928 3891 altari
950 3833 989 3890 ad
1012 3834 1070 3890 hec
1093 3838 1235 3906 tempora
1257 3846 1275 3888 a
1297 3831 1389 3888 nobis
1412 3829 1532 3888 litteras

271 3957 333 4000 non
363 3947 521 4014 receperat
543 3957 600 4000 nec
622 3943 819 4016 impetrarat;
844 3941 939 4014 igitur
962 3939 1152 4014 supplicavit
1182 3938 1273 3996 nobis
1304 3935 1443 4011 prelatus
1471 3936 1535 3992 Ma-

271 4047 351 4105 thias
374 4048 529 4121 presbiter
559 4047 663 4105 debita
686 4052 717 4106 et
737 4047 850 4105 humili
874 4062 1003 4120 precum
1027 4061 1098 4102 curn
1120 4044 1277 4114 instancia,
1302 4047 1453 4116 quatenus
1476 4056 1533 4098 nos

270 4153 449 4211 huiusmodi
465 4153 635 4225 donaciani,
651 4153 865 4226 legacionique
880 4153 978 4226 ipsius
994 4151 1115 4224 domus,
1134 4149 1399 4220 edificiorumque,
1415 4161 1534 4204 necnon

271 4259 401 4334 cellarii,
433 4260 517 4318 curie
551 4265 581 4316 et
612 4259 672 4317 orti
695 4259 908 4334 predictarum
931 4274 986 4332 per
1010 4259 1116 4331 ipsum
1139 4254 1272 4313 condam
1296 4252 1459 4310 dominum
1482 4251 1533 4331 Ja-

270 4368 384 4424 cobum
416 4365 517 4424 eidem
548 4366 662 4423 Mathia
693 4365 867 4439 presbitero
898 4365 1072 4437 legatarum
1104 4368 1133 4418 et
1157 4359 1196 4418 ad
1221 4359 1412 4433 presriptum
1436 4356 1533 4413 altare

269 4487 461 4530 annexarum
492 4477 522 4529 et
553 4471 753 4530 dimissarum
784 4477 925 4528 nostrum
951 4469 1133 4527 benivolum
1157 4479 1339 4524 consensum
1364 4463 1480 4537 pariter
1502 4467 1533 4519 et

269 4594 428 4636 assensum
450 4579 589 4652 prebere,
614 4578 789 4652 litterisque
811 4577 924 4635 nostris
948 4574 1199 4650 privilegialibus
1221 4569 1398 4629 ratbificare
1415 4573 1445 4624 et
1461 4582 1533 4624 con·

266 4684 394 4743 firmare
417 4684 624 4757 dignaremur.
648 4685 710 4742 Nos
734 4685 829 4757 igitur
852 4681 1139 4756 supplicacionibus
1163 4677 1301 4736 annotati
1317 4675 1431 4732 Mathia
1448 4689 1532 4747 pres·

266 4791 367 4860 biteri,
392 4791 467 4848 item
490 4807 528 4848 ex
552 4793 703 4865 premissa
726 4790 923 4848 attestacione
947 4792 1164 4846 annotatorum
1195 4783 1393 4842 dominorum
1417 4779 1532 4836 Mathie

266 4897 417 4969 prepositi
447 4897 637 4955 chasmensis
667 4911 703 4954 ac
738 4896 867 4952 Fabiani
902 4894 1059 4951 sociorum
1094 4897 1124 4949 et
1158 4888 1435 4948 concanonicorum
1477 4899 1530 4942 no·

263 5011 401 5061 strorum
430 5017 466 5060 ac
495 5003 610 5077 prefati
639 5003 734 5060 Blasii
764 5000 877 5078 judicis
901 4999 1129 5072 Zthoymylyeh
1159 4999 1361 5055 executorum
1393 4990 1529 5050 eiusdem

1388 5113 1421 5155 21
