3930 5802
734 555 808 614 Doc.
832 549 900 611 116.
926 585 967 596 -
990 553 1046 611 An.
1072 547 1163 630 1438.
1518 567 1571 624 15¹1

317 773 485 844 tenebitur;
508 772 731 847 captivitatem·
745 784 831 843 vero,
855 785 950 844 quam
973 783 1083 843 passus
1103 767 1214 837 extitit,
1237 783 1295 842 per
1326 766 1451 826 eosdem
1482 768 1579 826 banos

318 881 437 938 nostros
466 883 610 953 repertus
646 882 700 948 est,
723 877 787 935 suis
821 874 980 933 demeritis
1014 874 1217 946 exigentibus,
1245 873 1350 932 debite
1372 872 1438 932 fore
1461 889 1579 949 passus.

305 983 403 1056 item,
423 985 507 1060 quod
531 985 609 1044 alias
632 983 763 1058 predicti
785 983 868 1041 cives
891 981 1025 1040 exterius
1049 981 1082 1039 in
1105 995 1217 1055 campo
1232 980 1310 1039 duos
1325 979 1466 1039 homines
1481 979 1580 1054 ipsius

286 1090 466 1151 ·Vilhelmi
499 1090 722 1151 interfecissent
745 1094 775 1148 et
798 1095 931 1163 quatuor
965 1087 1187 1147 vulnerassent.
1221 1086 1322 1162 Super
1356 1087 1470 1161 quibus
1506 1086 1580 1146 dicti

316 1204 531 1272 procuratores
554 1197 798 1272 respondissent:
825 1195 909 1270 quod
933 1210 1005 1253 curn
1029 1194 1113 1254 idem
1136 1195 1313 1254 vilhelmus
1329 1209 1401 1252 cum
1417 1195 1480 1254 suis
1495 1209 1579 1252 com·

316 1303 452 1378 plicibus
473 1320 560 1364 more
583 1304 765 1364 exercituali
787 1303 928 1380 predicta
952 1301 1029 1360 feria
1051 1301 1186 1360 secunda
1209 1301 1355 1375 proxima
1377 1305 1448 1359 ante
1463 1300 1579 1359 festum

317 1409 492 1470 Natiuitatis
512 1413 639 1484 domini,
662 1411 806 1486 proxime
821 1409 1014 1485 preteritum,
1030 1407 1070 1466 ad
1087 1407 1288 1483 spoliandum
1304 1407 1406 1482 ipsam
1421 1407 1580 1466 civitatem

316 1522 347 1577 et
369 1519 514 1578 terminos
536 1519 635 1594 ipsius
658 1519 792 1577 civitatis
815 1516 969 1576 hostiliter
991 1515 1161 1605 invasisset,
1184 1515 1395 1589 nonnullaque
1413 1529 1527 1590 pecora
1550 1522 1581 1572 et

316 1626 414 1684 boves
437 1627 638 1702 quamplures
671 1624 838 1699 recepisset
871 1627 902 1682 et
924 1621 1079 1680 abducere
1103 1621 1261 1695 voluisset,
1292 1627 1365 1680 tunc
1389 1621 1517 1695 quidam
1542 1637 1580 1680 ex

318 1732 439 1791 civibus
462 1733 493 1790 in
517 1731 653 1791 custodia
675 1731 882 1790 terminorum
904 1728 985 1787 dicte
1007 1728 1141 1786 civitatis
1164 1728 1330 1800 constituti,
1354 1727 1436 1786 dicta
1466 1743 1580 1803 pecora

316 1853 352 1896 ac
374 1839 459 1912 ipsos
482 1839 577 1898 boves
600 1836 766 1896 defendere
785 1836 933 1907 volentes,
957 1833 1083 1893 eosdem
1105 1834 1209 1894 hostes
1232 1839 1262 1893 et
1282 1835 1467 1911 spoliatores
1502 1836 1580 1893 inse·

319 1950 447 2019 quentes
469 1945 501 2004 in
521 1945 731 2019 captivitatem
758 1943 897 2002 eiusdem
920 1941 1073 2003 Vilhelmi
1103 1939 1305 2014 devenissent,
1329 1947 1359 2000 et
1380 1941 1523 2000 nonnulli
1542 1957 1580 2000 ex

319 2051 435 2110 eisdem
459 2065 517 2126 per
540 2051 669 2110 eundem
692 2057 723 2110 et
745 2065 817 2108 suos
840 2041 1010 2124 complices
1033 2047 1187 2106 interfecti
1210 2048 1346 2120 fuissent,
1374 2049 1438 2120 ubi,
1469 2048 1496 2106 si
1526 2049 1580 2122 qui

315 2167 373 2235 per
396 2158 523 2218 eosdem
546 2161 627 2218 cives
649 2159 742 2218 occisi
765 2162 795 2216 et
815 2156 969 2215 interfecti
992 2155 1129 2228 fuissent,
1153 2160 1301 2229 tanquam
1317 2153 1534 2214 malefactores
1550 2159 1580 2213 et

316 2265 468 2342 predones
489 2266 585 2326 insui
600 2265 775 2326 defensione
791 2263 916 2324 eosdem
929 2262 1156 2323 interfecissent
1171 2267 1201 2320 et
1216 2262 1441 2334 vulnerassent,
1457 2261 1579 2337 ipsique

317 2374 400 2432 cives
423 2373 525 2432 minus
547 2371 627 2450 juste
649 2379 680 2432 et
700 2371 838 2431 indebite
861 2387 917 2446 per
937 2371 1042 2446 ipsum
1065 2369 1261 2428 vilhelmum
1278 2373 1308 2428 et
1322 2383 1394 2428 suos
1411 2369 1580 2444 complices

316 2479 469 2539 interfecti
492 2485 522 2539 et
544 2479 698 2539 vulnerati
721 2479 901 2538 extitissent.
924 2479 959 2536 In
982 2492 1044 2551 quo
1068 2475 1151 2534 facto
1180 2476 1241 2550 ipsi
1263 2477 1337 2534 bani
1367 2477 1471 2535 taliter
1499 2475 1580 2553 judi·

316 2593 436 2647 cassent
458 2593 487 2646 et
510 2587 691 2646 arbitrative
710 2586 943 2657 commisissent,
967 2583 1052 2658 quod
1075 2583 1214 2658 prefatus
1237 2581 1411 2658 Stephanus
1426 2582 1581 2656 Bychhele

319 2710 355 2754 ac
376 2695 532 2778 Johannes
554 2694 644 2766 Toth,
666 2707 784 2752 necnon
807 2691 981 2767 Stephanus
1005 2690 1043 2749 de
1065 2688 1188 2748 Bochlra
1215 2694 1246 2748 et
1268 2689 1415 2749 Nicotaus
1437 2689 1476 2748 de
1499 2689 1580 2763 Gye-

317 2817 396 2877 pew,
427 2801 600 2860 vicecomes
631 2800 794 2858 comitatus
817 2797 1035 2872 zagrabiensis,
1058 2813 1094 2855 ac
1128 2795 1297 2870 Gregorius
1319 2795 1358 2854 de
1381 2797 1529 2855 Vmouch
1551 2801 1581 2855 et

317 2910 426 2967 Petrus
457 2908 496 2966 de
526 2906 744 2980 Schytaryeuo,
775 2903 915 2964 homines
938 2920 996 2978 per
1022 2905 1106 2978 ipsos
1129 2904 1226 2961 banos
1248 2907 1371 2962 nostros
1393 2901 1488 2962 adid
1511 2919 1579 2977 spe·

315 3017 434 3075 cialiter
456 3015 605 3089 deputati,
621 3013 760 3088 predicto
782 3017 893 3070 octavo
915 3010 966 3068 die
988 3009 1059 3070 festi
1073 3010 1189 3069 Pasche
1205 3009 1332 3083 domini,
1348 3011 1491 3084 proxime
1506 3026 1579 3068 ven·

315 3129 395 3196 turo,
418 3121 602 3195 Zagrabiam
618 3119 791 3195 predictam
814 3119 1037 3189 convenientes,
1062 3118 1176 3192 quibus
1198 3117 1273 3176 illac
1295 3117 1340 3176 ire
1363 3123 1393 3175 et
1408 3117 1513 3176 omnia
1535 3132 1579 3188 ea,

315 3246 375 3304 que
398 3229 459 3304 ipsi
481 3227 555 3286 bani
578 3225 799 3284 commiserunt
834 3225 946 3298 exequi
972 3223 1166 3298 mandamus,
1182 3239 1276 3298 super
1294 3223 1473 3283 huiusmodi
1488 3225 1580 3283 inter·

316 3335 477 3410 empcione
501 3339 531 3392 et
553 3331 772 3391 vulneracione
794 3332 958 3390 bominum
981 3329 1193 3404 predictorum
1213 3330 1417 3405 probaciones
1440 3337 1470 3389 et
1485 3330 1580 3389 docu-

315 3443 419 3501 menta
441 3458 498 3516 per
520 3441 604 3516 ipsas
626 3445 731 3513 partes
754 3453 860 3498 coram
883 3437 1000 3497 eisdem
1023 3437 1223 3512 producendo
1246 3437 1354 3496 audire
1381 3443 1411 3496 et
1432 3438 1578 3512 recipere,

314 3555 344 3608 et
365 3550 391 3608 si
413 3548 446 3606 id
469 3565 508 3608 ex
531 3547 723 3606 documentis
746 3551 776 3605 et
798 3545 1039 3622 probacionibus
1062 3543 1242 3626 huiusmodi
1264 3546 1404 3618 ipsarum
1437 3544 1578 3618 parcium

314 3657 375 3732 ipsi
397 3655 589 3729 agnoverint,
613 3653 698 3728 quod
721 3653 820 3726 aliqui
842 3669 879 3710 ex
903 3651 1062 3727 premissis
1078 3650 1245 3710 interfectis
1261 3655 1290 3709 et
1307 3649 1479 3709 vulneratis
1493 3648 1578 3726 juxta

315 3778 423 3821 eorum
447 3761 597 3820 demerita
621 3765 652 3818 et
674 3759 784 3835 culpas
806 3765 878 3817 sunt
892 3758 1046 3816 interiecti
1068 3763 1098 3815 et
1114 3759 1276 3828 vulnerati,
1299 3763 1411 3815 extunc
1433 3757 1579 3830 homagia

313 3870 424 3928 talium
449 3867 682 3927 interfectorum
705 3873 735 3926 et
757 3866 887 3925 vulnera
910 3865 1145 3924 vulneratorum
1168 3871 1317 3938 tanquam
1340 3863 1579 3922 malefactorum

319 3991 377 4051 pro
393 3975 508 4034 nichilo
523 3979 713 4050 reputentur.
730 3974 862 4032 Illorum
878 3987 962 4044 vero,
979 3973 1034 4046 qui
1056 3972 1158 4030 minus
1173 3968 1252 4046 juste
1268 3969 1421 4029 interfecti
1444 3970 1579 4029 existunt

280 4075 284 4080 ’
316 4089 346 4141 et
376 4083 532 4140 vulnerati
565 4097 621 4156 per
642 4081 725 4146 illos.
749 4097 806 4155 per
831 4096 911 4154 quos
933 4081 1098 4138 commissa
1121 4079 1223 4136 existit
1246 4082 1373 4150 strages,
1397 4076 1577 4136 huiusmodi

315 4189 461 4262 homagia
496 4188 607 4246 talium
638 4192 668 4246 et
690 4187 822 4246 vulnera
844 4185 931 4262 juxta
953 4186 1041 4259 regni
1072 4183 1324 4243 consvetudinem
1348 4183 1576 4256 persolvantur.

314 4295 512 4370 Disposuisse
543 4295 641 4354 eciam
670 4295 750 4352 inter
779 4298 882 4367 partes
909 4292 1064 4366 predictas
1094 4291 1189 4350 iidem
1220 4291 1293 4349 bani
1316 4307 1349 4348 se
1373 4293 1577 4360 asseruerunt,

314 4401 399 4475 quod
420 4405 530 4458 neutra
552 4401 695 4474 parcium
717 4400 839 4474 aliquos
862 4405 948 4458 actus
971 4399 1184 4474 potenciarios,
1210 4404 1316 4457 contra
1339 4397 1427 4470 regni
1451 4411 1576 4454 consve-

313 4507 462 4578 tudinem,
498 4513 604 4565 contra
638 4522 703 4566 sese
735 4511 767 4566 et
799 4507 839 4564 ad
862 4523 894 4564 se
917 4507 1103 4581 pertinentes
1126 4506 1275 4563 innovare
1299 4508 1499 4578 presummat,
1523 4501 1577 4559 sed

313 4613 465 4688 quidquid
488 4614 621 4672 accionis
644 4621 750 4672 contra
773 4629 839 4672 sese
861 4613 999 4672 vicissim
1019 4613 1193 4690 habuerint,
1212 4613 1271 4670 hoc
1287 4612 1407 4670 iusticia
1423 4609 1577 4668 mediante

314 4721 462 4795 prosequi
485 4725 624 4779 teneatur
645 4718 713 4796 jure
736 4725 767 4779 et
790 4719 1010 4779 consvetudine
1029 4721 1116 4792 regni
1131 4720 1229 4777 nostri
1244 4720 1427 4793 requirente.
1451 4715 1578 4791 Suppli-

315 4835 418 4886 catum
441 4827 545 4901 itaque
568 4828 670 4886 extitit
688 4842 747 4902 pro
763 4834 851 4902 parte
867 4825 1021 4885 dictorum
1038 4826 1154 4884 civium
1171 4826 1304 4884 civitatis
1319 4823 1459 4900 predicte
1474 4829 1577 4882 nostre

313 4934 475 5006 maiestati,
509 4940 544 4992 ut
577 4934 756 4993 huiusmodi
785 4932 951 5010 judicium,
989 4932 1227 5007 disposicionem
1257 4938 1287 4990 et
1320 4931 1487 4990 arbitrium
1520 4947 1578 5006 per

311 5039 457 5117 jamfatos
490 5041 588 5101 banos
620 5047 745 5101 nostros
766 5041 861 5099 modo
883 5040 1048 5116 prehabito
1070 5039 1150 5098 facta
1173 5046 1263 5114 grata
1283 5039 1401 5098 habere
1423 5043 1452 5096 et
1468 5033 1576 5097 eadem
