<?xml version="1.0" encoding="UTF-8"?>
<!DOCTYPE html PUBLIC "-//W3C//DTD XHTML 1.0 Transitional//EN"
    "http://www.w3.org/TR/xhtml1/DTD/xhtml1-transitional.dtd">
<html xmlns="http://www.w3.org/1999/xhtml" xml:lang="en" lang="en">
 <head>
  <title>
</title>
<meta http-equiv="Content-Type" content="text/html;charset=utf-8" />
  <meta name='ocr-system' content='tesseract 3.04.00' />
  <meta name='ocr-capabilities' content='ocr_page ocr_carea ocr_par ocr_line ocrx_word'/>
</head>
<body>
  <div class='ocr_page' id='page_1' title='image "./monumentahistor20laszgoog_0274.png"; bbox 0 0 3736 5826; ppageno 0'>
   <div class='ocr_carea' id='block_1_1' title="bbox 632 593 1563 672">
    <p class='ocr_par' dir='ltr' id='par_1_1' title="bbox 632 593 1563 672">
     <span class='ocr_line' id='line_1_1' title="bbox 632 593 1563 672; baseline -0.009 -16"><span class='ocrx_word' id='word_1_1' title='bbox 632 598 706 656; x_wconf 83' lang='lat' dir='ltr'>Doc.</span> <span class='ocrx_word' id='word_1_2' title='bbox 730 593 780 656; x_wconf 79' lang='lat'>18.</span> <span class='ocrx_word' id='word_1_3' title='bbox 804 609 854 672; x_wconf 79' lang='lat'>19.</span> <span class='ocrx_word' id='word_1_4' title='bbox 880 629 920 641; x_wconf 89' lang='lat'><em>-</em></span> <span class='ocrx_word' id='word_1_5' title='bbox 945 595 1001 654; x_wconf 84' lang='lat' dir='ltr'>An.</span> <span class='ocrx_word' id='word_1_6' title='bbox 1026 607 1240 672; x_wconf 51' lang='grc' dir='ltr'><strong><em>[μγ-1414.</em></strong></span> <span class='ocrx_word' id='word_1_7' title='bbox 1528 609 1563 664; x_wconf 79' lang='lat'>17</span> 
     </span>
    </p>
   </div>
   <div class='ocr_carea' id='block_1_2' title="bbox 303 809 1569 1322">
    <p class='ocr_par' dir='ltr' id='par_1_2' title="bbox 303 809 1569 1322">
     <span class='ocr_line' id='line_1_2' title="bbox 303 809 1566 886; baseline -0.004 -14"><span class='ocrx_word' id='word_1_8' title='bbox 303 814 434 874; x_wconf 84' lang='lat' dir='ltr'>veritate</span> <span class='ocrx_word' id='word_1_9' title='bbox 468 827 526 872; x_wconf 89' lang='lat' dir='ltr'>vos</span> <span class='ocrx_word' id='word_1_10' title='bbox 560 813 601 872; x_wconf 87' lang='lat' dir='ltr'>ad</span> <span class='ocrx_word' id='word_1_11' title='bbox 632 812 809 872; x_wconf 84' lang='lat' dir='ltr'>iaciendum</span> <span class='ocrx_word' id='word_1_12' title='bbox 838 812 991 886; x_wconf 90' lang='lat' dir='ltr'>premissa</span> <span class='ocrx_word' id='word_1_13' title='bbox 1019 810 1120 868; x_wconf 91' lang='lat' dir='ltr'>arcius</span> <span class='ocrx_word' id='word_1_14' title='bbox 1151 809 1322 884; x_wconf 92' lang='lat' dir='ltr'>compellat</span> <span class='ocrx_word' id='word_1_15' title='bbox 1355 814 1386 868; x_wconf 90' lang='lat' dir='ltr'>et</span> <span class='ocrx_word' id='word_1_16' title='bbox 1408 810 1566 882; x_wconf 86' lang='lat' dir='ltr'>astringat,</span> 
     </span>
     <span class='ocr_line' id='line_1_3' title="bbox 305 900 1568 996; baseline -0.006 -16"><span class='ocrx_word' id='word_1_17' title='bbox 305 922 490 980; x_wconf 88' lang='lat' dir='ltr'>auctoritate</span> <span class='ocrx_word' id='word_1_18' title='bbox 511 926 617 981; x_wconf 87' lang='lat' dir='ltr'>nostra</span> <span class='ocrx_word' id='word_1_19' title='bbox 632 920 693 996; x_wconf 91' lang='lat' dir='ltr'>ipsi</span> <span class='ocrx_word' id='word_1_20' title='bbox 715 918 911 993; x_wconf 83' lang='lat' dir='ltr'>presentibus</span> <span class='ocrx_word' id='word_1_21' title='bbox 934 917 1084 976; x_wconf 86' lang='lat' dir='ltr'>attributa</span> <span class='ocrx_word' id='word_1_22' title='bbox 1107 921 1137 974; x_wconf 89' lang='lat' dir='ltr'>et</span> <span class='ocrx_word' id='word_1_23' title='bbox 1152 900 1272 975; x_wconf 74' lang='lat' dir='ltr'>iusticia</span> <span class='ocrx_word' id='word_1_24' title='bbox 1287 914 1450 974; x_wconf 84' lang='lat' dir='ltr'><strong>mediante.</strong></span> <span class='ocrx_word' id='word_1_25' title='bbox 1474 915 1568 975; x_wconf 90' lang='lat' dir='ltr'>Secus</span> 
     </span>
     <span class='ocr_line' id='line_1_4' title="bbox 304 1021 1566 1098; baseline -0.006 -12"><span class='ocrx_word' id='word_1_26' title='bbox 304 1041 367 1086; x_wconf 89' lang='lat' dir='ltr'>non</span> <span class='ocrx_word' id='word_1_27' title='bbox 396 1025 516 1087; x_wconf 86' lang='lat' dir='ltr'>facturi.</span> <span class='ocrx_word' id='word_1_28' title='bbox 545 1027 705 1085; x_wconf 90' lang='lat' dir='ltr'>Presentes</span> <span class='ocrx_word' id='word_1_29' title='bbox 735 1039 860 1098; x_wconf 90' lang='lat' dir='ltr'>quoque</span> <span class='ocrx_word' id='word_1_30' title='bbox 888 1028 961 1098; x_wconf 90' lang='lat' dir='ltr'>post</span> <span class='ocrx_word' id='word_1_31' title='bbox 983 1021 1134 1080; x_wconf 86' lang='lat' dir='ltr'>lecturam</span> <span class='ocrx_word' id='word_1_32' title='bbox 1158 1021 1247 1080; x_wconf 86' lang='lat' dir='ltr'>reddi</span> <span class='ocrx_word' id='word_1_33' title='bbox 1269 1037 1393 1095; x_wconf 89' lang='lat' dir='ltr'>semper</span> <span class='ocrx_word' id='word_1_34' title='bbox 1416 1021 1566 1080; x_wconf 88' lang='lat' dir='ltr'>edicimus</span> 
     </span>
     <span class='ocr_line' id='line_1_5' title="bbox 303 1126 1569 1208; baseline -0.006 -16"><span class='ocrx_word' id='word_1_35' title='bbox 303 1133 503 1208; x_wconf 88' lang='lat' dir='ltr'>presentanti.</span> <span class='ocrx_word' id='word_1_36' title='bbox 526 1133 644 1191; x_wconf 91' lang='lat' dir='ltr'>Datum</span> <span class='ocrx_word' id='word_1_37' title='bbox 667 1132 697 1189; x_wconf 92' lang='lat' dir='ltr'>in</span> <span class='ocrx_word' id='word_1_38' title='bbox 721 1129 961 1205; x_wconf 84' lang='lat' dir='ltr'>leraproncha</span> <span class='ocrx_word' id='word_1_39' title='bbox 984 1127 1061 1186; x_wconf 88' lang='lat' dir='ltr'>feria</span> <span class='ocrx_word' id='word_1_40' title='bbox 1084 1127 1192 1202; x_wconf 86' lang='lat' dir='ltr'>quinta</span> <span class='ocrx_word' id='word_1_41' title='bbox 1214 1127 1359 1202; x_wconf 88' lang='lat' dir='ltr'>proxima</span> <span class='ocrx_word' id='word_1_42' title='bbox 1382 1133 1452 1185; x_wconf 90' lang='lat' dir='ltr'>ante</span> <span class='ocrx_word' id='word_1_43' title='bbox 1468 1126 1569 1184; x_wconf 89' lang='lat' dir='ltr'>domi·</span> 
     </span>
     <span class='ocr_line' id='line_1_6' title="bbox 304 1232 1566 1322; baseline -0.006 -25"><span class='ocrx_word' id='word_1_44' title='bbox 304 1239 406 1298; x_wconf 90' lang='lat' dir='ltr'>nicam</span> <span class='ocrx_word' id='word_1_45' title='bbox 428 1239 548 1322; x_wconf 90' lang='lat' dir='ltr'>Judica.</span> <span class='ocrx_word' id='word_1_46' title='bbox 580 1239 671 1297; x_wconf 85' lang='lat' dir='ltr'>Anno</span> <span class='ocrx_word' id='word_1_47' title='bbox 701 1237 820 1296; x_wconf 87' lang='lat' dir='ltr'>domini</span> <span class='ocrx_word' id='word_1_48' title='bbox 848 1235 1021 1294; x_wconf 90' lang='lat' dir='ltr'>millesimo</span> <span class='ocrx_word' id='word_1_49' title='bbox 1049 1233 1356 1308; x_wconf 87' lang='lat' dir='ltr'>quadringentesimo</span> <span class='ocrx_word' id='word_1_50' title='bbox 1387 1232 1566 1291; x_wconf 89' lang='lat' dir='ltr'>tredecimo.</span> 
     </span>
    </p>
   </div>
   <div class='ocr_carea' id='block_1_3' title="bbox 305 1370 1575 1517">
    <p class='ocr_par' dir='ltr' id='par_1_3' title="bbox 305 1370 1575 1517">
     <span class='ocr_line' id='line_1_7' title="bbox 413 1370 1569 1440; baseline -0.005 -13"><span class='ocrx_word' id='word_1_51' title='bbox 413 1375 547 1440; x_wconf 83' lang='lat' dir='ltr'>Originale</span> <span class='ocrx_word' id='word_1_52' title='bbox 565 1377 593 1427; x_wconf 89' lang='lat' dir='ltr'>in</span> <span class='ocrx_word' id='word_1_53' title='bbox 611 1374 707 1428; x_wconf 88' lang='lat' dir='ltr'>charta.</span> <span class='ocrx_word' id='word_1_54' title='bbox 726 1377 759 1424; x_wconf 89' lang='lat' dir='ltr'>In</span> <span class='ocrx_word' id='word_1_55' title='bbox 777 1375 892 1438; x_wconf 77' lang='lat' dir='ltr'>margine</span> <span class='ocrx_word' id='word_1_56' title='bbox 910 1371 1026 1422; x_wconf 78' lang='lat' dir='ltr'>inferiori</span> <span class='ocrx_word' id='word_1_57' title='bbox 1043 1371 1197 1436; x_wconf 86' lang='lat' dir='ltr'>impressum</span> <span class='ocrx_word' id='word_1_58' title='bbox 1215 1375 1255 1420; x_wconf 84' lang='lat' dir='ltr'>est</span> <span class='ocrx_word' id='word_1_59' title='bbox 1273 1370 1395 1435; x_wconf 84' lang='lat' dir='ltr'>sigillum.</span> <span class='ocrx_word' id='word_1_60' title='bbox 1424 1373 1456 1420; x_wconf 91' lang='lat' dir='ltr'>In</span> <span class='ocrx_word' id='word_1_61' title='bbox 1474 1371 1569 1422; x_wconf 83' lang='lat' dir='ltr'>archiv.</span> 
     </span>
     <span class='ocr_line' id='line_1_8' title="bbox 305 1457 1575 1517; baseline -0.005 -4"><span class='ocrx_word' id='word_1_62' title='bbox 305 1463 365 1517; x_wconf 76' lang='lat' dir='ltr'>incl.</span> <span class='ocrx_word' id='word_1_63' title='bbox 386 1465 470 1516; x_wconf 84' lang='lat' dir='ltr'>Acad.</span> <span class='ocrx_word' id='word_1_64' title='bbox 490 1465 578 1515; x_wconf 81' lang='lat' dir='ltr'>Sciant</span> <span class='ocrx_word' id='word_1_65' title='bbox 605 1463 704 1516; x_wconf 89' lang='lat' dir='ltr'>Siavor.</span> <span class='ocrx_word' id='word_1_66' title='bbox 725 1462 886 1514; x_wconf 82' lang='lat' dir='ltr'>meridional.</span> <span class='ocrx_word' id='word_1_67' title='bbox 1574 1457 1575 1460; x_wconf 72' lang='grc'>’</span> 
     </span>
    </p>
   </div>
   <div class='ocr_carea' id='block_1_4' title="bbox 416 1669 967 1908">
    <p class='ocr_par' dir='ltr' id='par_1_4' title="bbox 416 1669 967 1908">
     <span class='ocr_line' id='line_1_9' title="bbox 917 1669 967 1738; baseline -0.08 1"><span class='ocrx_word' id='word_1_68' title='bbox 917 1669 967 1738; x_wconf 81' lang='lat' dir='ltr'>la.</span> 
     </span>
     <span class='ocr_line' id='line_1_10' title="bbox 416 1833 966 1908; baseline 0.002 -24"><span class='ocrx_word' id='word_1_69' title='bbox 416 1833 594 1908; x_wconf 19' lang='lat' dir='ltr'>Annovl413‚</span> <span class='ocrx_word' id='word_1_70' title='bbox 617 1835 656 1887; x_wconf 87' lang='lat'>18.</span> <span class='ocrx_word' id='word_1_71' title='bbox 674 1833 791 1900; x_wconf 81' lang='lat' dir='ltr'>Augusti</span> <span class='ocrx_word' id='word_1_72' title='bbox 818 1833 966 1898; x_wconf 82' lang='lat' dir='ltr'>Zagrabiae.</span> 
     </span>
    </p>
   </div>
   <div class='ocr_carea' id='block_1_5' title="bbox 310 1962 1576 2566">
    <p class='ocr_par' dir='ltr' id='par_1_5' title="bbox 310 1962 1576 2566">
     <span class='ocr_line' id='line_1_11' title="bbox 415 1962 1571 2040; baseline -0.003 -17"><span class='ocrx_word' id='word_1_73' title='bbox 415 1965 507 2023; x_wconf 86' lang='lat' dir='ltr'>Anno</span> <span class='ocrx_word' id='word_1_74' title='bbox 532 1977 623 2040; x_wconf 80' lang='lat'>1413.</span> <span class='ocrx_word' id='word_1_75' title='bbox 648 1964 682 2021; x_wconf 93' lang='lat' dir='ltr'>In</span> <span class='ocrx_word' id='word_1_76' title='bbox 705 1962 784 2022; x_wconf 85' lang='lat' dir='ltr'>festo</span> <span class='ocrx_word' id='word_1_77' title='bbox 804 1964 834 2022; x_wconf 93' lang='lat' dir='ltr'>b.</span> <span class='ocrx_word' id='word_1_78' title='bbox 858 1963 971 2022; x_wconf 88' lang='lat' dir='ltr'>Elenae</span> <span class='ocrx_word' id='word_1_79' title='bbox 985 1963 1117 2036; x_wconf 89' lang='lat' dir='ltr'>reginae.</span> <span class='ocrx_word' id='word_1_80' title='bbox 1140 1963 1246 2021; x_wconf 87' lang='lat' dir='ltr'>Fassio</span> <span class='ocrx_word' id='word_1_81' title='bbox 1263 1963 1439 2037; x_wconf 84' lang='lat' dir='ltr'>perennalis</span> <span class='ocrx_word' id='word_1_82' title='bbox 1455 1962 1571 2022; x_wconf 88' lang='lat' dir='ltr'>nobilis</span> 
     </span>
     <span class='ocr_line' id='line_1_12' title="bbox 310 2069 1572 2144; baseline 0 -18"><span class='ocrx_word' id='word_1_83' title='bbox 310 2069 470 2128; x_wconf 89' lang='lat' dir='ltr'>Michaelis</span> <span class='ocrx_word' id='word_1_84' title='bbox 492 2070 596 2128; x_wconf 90' lang='lat' dir='ltr'>Thaar</span> <span class='ocrx_word' id='word_1_85' title='bbox 618 2069 657 2128; x_wconf 91' lang='lat' dir='ltr'>de</span> <span class='ocrx_word' id='word_1_86' title='bbox 679 2069 804 2144; x_wconf 87' lang='lat' dir='ltr'>Palana,</span> <span class='ocrx_word' id='word_1_87' title='bbox 828 2069 959 2126; x_wconf 87' lang='lat' dir='ltr'>domum</span> <span class='ocrx_word' id='word_1_88' title='bbox 981 2084 1070 2126; x_wconf 89' lang='lat' dir='ltr'>suam</span> <span class='ocrx_word' id='word_1_89' title='bbox 1095 2074 1251 2126; x_wconf 89' lang='lat' dir='ltr'>muratam</span> <span class='ocrx_word' id='word_1_90' title='bbox 1267 2069 1298 2126; x_wconf 90' lang='lat' dir='ltr'>in</span> <span class='ocrx_word' id='word_1_91' title='bbox 1314 2069 1439 2127; x_wconf 91' lang='lat' dir='ltr'>civitate</span> <span class='ocrx_word' id='word_1_92' title='bbox 1455 2069 1572 2128; x_wconf 91' lang='lat' dir='ltr'>montis</span> 
     </span>
     <span class='ocr_line' id='line_1_13' title="bbox 310 2173 1574 2250; baseline -0.002 -16"><span class='ocrx_word' id='word_1_93' title='bbox 310 2173 473 2234; x_wconf 90' lang='lat' dir='ltr'>Grecensis</span> <span class='ocrx_word' id='word_1_94' title='bbox 495 2191 590 2250; x_wconf 91' lang='lat' dir='ltr'>penes</span> <span class='ocrx_word' id='word_1_95' title='bbox 612 2175 746 2233; x_wconf 85' lang='lat' dir='ltr'>fundum</span> <span class='ocrx_word' id='word_1_96' title='bbox 768 2175 915 2233; x_wconf 90' lang='lat' dir='ltr'>ecclesiae</span> <span class='ocrx_word' id='word_1_97' title='bbox 934 2176 967 2234; x_wconf 90' lang='lat' dir='ltr'>b.</span> <span class='ocrx_word' id='word_1_98' title='bbox 991 2175 1177 2234; x_wconf 91' lang='lat' dir='ltr'>Catharinae</span> <span class='ocrx_word' id='word_1_99' title='bbox 1207 2175 1283 2247; x_wconf 84' lang='lat' dir='ltr'>virg.</span> <span class='ocrx_word' id='word_1_100' title='bbox 1315 2175 1465 2248; x_wconf 83' lang='lat' dir='ltr'>habitam,</span> <span class='ocrx_word' id='word_1_101' title='bbox 1496 2175 1574 2234; x_wconf 88' lang='lat' dir='ltr'>duas</span> 
     </span>
     <span class='ocr_line' id='line_1_14' title="bbox 310 2257 1573 2356; baseline 0 -17"><span class='ocrx_word' id='word_1_102' title='bbox 310 2281 410 2339; x_wconf 85' lang='lat' dir='ltr'>curias</span> <span class='ocrx_word' id='word_1_103' title='bbox 433 2281 568 2354; x_wconf 89' lang='lat' dir='ltr'>integras</span> <span class='ocrx_word' id='word_1_104' title='bbox 591 2257 786 2354; x_wconf 82' lang='lat' dir='ltr'>efficientem,</span> <span class='ocrx_word' id='word_1_105' title='bbox 811 2296 849 2338; x_wconf 86' lang='lat' dir='ltr'>ex</span> <span class='ocrx_word' id='word_1_106' title='bbox 880 2281 1050 2338; x_wconf 84' lang='lat' dir='ltr'>collacione</span> <span class='ocrx_word' id='word_1_107' title='bbox 1082 2282 1168 2353; x_wconf 87' lang='lat' dir='ltr'>regia</span> <span class='ocrx_word' id='word_1_108' title='bbox 1198 2295 1381 2356; x_wconf 88' lang='lat' dir='ltr'>possessam,</span> <span class='ocrx_word' id='word_1_109' title='bbox 1413 2281 1573 2356; x_wconf 91' lang='lat' dir='ltr'>Stephano</span> 
     </span>
     <span class='ocr_line' id='line_1_15' title="bbox 310 2385 1576 2470; baseline 0.002 -26"><span class='ocrx_word' id='word_1_110' title='bbox 310 2386 472 2461; x_wconf 89' lang='lat' dir='ltr'>lapicidae,</span> <span class='ocrx_word' id='word_1_111' title='bbox 488 2386 556 2444; x_wconf 89' lang='lat' dir='ltr'>filio</span> <span class='ocrx_word' id='word_1_112' title='bbox 571 2387 689 2470; x_wconf 90' lang='lat' dir='ltr'>Jacobi‚</span> <span class='ocrx_word' id='word_1_113' title='bbox 711 2385 785 2446; x_wconf 91' lang='lat' dir='ltr'>dicti</span> <span class='ocrx_word' id='word_1_114' title='bbox 807 2385 988 2460; x_wconf 89' lang='lat' dir='ltr'>Sochsnam,</span> <span class='ocrx_word' id='word_1_115' title='bbox 1000 2402 1059 2462; x_wconf 94' lang='lat' dir='ltr'>pro</span> <span class='ocrx_word' id='word_1_116' title='bbox 1075 2387 1281 2460; x_wconf 89' lang='lat' dir='ltr'>quadraginta</span> <span class='ocrx_word' id='word_1_117' title='bbox 1296 2387 1362 2448; x_wconf 89' lang='lat' dir='ltr'>flor.</span> <span class='ocrx_word' id='word_1_118' title='bbox 1378 2389 1446 2446; x_wconf 92' lang='lat' dir='ltr'>auri</span> <span class='ocrx_word' id='word_1_119' title='bbox 1470 2402 1576 2446; x_wconf 90' lang='lat' dir='ltr'>coram</span> 
     </span>
     <span class='ocr_line' id='line_1_16' title="bbox 311 2492 782 2566; baseline 0 -16"><span class='ocrx_word' id='word_1_120' title='bbox 311 2493 495 2566; x_wconf 87' lang='lat' dir='ltr'>magistratu</span> <span class='ocrx_word' id='word_1_121' title='bbox 517 2493 589 2566; x_wconf 88' lang='lat' dir='ltr'>loci,</span> <span class='ocrx_word' id='word_1_122' title='bbox 611 2492 782 2551; x_wconf 84' lang='lat' dir='ltr'>vendentis.</span> 
     </span>
    </p>
   </div>
   <div class='ocr_carea' id='block_1_6' title="bbox 419 2644 1507 2711">
    <p class='ocr_par' dir='ltr' id='par_1_6' title="bbox 419 2644 1507 2711">
     <span class='ocr_line' id='line_1_17' title="bbox 419 2644 1507 2711; baseline -0.001 -16"><span class='ocrx_word' id='word_1_123' title='bbox 419 2646 479 2698; x_wconf 78' lang='lat' dir='ltr'>Act.</span> <span class='ocrx_word' id='word_1_124' title='bbox 500 2646 558 2700; x_wconf 88' lang='lat' dir='ltr'>Soc.</span> <span class='ocrx_word' id='word_1_125' title='bbox 574 2647 647 2711; x_wconf 85' lang='lat' dir='ltr'>Jasn.</span> <span class='ocrx_word' id='word_1_126' title='bbox 666 2647 727 2698; x_wconf 85' lang='lat' dir='ltr'>fasc.</span> <span class='ocrx_word' id='word_1_127' title='bbox 749 2655 789 2697; x_wconf 92' lang='lat'>10.</span> <span class='ocrx_word' id='word_1_128' title='bbox 808 2661 845 2697; x_wconf 86' lang='lat' dir='ltr'>nr.</span> <span class='ocrx_word' id='word_1_129' title='bbox 865 2658 908 2697; x_wconf 81' lang='lat'>22.</span> <span class='ocrx_word' id='word_1_130' title='bbox 928 2649 960 2695; x_wconf 93' lang='lat' dir='ltr'>In</span> <span class='ocrx_word' id='word_1_131' title='bbox 978 2646 1073 2698; x_wconf 84' lang='lat' dir='ltr'>archiv.</span> <span class='ocrx_word' id='word_1_132' title='bbox 1093 2661 1163 2710; x_wconf 85' lang='lat' dir='ltr'>regn.</span> <span class='ocrx_word' id='word_1_133' title='bbox 1183 2645 1269 2697; x_wconf 86' lang='lat' dir='ltr'>Croat.</span> <span class='ocrx_word' id='word_1_134' title='bbox 1289 2644 1358 2697; x_wconf 80' lang='lat' dir='ltr'>Slav.</span> <span class='ocrx_word' id='word_1_135' title='bbox 1376 2652 1403 2694; x_wconf 92' lang='lat' dir='ltr'>et</span> <span class='ocrx_word' id='word_1_136' title='bbox 1421 2644 1507 2694; x_wconf 86' lang='lat' dir='ltr'>Dalm.</span> 
     </span>
    </p>
   </div>
   <div class='ocr_carea' id='block_1_7' title="bbox 421 2872 972 3045">
    <p class='ocr_par' dir='ltr' id='par_1_7' title="bbox 421 2872 972 3045">
     <span class='ocr_line' id='line_1_18' title="bbox 421 2872 972 3045; baseline -0.004 -15"><span class='ocrx_word' id='word_1_137' title='bbox 421 2979 502 3030; x_wconf 86' lang='lat' dir='ltr'>Anno</span> <span class='ocrx_word' id='word_1_138' title='bbox 523 2987 598 3043; x_wconf 74' lang='lat'>¹⁴14·</span> <span class='ocrx_word' id='word_1_139' title='bbox 618 2991 628 3028; x_wconf 92' lang='lat' dir='ltr'>r</span> <span class='ocrx_word' id='word_1_140' title='bbox 634 2991 657 3044; x_wconf 85' lang='lat'>3.</span> <span class='ocrx_word' id='word_1_141' title='bbox 674 2979 749 3045; x_wconf 87' lang='lat' dir='ltr'>Jnlii.</span> <span class='ocrx_word' id='word_1_142' title='bbox 768 2872 972 3044; x_wconf 55' lang='lat' dir='ltr'>lambrum</span> 
     </span>
    </p>
   </div>
   <div class='ocr_carea' id='block_1_8' title="bbox 314 3103 1579 3377">
    <p class='ocr_par' dir='ltr' id='par_1_8' title="bbox 314 3103 1579 3377">
     <span class='ocr_line' id='line_1_19' title="bbox 314 3103 1579 3181; baseline 0.002 -19"><span class='ocrx_word' id='word_1_143' title='bbox 314 3104 506 3163; x_wconf 80' lang='lat' dir='ltr'>Eberhardus</span> <span class='ocrx_word' id='word_1_144' title='bbox 526 3105 670 3180; x_wconf 58' lang='lat' dir='ltr'>episcpous</span> <span class='ocrx_word' id='word_1_145' title='bbox 691 3107 894 3180; x_wconf 77' lang='lat' dir='ltr'>sagrabiensis,</span> <span class='ocrx_word' id='word_1_146' title='bbox 911 3113 1000 3181; x_wconf 81' lang='lat' dir='ltr'>parte</span> <span class='ocrx_word' id='word_1_147' title='bbox 1022 3103 1198 3164; x_wconf 83' lang='lat' dir='ltr'>decimarum</span> <span class='ocrx_word' id='word_1_148' title='bbox 1220 3123 1333 3164; x_wconf 82' lang='lat' dir='ltr'>mensae</span> <span class='ocrx_word' id='word_1_149' title='bbox 1355 3107 1523 3180; x_wconf 81' lang='lat' dir='ltr'>episcopalis</span> <span class='ocrx_word' id='word_1_150' title='bbox 1547 3126 1579 3165; x_wconf 79' lang='lat' dir='ltr'>an</span> 
     </span>
     <span class='ocr_line' id='line_1_20' title="bbox 315 3209 1573 3290; baseline 0.002 -22"><span class='ocrx_word' id='word_1_151' title='bbox 315 3211 450 3270; x_wconf 82' lang='lat' dir='ltr'>comitatu</span> <span class='ocrx_word' id='word_1_152' title='bbox 479 3209 513 3268; x_wconf 80' lang='lat' dir='ltr'>de</span> <span class='ocrx_word' id='word_1_153' title='bbox 535 3210 675 3269; x_wconf 76' lang='lat' dir='ltr'>Morovlc</span> <span class='ocrx_word' id='word_1_154' title='bbox 695 3212 866 3282; x_wconf 74' lang='lat' dir='ltr'>conrhnata,</span> <span class='ocrx_word' id='word_1_155' title='bbox 887 3219 1055 3290; x_wconf 78' lang='lat' dir='ltr'>perpetuam</span> <span class='ocrx_word' id='word_1_156' title='bbox 1078 3212 1217 3270; x_wconf 80' lang='lat' dir='ltr'>altarium</span> <span class='ocrx_word' id='word_1_157' title='bbox 1245 3213 1275 3268; x_wconf 84' lang='lat' dir='ltr'>in</span> <span class='ocrx_word' id='word_1_158' title='bbox 1299 3211 1414 3285; x_wconf 74' lang='lat' dir='ltr'>collegrb</span> <span class='ocrx_word' id='word_1_159' title='bbox 1433 3215 1573 3286; x_wconf 79' lang='lat' dir='ltr'>praeben·</span> 
     </span>
     <span class='ocr_line' id='line_1_21' title="bbox 813 3318 1084 3377; baseline -0.004 -1"><span class='ocrx_word' id='word_1_160' title='bbox 813 3319 963 3376; x_wconf 67' lang='lat' dir='ltr'>danbrum</span> <span class='ocrx_word' id='word_1_161' title='bbox 984 3318 1084 3377; x_wconf 84' lang='lat' dir='ltr'>condit.</span> 
     </span>
    </p>
   </div>
   <div class='ocr_carea' id='block_1_9' title="bbox 316 3459 1589 4916">
    <p class='ocr_par' dir='ltr' id='par_1_9' title="bbox 316 3459 1589 4916">
     <span class='ocr_line' id='line_1_22' title="bbox 420 3459 1580 3537; baseline 0.005 -19"><span class='ocrx_word' id='word_1_162' title='bbox 420 3459 621 3519; x_wconf 88' lang='lat' dir='ltr'>Eberhardus</span> <span class='ocrx_word' id='word_1_163' title='bbox 644 3459 696 3520; x_wconf 88' lang='lat' dir='ltr'>dei</span> <span class='ocrx_word' id='word_1_164' title='bbox 719 3467 749 3520; x_wconf 90' lang='lat' dir='ltr'>et</span> <span class='ocrx_word' id='word_1_165' title='bbox 772 3462 944 3537; x_wconf 89' lang='lat' dir='ltr'>apostolice</span> <span class='ocrx_word' id='word_1_166' title='bbox 966 3461 1048 3521; x_wconf 90' lang='lat' dir='ltr'>sedis</span> <span class='ocrx_word' id='word_1_167' title='bbox 1070 3462 1176 3536; x_wconf 84' lang='lat' dir='ltr'>gracia</span> <span class='ocrx_word' id='word_1_168' title='bbox 1191 3463 1356 3536; x_wconf 92' lang='lat' dir='ltr'>episcopus</span> <span class='ocrx_word' id='word_1_169' title='bbox 1373 3463 1580 3536; x_wconf 84' lang='lat' dir='ltr'>zagrabiensis</span> 
     </span>
     <span class='ocr_line' id='line_1_23' title="bbox 316 3567 1581 3642; baseline 0.004 -18"><span class='ocrx_word' id='word_1_170' title='bbox 316 3581 353 3625; x_wconf 94' lang='lat' dir='ltr'>ac</span> <span class='ocrx_word' id='word_1_171' title='bbox 375 3581 541 3640; x_wconf 90' lang='lat' dir='ltr'>supremus</span> <span class='ocrx_word' id='word_1_172' title='bbox 564 3567 767 3626; x_wconf 88' lang='lat' dir='ltr'>cancellarius</span> <span class='ocrx_word' id='word_1_173' title='bbox 789 3569 875 3642; x_wconf 86' lang='lat' dir='ltr'>regie</span> <span class='ocrx_word' id='word_1_174' title='bbox 897 3569 1076 3627; x_wconf 88' lang='lat' dir='ltr'>maiestatis.</span> <span class='ocrx_word' id='word_1_175' title='bbox 1107 3569 1261 3627; x_wconf 90' lang='lat' dir='ltr'>Omnibus</span> <span class='ocrx_word' id='word_1_176' title='bbox 1284 3567 1400 3628; x_wconf 89' lang='lat' dir='ltr'>Christi</span> <span class='ocrx_word' id='word_1_177' title='bbox 1432 3569 1581 3629; x_wconf 88' lang='lat' dir='ltr'>fidelibus</span> 
     </span>
     <span class='ocr_line' id='line_1_24' title="bbox 316 3671 1582 3748; baseline 0.003 -17"><span class='ocrx_word' id='word_1_178' title='bbox 316 3673 514 3748; x_wconf 86' lang='lat' dir='ltr'>presentibus</span> <span class='ocrx_word' id='word_1_179' title='bbox 537 3677 568 3732; x_wconf 92' lang='lat' dir='ltr'>et</span> <span class='ocrx_word' id='word_1_180' title='bbox 590 3671 712 3746; x_wconf 86' lang='lat' dir='ltr'>futuris,</span> <span class='ocrx_word' id='word_1_181' title='bbox 728 3675 930 3748; x_wconf 51' lang='lat' dir='ltr'>¹presencium</span> <span class='ocrx_word' id='word_1_182' title='bbox 952 3674 1101 3732; x_wconf 90' lang='lat' dir='ltr'>noticiam</span> <span class='ocrx_word' id='word_1_183' title='bbox 1124 3673 1286 3746; x_wconf 90' lang='lat' dir='ltr'>habituris,</span> <span class='ocrx_word' id='word_1_184' title='bbox 1309 3673 1444 3734; x_wconf 90' lang='lat' dir='ltr'>salntem</span> <span class='ocrx_word' id='word_1_185' title='bbox 1467 3677 1499 3734; x_wconf 92' lang='lat' dir='ltr'>in</span> <span class='ocrx_word' id='word_1_186' title='bbox 1515 3692 1582 3735; x_wconf 90' lang='lat' dir='ltr'>om-</span> 
     </span>
     <span class='ocr_line' id='line_1_25' title="bbox 317 3777 1584 3856; baseline 0.004 -20"><span class='ocrx_word' id='word_1_187' title='bbox 317 3778 404 3836; x_wconf 91' lang='lat' dir='ltr'>nium</span> <span class='ocrx_word' id='word_1_188' title='bbox 426 3777 590 3837; x_wconf 88' lang='lat' dir='ltr'>salvatore.</span> <span class='ocrx_word' id='word_1_189' title='bbox 614 3778 665 3837; x_wconf 90' lang='lat' dir='ltr'>Ad</span> <span class='ocrx_word' id='word_1_190' title='bbox 687 3780 905 3838; x_wconf 90' lang='lat' dir='ltr'>universorum</span> <span class='ocrx_word' id='word_1_191' title='bbox 928 3779 1076 3838; x_wconf 89' lang='lat' dir='ltr'>noticiam</span> <span class='ocrx_word' id='word_1_192' title='bbox 1105 3779 1217 3837; x_wconf 93' lang='lat' dir='ltr'>harum</span> <span class='ocrx_word' id='word_1_193' title='bbox 1242 3779 1320 3838; x_wconf 87' lang='lat' dir='ltr'>serie</span> <span class='ocrx_word' id='word_1_194' title='bbox 1343 3780 1491 3838; x_wconf 90' lang='lat' dir='ltr'>volumus</span> <span class='ocrx_word' id='word_1_195' title='bbox 1514 3798 1584 3856; x_wconf 91' lang='lat' dir='ltr'>per·</span> 
     </span>
     <span class='ocr_line' id='line_1_26' title="bbox 316 3883 1581 3961; baseline 0.002 -19"><span class='ocrx_word' id='word_1_196' title='bbox 316 3883 431 3954; x_wconf 89' lang='lat' dir='ltr'>venire,</span> <span class='ocrx_word' id='word_1_197' title='bbox 464 3883 550 3958; x_wconf 89' lang='lat' dir='ltr'>quod</span> <span class='ocrx_word' id='word_1_198' title='bbox 582 3900 639 3942; x_wconf 89' lang='lat' dir='ltr'>nos</span> <span class='ocrx_word' id='word_1_199' title='bbox 673 3885 902 3944; x_wconf 87' lang='lat' dir='ltr'>considerantes</span> <span class='ocrx_word' id='word_1_200' title='bbox 938 3891 970 3944; x_wconf 92' lang='lat' dir='ltr'>et</span> <span class='ocrx_word' id='word_1_201' title='bbox 1002 3887 1035 3944; x_wconf 90' lang='lat' dir='ltr'>in</span> <span class='ocrx_word' id='word_1_202' title='bbox 1058 3886 1193 3944; x_wconf 91' lang='lat' dir='ltr'>archano</span> <span class='ocrx_word' id='word_1_203' title='bbox 1214 3886 1326 3943; x_wconf 89' lang='lat' dir='ltr'>mentis</span> <span class='ocrx_word' id='word_1_204' title='bbox 1349 3892 1454 3945; x_wconf 87' lang='lat' dir='ltr'>nostre</span> <span class='ocrx_word' id='word_1_205' title='bbox 1476 3889 1581 3961; x_wconf 88' lang='lat' dir='ltr'>sepius</span> 
     </span>
     <span class='ocr_line' id='line_1_27' title="bbox 318 3989 1584 4066; baseline 0.005 -20"><span class='ocrx_word' id='word_1_206' title='bbox 318 3989 516 4048; x_wconf 88' lang='lat' dir='ltr'>revolventes</span> <span class='ocrx_word' id='word_1_207' title='bbox 550 4005 646 4064; x_wconf 89' lang='lat' dir='ltr'>quam</span> <span class='ocrx_word' id='word_1_208' title='bbox 680 3992 720 4050; x_wconf 93' lang='lat' dir='ltr'>sit</span> <span class='ocrx_word' id='word_1_209' title='bbox 754 3991 870 4050; x_wconf 91' lang='lat' dir='ltr'>caduca</span> <span class='ocrx_word' id='word_1_210' title='bbox 904 3997 934 4050; x_wconf 89' lang='lat' dir='ltr'>et</span> <span class='ocrx_word' id='word_1_211' title='bbox 968 3991 1090 4065; x_wconf 87' lang='lat' dir='ltr'>fragilis</span> <span class='ocrx_word' id='word_1_212' title='bbox 1124 4007 1252 4065; x_wconf 87' lang='lat' dir='ltr'>presens</span> <span class='ocrx_word' id='word_1_213' title='bbox 1287 3991 1352 4049; x_wconf 90' lang='lat' dir='ltr'>vita</span> <span class='ocrx_word' id='word_1_214' title='bbox 1387 3998 1416 4050; x_wconf 93' lang='lat' dir='ltr'>et</span> <span class='ocrx_word' id='word_1_215' title='bbox 1439 3995 1584 4066; x_wconf 86' lang='lat' dir='ltr'>quamvis</span> 
     </span>
     <span class='ocr_line' id='line_1_28' title="bbox 318 4093 1583 4172; baseline 0.004 -20"><span class='ocrx_word' id='word_1_216' title='bbox 318 4093 498 4153; x_wconf 90' lang='lat' dir='ltr'>hominibus</span> <span class='ocrx_word' id='word_1_217' title='bbox 538 4101 661 4157; x_wconf 91' lang='lat' dir='ltr'>terrena</span> <span class='ocrx_word' id='word_1_218' title='bbox 702 4093 850 4156; x_wconf 81' lang='lat' dir='ltr'>felicitate</span> <span class='ocrx_word' id='word_1_219' title='bbox 887 4097 1095 4172; x_wconf 86' lang='lat' dir='ltr'>gaudentibus</span> <span class='ocrx_word' id='word_1_220' title='bbox 1133 4098 1298 4171; x_wconf 90' lang='lat' dir='ltr'>sponsione</span> <span class='ocrx_word' id='word_1_221' title='bbox 1340 4097 1446 4155; x_wconf 83' lang='lat' dir='ltr'>fallaci</span> <span class='ocrx_word' id='word_1_222' title='bbox 1488 4099 1583 4172; x_wconf 87' lang='lat' dir='ltr'>longa</span> 
     </span>
     <span class='ocr_line' id='line_1_29' title="bbox 318 4201 1584 4277; baseline 0.003 -19"><span class='ocrx_word' id='word_1_223' title='bbox 318 4201 469 4274; x_wconf 92' lang='lat' dir='ltr'>temporis</span> <span class='ocrx_word' id='word_1_224' title='bbox 493 4203 655 4276; x_wconf 89' lang='lat' dir='ltr'>promittat</span> <span class='ocrx_word' id='word_1_225' title='bbox 677 4203 791 4277; x_wconf 89' lang='lat' dir='ltr'>spacia,</span> <span class='ocrx_word' id='word_1_226' title='bbox 812 4203 874 4262; x_wconf 90' lang='lat' dir='ltr'>fine</span> <span class='ocrx_word' id='word_1_227' title='bbox 897 4209 1000 4262; x_wconf 87' lang='lat' dir='ltr'>tamen</span> <span class='ocrx_word' id='word_1_228' title='bbox 1023 4203 1179 4261; x_wconf 90' lang='lat' dir='ltr'>interdurn</span> <span class='ocrx_word' id='word_1_229' title='bbox 1211 4207 1368 4260; x_wconf 88' lang='lat' dir='ltr'>coartatur</span> <span class='ocrx_word' id='word_1_230' title='bbox 1397 4205 1584 4262; x_wconf 89' lang='lat' dir='ltr'>brevissimo</span> 
     </span>
     <span class='ocr_line' id='line_1_30' title="bbox 319 4308 1583 4384; baseline 0.003 -20"><span class='ocrx_word' id='word_1_231' title='bbox 319 4313 350 4364; x_wconf 91' lang='lat' dir='ltr'>et</span> <span class='ocrx_word' id='word_1_232' title='bbox 373 4323 448 4381; x_wconf 88' lang='lat' dir='ltr'>sepe</span> <span class='ocrx_word' id='word_1_233' title='bbox 470 4308 610 4366; x_wconf 90' lang='lat' dir='ltr'>incautos</span> <span class='ocrx_word' id='word_1_234' title='bbox 633 4308 674 4367; x_wconf 91' lang='lat' dir='ltr'>ad</span> <span class='ocrx_word' id='word_1_235' title='bbox 696 4310 760 4366; x_wconf 90' lang='lat' dir='ltr'>ima</span> <span class='ocrx_word' id='word_1_236' title='bbox 782 4308 884 4380; x_wconf 90' lang='lat' dir='ltr'>deicit,</span> <span class='ocrx_word' id='word_1_237' title='bbox 907 4325 984 4384; x_wconf 91' lang='lat' dir='ltr'>quos</span> <span class='ocrx_word' id='word_1_238' title='bbox 1008 4325 1087 4367; x_wconf 92' lang='lat' dir='ltr'>vane</span> <span class='ocrx_word' id='word_1_239' title='bbox 1118 4311 1186 4383; x_wconf 91' lang='lat' dir='ltr'>spei</span> <span class='ocrx_word' id='word_1_240' title='bbox 1221 4309 1345 4367; x_wconf 89' lang='lat' dir='ltr'>solaciis</span> <span class='ocrx_word' id='word_1_241' title='bbox 1377 4309 1583 4369; x_wconf 91' lang='lat' dir='ltr'>demulcebat.</span> 
     </span>
     <span class='ocr_line' id='line_1_31' title="bbox 319 4412 1584 4491; baseline 0.003 -21"><span class='ocrx_word' id='word_1_242' title='bbox 319 4412 385 4470; x_wconf 89' lang='lat' dir='ltr'>Hac</span> <span class='ocrx_word' id='word_1_243' title='bbox 407 4413 502 4486; x_wconf 84' lang='lat' dir='ltr'>igitur</span> <span class='ocrx_word' id='word_1_244' title='bbox 525 4415 774 4474; x_wconf 90' lang='lat' dir='ltr'>consideracione</span> <span class='ocrx_word' id='word_1_245' title='bbox 797 4415 914 4474; x_wconf 91' lang='lat' dir='ltr'>inducti</span> <span class='ocrx_word' id='word_1_246' title='bbox 938 4423 967 4475; x_wconf 92' lang='lat' dir='ltr'>et</span> <span class='ocrx_word' id='word_1_247' title='bbox 990 4417 1132 4490; x_wconf 86' lang='lat' dir='ltr'>diligenti</span> <span class='ocrx_word' id='word_1_248' title='bbox 1159 4416 1361 4490; x_wconf 87' lang='lat' dir='ltr'>indagacione</span> <span class='ocrx_word' id='word_1_249' title='bbox 1395 4418 1584 4491; x_wconf 90' lang='lat' dir='ltr'>reperientes</span> 
     </span>
     <span class='ocr_line' id='line_1_32' title="bbox 321 4518 1584 4594; baseline 0.003 -18"><span class='ocrx_word' id='word_1_250' title='bbox 321 4518 405 4591; x_wconf 88' lang='lat' dir='ltr'>quod</span> <span class='ocrx_word' id='word_1_251' title='bbox 429 4519 461 4577; x_wconf 90' lang='lat' dir='ltr'>in</span> <span class='ocrx_word' id='word_1_252' title='bbox 483 4525 590 4577; x_wconf 89' lang='lat' dir='ltr'>nostra</span> <span class='ocrx_word' id='word_1_253' title='bbox 613 4521 805 4593; x_wconf 85' lang='lat' dir='ltr'>zagrabiensi</span> <span class='ocrx_word' id='word_1_254' title='bbox 828 4521 964 4594; x_wconf 88' lang='lat' dir='ltr'>ecclesia,</span> <span class='ocrx_word' id='word_1_255' title='bbox 997 4523 1046 4580; x_wconf 91' lang='lat' dir='ltr'>cui</span> <span class='ocrx_word' id='word_1_256' title='bbox 1076 4527 1201 4580; x_wconf 88' lang='lat' dir='ltr'>auctore</span> <span class='ocrx_word' id='word_1_257' title='bbox 1232 4522 1299 4592; x_wconf 91' lang='lat' dir='ltr'>deo,</span> <span class='ocrx_word' id='word_1_258' title='bbox 1331 4523 1403 4580; x_wconf 90' lang='lat' dir='ltr'>licet</span> <span class='ocrx_word' id='word_1_259' title='bbox 1433 4523 1584 4582; x_wconf 89' lang='lat' dir='ltr'>immeriti</span> 
     </span>
     <span class='ocr_line' id='line_1_33' title="bbox 322 4624 1588 4702; baseline 0.004 -21"><span class='ocrx_word' id='word_1_260' title='bbox 322 4624 526 4698; x_wconf 90' lang='lat' dir='ltr'>presidemus,</span> <span class='ocrx_word' id='word_1_261' title='bbox 541 4633 645 4700; x_wconf 90' lang='lat' dir='ltr'>preter</span> <span class='ocrx_word' id='word_1_262' title='bbox 660 4626 827 4685; x_wconf 87' lang='lat' dir='ltr'>cottidiana</span> <span class='ocrx_word' id='word_1_263' title='bbox 842 4627 996 4699; x_wconf 79' lang='lat' dir='ltr'>suffragia,</span> <span class='ocrx_word' id='word_1_264' title='bbox 1014 4644 1074 4702; x_wconf 89' lang='lat' dir='ltr'>que</span> <span class='ocrx_word' id='word_1_265' title='bbox 1090 4645 1147 4702; x_wconf 91' lang='lat' dir='ltr'>per</span> <span class='ocrx_word' id='word_1_266' title='bbox 1163 4629 1320 4686; x_wconf 90' lang='lat' dir='ltr'>ministros</span> <span class='ocrx_word' id='word_1_267' title='bbox 1345 4629 1443 4702; x_wconf 88' lang='lat' dir='ltr'>ipsius</span> <span class='ocrx_word' id='word_1_268' title='bbox 1460 4629 1588 4687; x_wconf 91' lang='lat' dir='ltr'>ecclesie</span> 
     </span>
     <span class='ocr_line' id='line_1_34' title="bbox 320 4731 1589 4806; baseline 0.004 -20"><span class='ocrx_word' id='word_1_269' title='bbox 320 4742 381 4804; x_wconf 92' lang='lat' dir='ltr'>pro</span> <span class='ocrx_word' id='word_1_270' title='bbox 404 4731 551 4789; x_wconf 90' lang='lat' dir='ltr'>omnibus</span> <span class='ocrx_word' id='word_1_271' title='bbox 574 4731 691 4790; x_wconf 90' lang='lat' dir='ltr'>Christi</span> <span class='ocrx_word' id='word_1_272' title='bbox 714 4731 863 4790; x_wconf 88' lang='lat' dir='ltr'>fidelihus</span> <span class='ocrx_word' id='word_1_273' title='bbox 885 4732 925 4789; x_wconf 90' lang='lat' dir='ltr'>ad</span> <span class='ocrx_word' id='word_1_274' title='bbox 940 4733 1067 4791; x_wconf 89' lang='lat' dir='ltr'>laudem</span> <span class='ocrx_word' id='word_1_275' title='bbox 1090 4732 1140 4792; x_wconf 91' lang='lat' dir='ltr'>dei</span> <span class='ocrx_word' id='word_1_276' title='bbox 1163 4733 1348 4806; x_wconf 87' lang='lat' dir='ltr'>generaliter</span> <span class='ocrx_word' id='word_1_277' title='bbox 1371 4734 1439 4791; x_wconf 91' lang='lat' dir='ltr'>fieri</span> <span class='ocrx_word' id='word_1_278' title='bbox 1462 4749 1589 4792; x_wconf 91' lang='lat' dir='ltr'>consve-</span> 
     </span>
     <span class='ocr_line' id='line_1_35' title="bbox 320 4839 1586 4916; baseline 0.006 -23"><span class='ocrx_word' id='word_1_279' title='bbox 320 4844 443 4909; x_wconf 89' lang='lat' dir='ltr'>verunt,</span> <span class='ocrx_word' id='word_1_280' title='bbox 466 4853 526 4913; x_wconf 92' lang='lat' dir='ltr'>pro</span> <span class='ocrx_word' id='word_1_281' title='bbox 560 4839 688 4912; x_wconf 87' lang='lat' dir='ltr'>prelatis</span> <span class='ocrx_word' id='word_1_282' title='bbox 723 4843 753 4896; x_wconf 90' lang='lat' dir='ltr'>et</span> <span class='ocrx_word' id='word_1_283' title='bbox 786 4839 940 4913; x_wconf 92' lang='lat' dir='ltr'>episcopis</span> <span class='ocrx_word' id='word_1_284' title='bbox 972 4839 1110 4898; x_wconf 87' lang='lat' dir='ltr'>eiusdem</span> <span class='ocrx_word' id='word_1_285' title='bbox 1142 4842 1278 4912; x_wconf 87' lang='lat' dir='ltr'>ecclesie,</span> <span class='ocrx_word' id='word_1_286' title='bbox 1302 4841 1357 4916; x_wconf 90' lang='lat' dir='ltr'>qui</span> <span class='ocrx_word' id='word_1_287' title='bbox 1380 4858 1418 4900; x_wconf 87' lang='lat' dir='ltr'>ex</span> <span class='ocrx_word' id='word_1_288' title='bbox 1440 4843 1498 4900; x_wconf 91' lang='lat' dir='ltr'>hac</span> <span class='ocrx_word' id='word_1_289' title='bbox 1521 4841 1586 4899; x_wconf 92' lang='lat' dir='ltr'>vita</span> 
     </span>
    </p>
   </div>
   <div class='ocr_carea' id='block_1_10' title="bbox 322 4941 1689 5021">
    <p class='ocr_par' dir='ltr' id='par_1_10' title="bbox 322 4941 1689 5021">
     <span class='ocr_line' id='line_1_36' title="bbox 322 4941 1689 5021; baseline 0.004 -21"><span class='ocrx_word' id='word_1_290' title='bbox 322 4941 526 5014; x_wconf 89' lang='lat' dir='ltr'>decesserunt,</span> <span class='ocrx_word' id='word_1_291' title='bbox 563 4945 650 5002; x_wconf 90' lang='lat' dir='ltr'>nulla</span> <span class='ocrx_word' id='word_1_292' title='bbox 681 4960 831 5017; x_wconf 89' lang='lat' dir='ltr'>umquam</span> <span class='ocrx_word' id='word_1_293' title='bbox 864 4945 952 5004; x_wconf 90' lang='lat' dir='ltr'>fieret</span> <span class='ocrx_word' id='word_1_294' title='bbox 975 4947 1119 5020; x_wconf 89' lang='lat' dir='ltr'>specialis</span> <span class='ocrx_word' id='word_1_295' title='bbox 1142 4949 1295 5006; x_wconf 89' lang='lat' dir='ltr'>memoria</span> <span class='ocrx_word' id='word_1_296' title='bbox 1318 4965 1374 5006; x_wconf 90' lang='lat' dir='ltr'>nec</span> <span class='ocrx_word' id='word_1_297' title='bbox 1397 4948 1502 5021; x_wconf 88' lang='lat' dir='ltr'>aliqua</span> <span class='ocrx_word' id='word_1_298' title='bbox 1524 4945 1588 5005; x_wconf 85' lang='lat' dir='ltr'>sui·</span> <span class='ocrx_word' id='word_1_299' title='bbox 1688 4943 1689 4946; x_wconf 69' lang='grc'>’</span> 
     </span>
    </p>
   </div>
   <div class='ocr_carea' id='block_1_11' title="bbox 321 5047 1587 5217">
    <p class='ocr_par' dir='ltr' id='par_1_11' title="bbox 321 5047 1587 5217">
     <span class='ocr_line' id='line_1_37' title="bbox 321 5047 1587 5128; baseline 0.002 -22"><span class='ocrx_word' id='word_1_300' title='bbox 321 5047 421 5121; x_wconf 85' lang='lat' dir='ltr'>fragia</span> <span class='ocrx_word' id='word_1_301' title='bbox 443 5056 628 5123; x_wconf 82' lang='lat' dir='ltr'>agerentur.</span> <span class='ocrx_word' id='word_1_302' title='bbox 651 5051 751 5109; x_wconf 88' lang='lat' dir='ltr'>immo</span> <span class='ocrx_word' id='word_1_303' title='bbox 781 5050 891 5109; x_wconf 84' lang='lat' dir='ltr'>exinde</span> <span class='ocrx_word' id='word_1_304' title='bbox 926 5058 1012 5110; x_wconf 91' lang='lat' dir='ltr'>metu</span> <span class='ocrx_word' id='word_1_305' title='bbox 1046 5053 1158 5110; x_wconf 90' lang='lat' dir='ltr'>mentis</span> <span class='ocrx_word' id='word_1_306' title='bbox 1193 5053 1329 5128; x_wconf 87' lang='lat' dir='ltr'>perculsi</span> <span class='ocrx_word' id='word_1_307' title='bbox 1360 5069 1397 5113; x_wconf 90' lang='lat' dir='ltr'>ac</span> <span class='ocrx_word' id='word_1_308' title='bbox 1430 5055 1587 5128; x_wconf 88' lang='lat' dir='ltr'>cupientes</span> 
     </span>
     <span class='ocr_line' id='line_1_38' title="bbox 1487 5174 1503 5217; baseline 0 0"><span class='ocrx_word' id='word_1_309' title='bbox 1487 5174 1503 5217; x_wconf 89' lang='lat' dir='ltr'>a</span> 
     </span>
    </p>
   </div>
   <div class='ocr_carea' id='block_1_12' title="bbox 0 0 1895 5826">
    <p class='ocr_par' dir='ltr' id='par_1_12' title="bbox 0 0 1895 5826">
     <span class='ocr_line' id='line_1_39' title="bbox 0 0 1895 5826; baseline 0 0"><span class='ocrx_word' id='word_1_310' title='bbox 0 0 1895 5826; x_wconf 95' lang='lat' dir='ltr'> </span> 
     </span>
    </p>
   </div>
  </div>
 </body>
</html>
