3948 5804
400 578 439 638 92
852 562 925 620 Dac.
947 571 995 638 72.
1021 595 1060 605 -
1085 562 1142 621 An.
1167 576 1256 642 1434.

398 791 504 834 coram
526 776 617 834 nobis
640 777 735 835 modo
758 778 921 851 prehabito
937 783 1117 856 vertentem,
1133 782 1238 840 taliter
1253 779 1398 839 duximus
1414 779 1661 854 prorogandam:

400 881 484 956 quod
505 889 615 941 neutra
636 883 778 958 parcium
802 883 1014 958 predictarum
1038 886 1076 945 de
1099 886 1189 947 dictis
1212 888 1303 946 terris
1325 886 1478 960 litigiosis,
1497 902 1555 961 per
1576 887 1663 962 ipsos

399 989 490 1060 cives,
514 997 548 1048 ut
569 988 734 1110 prelertqa
758 992 916 1065 occupatis
939 998 969 1050 et
993 994 1162 1067 extirpatis,
1187 1007 1304 1052 necnon
1320 991 1467 1052 fenilibus
1490 997 1520 1051 et
1541 994 1661 1052 rubetis

398 1109 495 1169 usque
518 1095 594 1154 dum
616 1111 672 1155 nos
694 1097 899 1176 personaliter
922 1097 961 1155 ad
985 1097 1095 1158 faciem
1119 1099 1199 1157 dicte
1215 1091 1320 1180 (terre)
1337 1099 1471 1171 litigiose
1495 1098 1662 1173 procedere

398 1197 579 1276 poterimus,
610 1204 663 1275 uti,
696 1202 757 1262 trui
788 1210 1004 1279 presummant
1035 1205 1130 1263 modo
1160 1205 1299 1278 aliquali,
1331 1204 1385 1262 sed
1408 1204 1532 1263 easdem
1555 1209 1662 1277 terras,

399 1305 505 1365 senilia
533 1313 563 1366 et
592 1311 702 1368 rubeta
733 1312 774 1368 ab
803 1313 888 1369 omni
919 1328 977 1370 usu
1000 1319 1030 1370 et
1054 1315 1177 1372 cultura
1200 1314 1314 1372 intacta
1336 1328 1517 1388 preservare
1540 1317 1570 1371 et
1592 1327 1663 1372 con·

399 1415 518 1472 servari
540 1413 640 1473 facere
663 1421 830 1489 teneantur,
855 1424 984 1492 excepto
1007 1423 1110 1478 tarnen
1134 1419 1230 1491 senili,
1253 1418 1385 1478 condam
1409 1418 1528 1476 domini
1543 1418 1664 1478 Nicolai

398 1519 624 1596 archidyaconi,
646 1540 727 1587 nunc
748 1540 821 1598 erga
845 1525 1007 1584 dominum
1023 1527 1177 1586 Thomam
1193 1525 1456 1599 archydiaconum
1471 1525 1510 1583 de
1526 1515 1662 1586 Warasd

399 1626 514 1697 habito,
537 1629 569 1686 in
592 1630 678 1688 cuius
702 1629 841 1690 dominio
864 1631 982 1691 dictum
1005 1634 1179 1708 capitulum
1202 1633 1241 1691 ad
1265 1647 1391 1706 presens
1415 1633 1545 1690 existere
1561 1631 1664 1690 dinos-

400 1733 488 1804 citur,
522 1734 611 1793 salvo
647 1746 841 1809 remanente;
873 1737 956 1812 quod
987 1741 1014 1798 si
1046 1755 1107 1813 qua
1136 1741 1279 1814 parcium
1301 1738 1512 1813 predictarum
1537 1737 1578 1795 ab
1602 1753 1660 1796 usu

399 1839 581 1898 earumdem
611 1847 766 1902 terrarum
795 1860 827 1902 se
860 1845 1000 1903 inhibere
1031 1860 1094 1904 non
1124 1847 1279 1904 curaverit
1302 1851 1333 1903 et
1355 1849 1462 1903 contra
1484 1841 1664 1902 huiusmodi

399 1950 538 2004 nostram
560 1949 780 2008 inhibicionem
804 1965 839 2008 ac
862 1966 955 2009 usum
975 1951 1155 2010 earumdem
1179 1957 1209 2010 et
1224 1952 1379 2010 culturam
1396 1950 1664 2024 qualitercumque

399 2069 432 2110 se
454 2053 639 2128 ingresserit,
671 2061 782 2115 extunc
816 2057 888 2116 talis
921 2073 995 2132 pars
1029 2065 1136 2116 contra
1169 2063 1293 2133 partem
1316 2058 1447 2116 alteram
1469 2053 1663 2114 inducentis

399 2159 512 2220 marcis
542 2161 742 2220 denariorum
772 2178 831 2237 pro
863 2170 1004 2244 tempore
1034 2165 1229 2223 currencium
1258 2162 1354 2240 judici
1376 2167 1406 2220 et
1428 2162 1511 2236 parti
1533 2160 1662 2218 adverse

399 2269 655 2328 irremissibiliter
677 2268 957 2344 persolvendarum
980 2271 1181 2329 convincatur
1202 2271 1271 2344 ipso
1295 2269 1386 2340 facto,
1402 2267 1578 2326 testimonio
1593 2281 1663 2340 pre·

398 2375 535 2432 sencium
552 2373 713 2433 mediante.
737 2374 853 2432 Datum
871 2375 1021 2448 Zagrabie
1043 2375 1192 2450 predicta,
1215 2374 1351 2432 secundo
1374 2374 1424 2432 die
1447 2372 1572 2430 termini
1593 2387 1663 2446 pre·

398 2482 503 2540 notati.
527 2481 617 2538 Anno
640 2480 757 2539 domini
779 2482 948 2540 millesimo
971 2481 1274 2556 quadringentesimo
1297 2481 1453 2540 tricesimo
1476 2483 1597 2552 quarto.

505 2597 639 2663 Originale
666 2599 694 2648 in
720 2599 815 2650 charta.
845 2600 879 2649 In
905 2600 1019 2664 margine
1038 2599 1154 2650 interiori
1171 2601 1323 2665 impressum
1341 2606 1381 2648 est
1398 2597 1519 2663 sigillum.
1540 2598 1572 2646 Iu
1591 2595 1661 2646 arch.

398 2704 448 2737 ven
466 2689 542 2754 capit.
562 2687 661 2753 zagrab.
682 2689 743 2740 Act.
763 2689 826 2754 Cap.
846 2695 898 2738 aut.
918 2690 978 2740 fasc.
1000 2688 1024 2738 6.
1043 2705 1079 2740 nr.
1101 2701 1141 2753 23.

1004 2901 1063 2969 72.

504 3027 585 3076 Anno
607 3037 681 3089 1434,
701 3025 726 3076 6.
742 3025 817 3090 Julii.
837 3025 984 3088 Zagrabiae.

399 3138 427 3194 A
459 3137 600 3196 Mattiaco
638 3135 785 3207 Talovac,
815 3135 993 3213 epucopams
1021 3134 1219 3213 zagrabiensis
1238 3134 1439 3208 gubernatore,
1469 3134 1661 3193 communitas

398 3227 522 3285 etaetatis
543 3225 671 3300 ragrab,
693 3243 767 3300 quae
789 3224 902 3282 tortum
932 3223 1106 3282 cathedralis
1135 3224 1263 3282 ecclesiae
1284 3242 1307 3281 s.
1331 3222 1461 3280 Entertcr'
1485 3222 1659 3292 devastavit,

711 3320 820 3372 centum
842 3313 947 3371 marcis
969 3312 1154 3370 denariorum
1175 3313 1337 3369 mulctatur.

504 3441 566 3498 Nos
582 3438 709 3499 Mathia
725 3439 763 3498 de
778 3439 926 3499 Talloucz
942 3455 1045 3499 comes
1069 3439 1264 3498 Kouiniensis
1280 3443 1310 3497 et
1327 3436 1422 3515 judex
1438 3438 1663 3508 Cumanorum,

399 3549 651 3622 gubernatorque
675 3547 872 3620 episcopatus
901 3545 1108 3619 zagrabiensis
1139 3551 1193 3604 etc.
1225 3545 1375 3603 Memorie
1405 3541 1663 3603 commendamus

398 3670 455 3728 per
479 3659 645 3727 presentes,
670 3651 753 3726 quod
776 3653 867 3710 nobis
891 3652 967 3710 seria
991 3651 1125 3710 secunda
1148 3651 1293 3725 proxima
1315 3655 1387 3726 post
1411 3650 1525 3708 festum
1557 3649 1663 3708 visita·

398 3761 494 3818 cionis
524 3761 614 3818 beate
643 3759 741 3818 Marie
771 3759 901 3832 virginis
931 3759 1082 3831 Zagrabie
1116 3758 1327 3830 existentibus,
1358 3755 1559 3816 honorabiles
1593 3755 1663 3826 viri,

398 3866 524 3938 domini,
548 3865 703 3950 Johannes
725 3870 832 3923 cantor
855 3869 885 3923 et
908 3866 1071 3924 canonicus
1094 3865 1126 3922 in
1148 3865 1278 3922 eeclesia
1307 3863 1508 3937 zagrabiensi,
1539 3861 1663 3934 locique

398 3971 536 4030 eiusdem
567 3971 640 4029 sede
670 3977 801 4029 vacante
840 3971 974 4030 vicarius
1002 3971 1034 4030 in
1065 3971 1281 4044 spiritualibus
1311 3969 1475 4044 generalis,
1505 3967 1661 4040 ceterique

398 4077 517 4136 domini
540 4078 680 4136 canonici
710 4077 748 4136 de
783 4078 920 4151 capitulo
951 4077 1091 4136 eiusdem
1121 4077 1249 4136 ecclesie
1278 4075 1494 4150 zagrabiensis,
1524 4078 1662 4132 nostram

397 4183 544 4242 adeuntes
567 4183 769 4258 presenciam,
785 4183 980 4257 presentibus
996 4189 1026 4242 et
1041 4183 1237 4242 audientibus
1251 4183 1398 4268 Johanne,
1422 4180 1490 4240 filio
1508 4179 1662 4274 l'erouicz,

396 4289 505 4367 judice,
527 4291 693 4363 Anthonya
715 4289 829 4361 italico,
851 4289 943 4348 Petro
966 4290 1116 4364 Hungaro
1138 4295 1169 4348 et
1190 4287 1357 4364 Stephano,
1388 4288 1465 4346 alias
1495 4283 1661 4362 judicibus,

397 4399 471 4456 item
495 4395 660 4455 Benedicta
682 4401 808 4466 sartore,
832 4395 969 4454 Fabiano
992 4396 1136 4468 litterato,
1159 4393 1281 4453 Thoma
1302 4393 1369 4451 filio
1393 4393 1491 4465 Char,
1524 4389 1660 4463 Georgia
1693 4425 1697 4433 -

397 4509 516 4561 sartore
539 4509 569 4561 et
590 4502 751 4561 Leonardo
774 4502 888 4574 italico,
911 4501 1021 4578 juratis
1045 4500 1174 4572 civibus,
1199 4514 1257 4574 pro
1286 4515 1318 4558 se
1350 4500 1427 4575 ipsis
1458 4497 1663 4572 personaliter

397 4615 427 4668 et
450 4624 508 4683 pro
538 4610 608 4666 aliis
637 4609 759 4667 civibus
790 4609 923 4668 civitatis
954 4607 1069 4666 montis
1099 4606 1260 4666 Grecensis
1292 4605 1330 4664 de
1359 4604 1446 4682 juxta
1476 4603 1662 4677 Zagrabiam

397 4731 469 4774 cum
492 4714 659 4774 sufficienti
682 4715 913 4791 procuracionis
935 4713 1091 4782 mandato,
1116 4727 1221 4771 coram
1239 4713 1328 4770 nobis
1351 4709 1532 4782 astantibus,
1556 4715 1662 4768 contra

397 4822 522 4882 eosdem
544 4820 688 4898 judicem,
711 4820 838 4898 juratos,
860 4821 943 4879 cives
967 4826 997 4879 et
1021 4825 1119 4878 totam
1141 4819 1396 4878 communitatem
1425 4817 1557 4876 civitatis
1591 4831 1661 4890 pre·

398 4931 478 4987 dicte
501 4935 730 5004 proposuerunt
754 4933 783 4984 et
806 4927 965 5000 conquesti
988 4931 1058 4984 sunt
1081 4939 1118 4983 eo
1141 4924 1249 4983 modo:
1274 4923 1432 4998 quomodo
1456 4923 1552 4982 iidem
1565 4919 1660 4998 judex

397 5045 426 5094 et
451 5037 635 5095 universitas
657 5035 776 5093 civium
797 5033 930 5092 civitatis
953 5032 1092 5108 predicte
1115 5033 1176 5091 hiis
1198 5031 1308 5090 diebus
1339 5031 1460 5089 noviter
1492 5028 1661 5100 transactis,
