3736 5826
725 542 797 600 Dae.
821 550 869 618 27.
892 574 935 585 -
957 541 1015 598 An.
1038 553 1127 618 1419.

899 750 955 818 27.

405 877 486 926 Anno
508 888 582 938 1419,
604 888 625 925 1.
645 875 765 923 octobris.
786 873 933 938 Zagrabiae.

296 987 457 1061 Dionysius
478 985 571 1042 banus
592 983 790 1042 commeauitate
807 990 944 1056 precante
959 984 1029 1058 sore
1051 989 1086 1041 ut
1113 983 1174 1040 ee'us
1197 982 1340 1040 libertates
1363 981 1506 1054 defendat,
1533 1000 1562 1040 se

295 1075 410 1148 obligat,
433 1073 561 1147 idemque
582 1072 710 1130 oureee'bus
732 1071 885 1142 comitibus,
901 1071 1103 1128 vicecomitibus
1118 1072 1232 1144 suisque
1251 1063 1414 1128 bominibus
1429 1070 1557 1128 maudut.
1622 1071 1624 1076 '

359 1251 362 1256 .
402 1199 466 1258 Nos
489 1197 657 1272 Dyonisius
688 1196 726 1254 de
754 1196 912 1267 Marchali,
945 1197 1032 1269 regni
1063 1194 1227 1254 Sclauonie
1257 1197 1364 1266 banus,
1396 1209 1561 1268 comesque

296 1305 509 1384 symigyensis.
534 1303 683 1362 Memorie
706 1301 962 1361 commendamus
985 1311 1089 1360 tenore
1118 1303 1314 1376 presencium
1346 1301 1561 1373 significantes,

297 1412 411 1484 quibus
445 1409 571 1484 expedit
605 1410 766 1481 universis,
801 1409 885 1482 quod
923 1403 997 1488 (viri
1019 1400 1156 1484 providi)
1180 1407 1282 1478 iudex,
1310 1407 1402 1465 iurati
1425 1414 1455 1464 et
1479 1407 1562 1464 cives

297 1517 431 1576 civitatis
453 1516 567 1588 regalis
591 1516 704 1573 montis
728 1513 890 1573 Grecensis
914 1514 953 1572 de
976 1515 1062 1572 iuxta
1084 1513 1246 1586 Zagrabya
1268 1514 1299 1571 in
1322 1527 1433 1571 eorum
1449 1519 1479 1570 et
1494 1513 1561 1570 uni-

299 1637 463 1682 versorum
486 1622 611 1693 civium,
635 1621 809 1680 incolarum
832 1626 862 1678 et
884 1621 1129 1679 inhabitatorum
1152 1611 1315 1698 (eiusdem)
1351 1619 1485 1676 civitatis
1507 1633 1561 1676 no·

298 1729 434 1787 minibus
457 1733 488 1786 et
511 1728 651 1802 personis
673 1731 813 1786 nostram
843 1726 986 1786 adeundo
1017 1727 1209 1801 presenciam
1238 1726 1446 1784 exhibuerunt
1472 1726 1562 1784 nobis

299 1833 515 1894 efficacissima
548 1834 695 1893 litteralia
718 1834 921 1894 instrumenta
944 1833 1091 1892 divorum
1113 1847 1224 1906 regum
1258 1826 1438 1911 (ilungarie,
1469 1847 1563 1906 super

297 1931 509 2018 liber)tatibus
543 1940 660 1998 eisdem
691 1939 812 1998 civibus
846 1956 903 2016 per
936 1941 1021 2014 ipsos
1050 1955 1138 2014 reges
1173 1938 1320 2010 confecta,
1356 1943 1498 1996 emanata
1532 1942 1563 1996 et

299 2062 450 2119 concessa,
473 2052 612 2120 petentes
633 2061 697 2118 nos,
721 2051 754 2103 ut
777 2046 904 2106 eosdem
927 2048 1019 2118 cives,
1043 2047 1160 2104 incolas
1184 2051 1214 2104 et
1245 2045 1498 2104 inhabitatores.
1523 2089 1532 2105 .
1556 2091 1561 2104 .

300 2153 380 2213 dicte
403 2154 536 2212 civitatis
559 2154 590 2212 in
614 2167 722 2212 eorum
746 2153 868 2212 iuribus
891 2159 921 2212 et
944 2154 1143 2211 libertatibus
1167 2154 1252 2211 iuxta
1283 2152 1423 2227 predicta
1453 2167 1562 2209 eorum

301 2259 448 2318 litteralia
472 2249 683 2330 instrumenta,
716 2258 786 2330 frui,
821 2261 972 2332 gratulari
1006 2266 1036 2318 et
1070 2260 1288 2333 gauderi...
1314 2259 1434 2332 quietos
1470 2257 1563 2316 relin-

300 2381 465 2440 queremus
488 2370 518 2422 et
540 2366 803 2440 permitteremus.
827 2364 891 2422 Nos
907 2366 1001 2438 igitur
1017 2365 1228 2440 predictorum
1252 2365 1367 2424 civium
1391 2366 1511 2424 iuribus
1534 2371 1564 2424 et

299 2471 498 2530 libertatibus
520 2472 595 2530 visis
619 2465 776 2549 (perlectis
800 2475 830 2530 et
852 2465 1038 2549 intelle)ctis,
1061 2478 1251 2529 memoratos
1281 2471 1374 2543 cives,
1397 2471 1514 2530 incolas
1533 2477 1564 2532 et

300 2577 524 2636 inhabitatores
539 2577 678 2651 predicte
696 2577 830 2636 civitatis
853 2579 966 2636 montis
983 2576 1145 2636 Grecensis
1161 2578 1191 2636 in
1207 2577 1353 2636 omnibus
1369 2582 1400 2635 et
1422 2570 1565 2657 (singulis

299 2683 421 2744 iuribus
444 2699 480 2742 ac
503 2675 789 2761 con)svetudinibus
812 2698 937 2757 semper
960 2689 990 2742 et
1013 2684 1053 2742 ab
1076 2684 1204 2758 antiquo
1226 2684 1373 2741 hactenus
1408 2684 1499 2742 tentis
1534 2689 1565 2743 et

300 2791 490 2848 conservatis
510 2789 696 2864 reliquimus
719 2795 749 2846 et
772 2790 1002 2848 commissimus
1024 2783 1232 2870 preirencium
1255 2805 1312 2864 per
1332 2795 1471 2848 tenorem
1495 2833 1503 2850 .
1527 2835 1534 2853 .
1559 2835 1563 2850 .

303 2938 309 2952 .
334 2942 341 2956 .
365 2941 370 2954 .
394 2888 527 2974 iuri)bus
551 2895 712 2968 legittimis
736 2901 766 2953 et
787 2897 875 2954 iustis
898 2896 1173 2956 consuetudinibus
1207 2911 1390 2955 conservare
1420 2896 1564 2970 promisi·

300 3017 372 3060 mus
391 3009 421 3060 et
445 3002 681 3076 assumpsimus,
704 3017 813 3076 ymmo
829 3003 1025 3075 presencium
1048 3019 1080 3060 se
1103 2997 1249 3082 (firmiter
1270 2995 1459 3080 obligamus)
1484 3004 1565 3077 paci·

301 3107 360 3165 fiee
383 3113 413 3166 et
436 3109 539 3182 quiete
563 3107 631 3180 frui,
656 3108 710 3178 uti,
730 3108 881 3180 gratulari
897 3113 927 3166 et
943 3107 1088 3181 gaudere.
1112 3109 1265 3182 Quocirca
1281 3109 1372 3166 vohis
1389 3109 1564 3180 comitibus,

301 3213 536 3274 vicecomitibus
559 3213 610 3272 vel
633 3206 730 3292 (vices
753 3229 862 3272 eorum
886 3207 1077 3294 gerentibuls
1111 3217 1246 3274 nuncin
1277 3215 1476 3274 comitatibus
1506 3215 1565 3274 cri·

302 3321 404 3395 syensi
435 3325 465 3378 et
498 3320 692 3394 zagrabiensi
726 3320 899 3380 constitutis
930 3325 961 3381 et
982 3323 1014 3380 in
1037 3321 1179 3380 futurum
1202 3323 1300 3380 eciam
1330 3320 1563 3392 constituendis,

301 3429 480 3501 cunctisque
515 3427 584 3486 aliis
618 3428 730 3485 nostris
760 3427 947 3500 hominibus,
982 3422 1047 3507 (vel
1070 3427 1110 3486 ad
1134 3421 1202 3506 nos)
1233 3428 1469 3501 pertinentibus,
1493 3442 1563 3500 pre·

301 3533 440 3591 sentibus
462 3533 585 3606 visuris,
609 3533 744 3592 firmiter
774 3534 974 3608 precipiendo
1004 3535 1198 3607 mandamus,
1229 3542 1380 3610 quatenus
1411 3534 1565 3610 sepefatos

304 3639 396 3713 cives,
419 3640 537 3698 incolas
560 3646 590 3697 et
612 3641 835 3699 inhabitatores
865 3634 1043 3722 an(tedicte)
1071 3642 1205 3702 civitatis
1237 3649 1343 3700 contra
1378 3641 1564 3716 prescriptae

304 3760 413 3804 eornm
437 3746 598 3804 libertates
621 3751 651 3804 et
674 3748 741 3806 iura
762 3748 793 3805 in
816 3750 963 3822 pretactis
992 3764 1101 3808 eorum
1133 3750 1322 3808 litteralibus
1353 3749 1565 3808 instrumentis

304 3853 495 3926 conscriptas
519 3857 549 3910 et
571 3859 749 3928 expressata
779 3856 810 3913 in
840 3855 928 3913 nullo
951 3849 1136 3936 (imp)edire‚
1167 3856 1360 3930 perturbare,
1390 3855 1564 3927 molestare,

303 3956 528 4033 dampnificare
552 3965 582 4018 et
605 3960 776 4034 inquietare
800 3963 1052 4036 presumpmatiS,
1076 3978 1132 4020 nec
1164 3963 1230 4020 sitis
1264 3962 1329 4020 ausi
1353 3963 1475 4020 racione
1509 3962 1565 4020 ali·

304 4065 391 4138 quali
414 4066 622 4125 communiter
644 4071 697 4124 aut
720 4066 855 4139 divisim,
879 4083 987 4140 ymmo
1010 4069 1156 4126 volumus
1178 4069 1285 4142 pocius
1312 4069 1396 4142 ipsos
1412 4074 1441 4126 et
1457 4083 1565 4126 eorum

304 4169 477 4245 quemlibet
501 4176 607 4230 contra
621 4173 748 4245 quosvis
768 4172 949 4246 illegitimos
964 4174 1153 4248 inpetitores‚
1170 4173 1386 4232 malefactores
1402 4178 1432 4231 et
1447 4174 1565 4247 inquie-

303 4281 418 4336 tatores
440 4293 565 4351 semper
588 4284 619 4336 et
641 4279 758 4352 ubique
781 4279 813 4338 in
836 4295 945 4338 eorum
968 4281 1089 4338 iuribus
1112 4285 1142 4337 et
1165 4281 1256 4354 bonis
1279 4295 1314 4338 ac
1338 4293 1469 4354 persona
1492 4294 1565 4353 pro·

303 4387 407 4456 tegere
431 4387 461 4442 et
485 4382 646 4442 defensare
654 4403 662 4456 ;
686 4389 716 4443 et
739 4385 826 4444 aliud
850 4387 881 4444 in
911 4386 1071 4461 premissis
1095 4431 1101 4444 .
1125 4432 1132 4446 .
1156 4386 1332 4445 nullatenus
1362 4385 1463 4444 facere
1495 4403 1565 4460 pre·

302 4491 500 4564 sumpmatis.
524 4491 684 4550 Presentes
707 4508 784 4551 vero
807 4499 877 4568 post
893 4509 1002 4551 earum
1024 4493 1177 4552 lecturam
1193 4509 1317 4568 semper
1333 4509 1389 4568 per
1405 4509 1460 4550 vos
1475 4492 1565 4552 reddi

301 4595 447 4656 iubemus
470 4597 697 4658 exhibentibus.
720 4596 837 4656 Datum
860 4598 1021 4674 Zagrahye
1052 4599 1102 4658 die
1134 4598 1290 4658 dominico
1321 4600 1465 4674 proximo
1494 4603 1565 4674 post

301 4700 416 4762 festum
450 4703 534 4762 beati
568 4704 729 4762 Michaelis
761 4704 947 4778 archangeli.
971 4706 1060 4763 Anno
1084 4705 1204 4764 domini
1226 4705 1395 4765 millesimo
1419 4705 1564 4779 quadrin-

300 4809 472 4880 gentesimo
495 4808 616 4867 decimo
639 4824 754 4868 nono..

406 4927 540 4991 Originale
566 4928 594 4977 in
619 4929 774 4994 membrana,
802 4937 841 4980 sat
868 4931 989 4982 lacerum.
1014 4932 1045 4978 In
1065 4929 1179 4992 margine
1206 4929 1321 4979 inferiori
1348 4929 1500 4994 impressum
1527 4935 1566 4982 est

300 5031 407 5086 pervum
425 5016 547 5083 sigillum.
572 5017 605 5066 In
622 5017 718 5070 archiv.
737 5017 784 5068 lib.
802 5036 856 5084 reg.
876 5021 923 5072 civ.
942 5019 1042 5083 zagrub.
