3804 5858
674 582 745 638 Dor.
764 576 838 656 381.
866 613 903 624 -
929 580 986 638 An.
1010 589 1098 655 1495.
1441 593 1500 648 sos

237 799 268 853 et
291 799 479 852 mercatores
495 794 614 868 prefate
636 795 770 853 civitatis
792 799 897 854 nostre
922 795 1035 852 montis
1059 793 1222 854 Grecensis
1245 794 1286 852 ad
1310 793 1504 852 solucionem

237 901 426 958 tributorum
444 907 628 972 vestrorum,
646 901 763 959 scilicet
778 909 956 958 nostrorum
972 901 1174 976 propriorum
1191 902 1296 960 ubivis
1320 901 1400 959 intra
1416 898 1499 958 dicta

237 1021 331 1080 regna
362 1021 449 1066 sacre
479 1021 591 1067 corone
615 1007 761 1078 subiecta,
791 1006 1001 1078 existencium,
1024 1013 1132 1066 contra
1164 1008 1300 1068 formam
1331 1006 1505 1080 prescripte

242 1126 350 1172 eorum
374 1113 528 1172 libertatis
551 1119 581 1170 et
612 1113 822 1187 exempcionis
845 1117 946 1170 artare
969 1119 999 1170 et
1022 1113 1213 1188 compellere
1244 1119 1297 1172 aut
1327 1114 1413 1187 ipsos
1436 1128 1505 1187 pre-

239 1225 322 1278 terea
356 1219 388 1278 in
420 1233 552 1292 persona
582 1224 612 1276 et
642 1219 736 1278 rebus
768 1217 990 1292 quoquomodo
1021 1219 1174 1294 impedire
1204 1220 1258 1280 vel
1279 1218 1505 1294 dampnificare

238 1339 396 1400 nusquam
429 1329 461 1384 et
490 1339 691 1398 nequaquam
725 1325 945 1400 presummatis
979 1340 1035 1384 nec
1066 1325 1132 1384 sitis
1153 1325 1221 1384 ausi
1244 1325 1339 1386 modo
1363 1325 1503 1400 aliquali,

240 1431 314 1504 quia
337 1431 363 1490 si
385 1446 473 1490 secus
490 1431 632 1502 feceritis,
658 1430 954 1504 quemadmoduma
969 1432 1054 1504 regia
1070 1431 1230 1492 maiestate
1254 1431 1506 1494 commissionem

238 1536 399 1611 habemus,
424 1536 542 1594 tributa
564 1536 628 1608 illa,
652 1537 683 1595 in
706 1536 820 1612 quibus
843 1537 1032 1596 contrarium
1055 1537 1146 1597 huius
1168 1537 1267 1611 fieret,
1288 1551 1347 1614 pro
1368 1551 1423 1596 sua
1440 1551 1506 1594 ma·

240 1643 348 1702 iestate
370 1643 517 1718 occupari
540 1641 697 1702 iaciemus.
713 1642 810 1702 Aliud
832 1657 908 1716 ergo
923 1658 985 1702 non
997 1642 1116 1702 facturi.
1134 1644 1332 1703 Prosentibus
1350 1643 1507 1718 perlectis,

236 1747 397 1808 exhibenti
425 1747 580 1808 restitutis.
611 1747 729 1808 Datum
750 1747 782 1806 in
805 1747 929 1810 civitate
952 1749 1066 1807 montis
1089 1748 1250 1808 Grecensis
1275 1748 1500 1824 prenominata,

240 1854 291 1914 die
323 1854 479 1914 dominico
512 1853 657 1928 proximo
689 1859 760 1912 ante
791 1853 904 1913 festum
927 1855 1097 1914 nativitatis
1127 1855 1352 1928 gloriosissime
1374 1853 1505 1928 virginis

239 1961 344 2020 Marie.
378 1961 468 2018 Anno
497 1959 615 2020 domini
644 1959 815 2020 millesimo
837 1960 1142 2034 quadringentesimo
1164 1961 1365 2034 nonagesimo
1390 1959 1506 2034 quinto.

266 2123 268 2128 ·
342 2095 477 2161 originale
495 2097 523 2148 in
542 2097 697 2150 membrana.
717 2098 749 2146 In
767 2098 884 2148 inferiori
903 2098 1017 2162 margine
1031 2099 1185 2162 impressum
1203 2103 1243 2146 est
1257 2095 1373 2162 sigillum
1392 2094 1506 2148 anulare.

236 2185 356 2256 Inarch.
375 2184 436 2236 incl.
454 2185 538 2237 Acad.
559 2185 654 2237 Scieut.
674 2185 773 2236 Slavor.
793 2186 883 2237 merid.

837 2380 918 2446 381.

342 2519 422 2574 Auno
444 2531 519 2584 1495,
541 2531 582 2582 27.
602 2520 757 2571 novembris.
778 2522 810 2570 Iu
828 2521 961 2586 Topusko.

229 2629 385 2706 Johonnes
427 2630 573 2688 Corvinus
605 2627 763 2687 Slavom'ae
793 2637 840 2688 etc.
875 2631 945 2701 crux,
979 2650 999 2687 a
1032 2633 1229 2690 communitate
1256 2633 1383 2691 civitatis
1405 2632 1509 2688 nnno's

242 2735 391 2794 Grecensis
413 2731 487 2802 800,
503 2735 573 2808 flor.
591 2741 751 2806 »autumn
765 2754 882 2810 eamque
894 2744 1049 2811 propterea
1072 2757 1091 2794 a
1107 2737 1215 2798 trr'buto
1249 2756 1348 2796 annuo
1370 2737 1506 2796 solvendo

815 2844 924 2904 liberat.

341 2988 404 3047 Nos
415 2986 741 3070 JohannesCoruinus,
750 3003 854 3047 comes
869 2989 1005 3064 Opawie,
1018 2991 1202 3064 Lyprhowie
1215 2999 1244 3049 et
1257 2990 1419 3048 Sclauonie
1431 2987 1508 3046 dux·

239 3109 356 3153 necnon
390 3109 557 3169 regnorum
593 3094 729 3165 Croacie,
766 3095 927 3155 Dalmacie
957 3103 987 3153 et
1018 3095 1181 3156 Sclauonie
1212 3098 1320 3156 banus.
1357 3095 1506 3154 Memorie

236 3201 491 3262 commendamus
523 3209 627 3260 tenore
658 3203 853 3276 presencium
877 3203 1093 3275 significantes,
1123 3203 1207 3278 quod
1231 3218 1287 3262 nos
1303 3219 1338 3261 ,a
1362 3201 1503 3278 providis

237 3297 267 3364 et
289 3308 521 3382 circumspectis
544 3309 620 3367 viris
644 3306 753 3385 judice,
769 3306 885 3384 juratis,
909 3311 1079 3384 ceterisque
1101 3311 1222 3368 civibus
1239 3310 1373 3368 civitatis
1400 3313 1507 3368 nostre

235 3413 349 3472 montis
380 3413 541 3473 Grecensis
565 3415 739 3488 recepimus
763 3415 953 3488 octingentos
983 3415 1115 3474 florenos
1139 3417 1170 3474 in
1193 3431 1249 3490 spe
1283 3415 1505 3487 restitucioniS,

237 3535 315 3593 quos
350 3535 415 3593 nos,
449 3522 547 3579 verbo
580 3525 687 3580 nostro
711 3520 824 3593 ducali,
859 3521 1072 3594 promittimus
1106 3521 1225 3580 eisdem
1246 3522 1367 3581 civibus
1391 3521 1504 3581 nostris

240 3627 408 3684 restituere.
439 3627 615 3685 Presentem
647 3633 751 3684 autem
782 3627 917 3698 tharam,
943 3642 1038 3701 quam
1061 3628 1151 3686 nobis
1174 3627 1271 3686 iidem
1296 3629 1380 3687 cives
1405 3627 1502 3685 nostri

236 3732 275 3790 ad
299 3732 413 3791 festum
431 3733 675 3808 Epiphaniarum
699 3732 825 3804 domini,
850 3734 992 3807 proxime
1016 3740 1189 3805 venturum,
1213 3733 1287 3792 dare
1314 3733 1504 3806 obligantur,

236 3838 353 3897 eisdem
378 3855 432 3913 per
456 3845 611 3913 presentes
636 3832 836 3918 (relaxamus)
848 3839 946 3898 immo
958 3840 1169 3898 relaxavimus
1193 3841 1224 3899 in
1248 3845 1370 3898 sortem
1383 3839 1502 3914 predic·

243 3951 346 4003 torum
378 3945 625 4018 octingentorum
659 3939 858 4024 (florenorum
889 3939 930 4024 et)
953 3945 1142 4004 officialibus
1166 3947 1279 4006 nostris
1309 3947 1505 4020 presentibus

236 4058 266 4110 et
289 4051 402 4111 futuris
431 4051 543 4110 harum
578 4052 656 4110 serie
679 4045 823 4130 (firmiter
845 4045 1048 4130 precipimus)
1071 4060 1101 4110 et
1125 4051 1321 4118 mandamus,
1350 4051 1435 4109 aliud
1453 4053 1506 4109 ha-

239 4159 313 4215 bere
333 4159 481 4231 nolentes,
505 4163 655 4232 quatenus
687 4159 842 4232 predictos
865 4161 948 4218 cives
970 4165 1092 4218 nostros
1115 4175 1174 4235 pro
1207 4158 1385 4219 huiusmodi
1409 4151 1504 4218 th'axa

243 4263 332 4322 nullo
356 4265 450 4323 modo
473 4265 626 4339 impedire
648 4271 701 4323 aut
724 4265 890 4324 molestare
914 4265 1046 4324 debeant
1069 4271 1163 4341 atque
1186 4267 1313 4325 valeant
1337 4266 1434 4323 modo
1450 4265 1506 4323 ali-

239 4369 333 4443 quali.
356 4371 473 4429 Datum
496 4373 528 4430 in
562 4370 732 4446 Thopuzka
763 4369 839 4430 feria
869 4378 956 4430 sexta
988 4373 1131 4447 proxima
1164 4379 1233 4447 post
1266 4372 1380 4430 testum
1411 4373 1501 4429 beate

248 4476 418 4549 Elyzabeth
449 4476 551 4536 vidue.
584 4479 674 4536 Anno
709 4478 827 4537 domini
850 4479 1019 4537 millesimo
1043 4479 1348 4554 quadringentesimo
1369 4491 1506 4551 nonage-

239 4581 319 4639 simo
343 4583 459 4656 quinto,

340 4719 474 4783 Johannes
494 4719 622 4769 Coruinus
635 4719 695 4776 dux,
717 4735 793 4770 manu
812 4721 923 4786 propria.

346 4843 480 4908 Originale
504 4845 532 4894 in
556 4845 653 4896 charta.
677 4847 708 4894 lu
728 4845 842 4910 margine
871 4845 987 4898 interiori
1007 4847 1160 4912 impressum
1180 4855 1219 4898 est
1238 4845 1353 4911 sigillum
1373 4846 1453 4894 ducis.
1473 4847 1506 4894 In

240 4931 335 4983 archiv,
354 4932 402 4988 lib.
421 4949 473 4998 reg.
493 4933 542 4986 civ.
562 4934 664 4998 zagrab.
