3930 5802
726 569 799 626 Doc.
822 581 892 645 1⁰4
912 599 955 611 -
975 567 1033 634 An.
1057 562 1148 644 1436.
1508 567 1566 643 rap

301 785 434 861 aliisque
454 785 616 846 nobilibus
640 785 716 844 viris
738 779 909 860 injudicio
940 781 1177 842 consedentibus
1200 781 1327 858 providi
1359 784 1430 856 viri,
1463 780 1568 860 judex,

301 890 396 969 jurati
418 897 450 952 et
470 891 614 954 nonnulli
644 891 699 950 aiii
721 891 804 950 cives
835 890 969 949 civitatis
999 889 1114 949 montis
1143 889 1306 950 Grecensis
1336 889 1376 950 de
1407 889 1569 964 Zagrabia,

303 999 456 1074 quasdam
477 999 598 1058 litteras
614 997 805 1057 serenissimi
823 996 974 1072 principis
997 1000 1028 1055 et
1051 994 1169 1055 domini
1191 996 1298 1068 nostri,
1322 995 1442 1056 domini
1472 995 1567 1070 Sigis-

304 1104 422 1176 mundi,
446 1105 497 1164 dei
519 1104 625 1178 gracia
653 1102 867 1162 Romanorum
890 1101 1098 1176 imperatoris,
1123 1117 1247 1176 semper
1270 1103 1393 1175 augusti
1423 1119 1459 1162 ac
1488 1103 1571 1176 regis

305 1211 466 1284 Hungarie
488 1216 544 1270 etc.
566 1210 657 1269 nobis
679 1209 873 1284 preceptorie
895 1206 1067 1282 loquentes,
1090 1208 1206 1268 tenoris
1240 1207 1438 1282 infrascripti,
1470 1209 1570 1268 nostri

303 1316 336 1376 in
358 1318 550 1392 presenciam
571 1315 807 1391 produxissent;
831 1329 905 1373 mox
921 1320 994 1373 tunc
1008 1315 1208 1374 honorabiles
1223 1313 1357 1374 domini:
1380 1315 1567 1389 prepositus,
1622 1335 1624 1343 ’

301 1422 408 1496 lector,
432 1429 539 1482 cantor
561 1428 592 1480 et
614 1423 702 1481 cetiri
726 1421 845 1480 domini
867 1420 908 1479 de
931 1421 1070 1495 capitulo
1093 1421 1222 1480 ecclesie
1236 1419 1445 1494 zagrabiensis
1461 1435 1569 1480 coram

302 1530 393 1588 nobis
431 1529 636 1605 personaliter
669 1535 902 1602 comparentes,
937 1533 1077 1586 tenorem
1106 1529 1353 1603 prescriptorum
1389 1527 1570 1586 litterarum

303 1635 516 1711 imperialium
532 1636 565 1694 in
587 1640 784 1710 transumpto
807 1635 983 1693 litterarum
1006 1644 1184 1693 nostrarum
1207 1635 1283 1709 ipsis
1319 1633 1387 1692 dari
1417 1634 1572 1707 petierunt

302 1741 343 1801 ad
365 1743 529 1802 cautelam.
552 1741 693 1815 Quarum
717 1746 805 1801 tenor
827 1741 898 1800 talis
920 1746 982 1800 est:
1006 1734 1092 1821 (vide
1113 1741 1189 1800 Doc.
1213 1755 1263 1816 97.
1280 1740 1330 1800 die
1356 1756 1404 1800 12.
1428 1739 1570 1813 Augusti,

304 1863 350 1908 an.
377 1841 482 1926 1436).
512 1848 575 1906 Nos
602 1849 698 1922 igitur
718 1845 922 1925 juriconsonis
956 1847 1162 1922 peticionibus
1196 1847 1339 1922 ipsorum
1369 1846 1571 1906 dominorum

304 1954 464 2029 prepositi,
499 1955 640 2026 lectoris,
675 1954 810 2013 cantoris
845 1961 875 2012 et
912 1960 1087 2013 ceterorum
1122 1953 1323 2013 dominorum
1357 1953 1396 2012 de
1431 1952 1570 2028 capitulo

304 2062 386 2121 dicte
418 2061 546 2121 ecclesie
576 2061 783 2136 zagrabiensis
815 2067 992 2131 annuentes,
1009 2065 1154 2151 tenorem
1178 2059 1372 2134 prefatorum
1394 2060 1570 2118 litterarum

305 2168 521 2244 imperialium
543 2167 739 2244 presentibus
769 2167 880 2226 litteris
909 2167 1023 2226 nostris
1057 2167 1228 2225 verbaliter
1260 2167 1420 2240 insertum,
1453 2164 1571 2224 eisdem

305 2273 440 2334 dominis
472 2276 640 2350 preposito,
664 2275 782 2346 lectori,
805 2274 924 2332 cantori
946 2281 977 2332 et
999 2273 1108 2331 ceteris
1130 2272 1264 2330 dominis
1280 2272 1319 2332 de
1334 2271 1470 2346 capitulo
1486 2277 1569 2330 ante-

305 2379 367 2438 fate
401 2381 529 2440 ecclesie
563 2380 772 2454 zagrabiensis
809 2378 956 2437 duximus
990 2378 1230 2450 concedendum,
1268 2378 1428 2438 communi
1449 2375 1571 2454 justicia

304 2491 499 2561 exposcente.
533 2488 650 2546 Datum
685 2486 836 2560 Zagrabie
869 2485 1009 2560 predicta
1041 2485 1074 2543 in
1108 2483 1188 2543 festo
1214 2484 1363 2544 Omnium
1386 2490 1571 2542 sanctorum.

303 2595 396 2652 Anno
421 2593 542 2653 domini
564 2591 792 2652 MCCCCXXX
813 2597 913 2652 sexto.

411 2727 546 2794 originale
572 2729 600 2778 in
627 2728 723 2781 charta.
752 2731 785 2778 Iu
812 2729 927 2794 margine
944 2729 1062 2779 inferiori
1078 2729 1232 2794 imressuur
1249 2735 1288 2779 est
1305 2727 1428 2794 sigillum.
1447 2730 1480 2778 In
1499 2727 1569 2779 arch.

302 2833 352 2869 ven
370 2818 455 2884 Capit.
473 2819 574 2882 zagrab.
593 2818 655 2870 Act.
675 2819 809 2884 Carpant.
828 2819 890 2870 iasc.
911 2817 935 2869 6.
954 2834 990 2870 nr.
1012 2817 1053 2870 26.

900 3008 984 3079 104.

410 3153 491 3203 Auno
513 3153 587 3216 1436,
608 3165 633 3206 2.
652 3154 807 3206 novembris.
827 3154 974 3218 Zagrabiae.

304 3276 465 3336 Mathaeus
491 3278 622 3338 Talovac
643 3281 736 3338 lanus
758 3299 817 3339 sese
838 3281 963 3354 capetulo
984 3289 1013 3339 et
1026 3282 1222 3343 communitati
1234 3283 1360 3342 civitatis
1373 3285 1476 3342 montis
1498 3283 1571 3343 Gre-

305 3384 395 3442 censis
409 3384 572 3458 mandasse,
588 3388 666 3448 utin
682 3405 781 3464 causa,
793 3406 868 3463 quac
882 3386 916 3444 de
938 3388 1069 3462 litigabris
1091 3389 1172 3463 agris
1194 3390 1342 3464 agebam,
1356 3388 1572 3469 Jasjurandum

571 3493 683 3564 dorent,
707 3492 924 3568 Segimundum
946 3513 1039 3569 regem
1061 3496 1206 3554 certiorem
1227 3497 1308 3568 facet.

410 3637 614 3698 Serenissimo
639 3645 669 3698 et
691 3639 895 3698 invictissimo
918 3639 1052 3714 principi
1075 3639 1203 3700 domino
1234 3639 1441 3714 sigismundo,
1465 3640 1571 3700 divina

305 3742 428 3804 favente
444 3745 612 3803 clemencia
623 3745 835 3805 Romanorum
851 3746 1041 3821 imperatori,
1057 3761 1181 3821 semper
1196 3753 1337 3820 augusto,
1352 3763 1388 3806 ac
1404 3747 1571 3820 Hungarie,

307 3849 468 3923 Bohemie‚
503 3850 664 3910 Dalmacie
696 3857 726 3910 et
757 3851 885 3910 Croacie
912 3852 999 3924 regi,
1030 3851 1156 3910 domino
1186 3853 1246 3912 sibi
1280 3854 1509 3926 graciosissimo
1541 3859 1572 3911 et

304 3958 449 4030 naturali,
472 3957 600 4030 Mathko
634 3957 673 4015 de
701 3957 858 4016 Tallowcz
893 3957 1031 4017 eiusdem
1063 3965 1164 4017 vestre
1194 3960 1366 4018 serenitatis
1401 3975 1570 4034 regnorum

243 4129 245 4134 ¹
305 4063 467 4120 Daimacie
489 4070 519 4121 et
541 4063 669 4122 Croacie
692 4063 906 4137 predictorum
922 4080 958 4122 ac
974 4066 1072 4122 tocius
1088 4065 1251 4124 Sciauonie
1268 4067 1376 4139 banus,
1392 4066 1571 4124 debitorum

306 4168 531 4242 obsequiorum
554 4171 683 4228 servicia
707 4185 780 4227 cum
803 4176 954 4245 perpetua
980 4170 1138 4229 fidelitate.
1162 4172 1272 4229 Vestra
1288 4172 1409 4230 noverit
1425 4173 1572 4230 serenitas

304 4289 356 4332 me
378 4275 498 4332 litteras
521 4275 659 4332 eiusdem
682 4281 785 4334 vestre
808 4277 981 4335 serenitatis
1003 4278 1226 4352 preceptorias,
1251 4279 1346 4336 michi
1370 4294 1425 4352 per
1441 4279 1524 4336 cives
1541 4283 1571 4336 et

305 4381 442 4455 hospites
464 4381 598 4440 civitatis
621 4381 760 4440 eiusdem
783 4388 885 4456 vestre
908 4383 1080 4442 serenitatis
1102 4385 1217 4443 montis
1238 4384 1401 4442 Grecensis
1424 4383 1464 4442 de
1484 4382 1572 4460 juxta

305 4485 499 4560 Zagrabiam,
534 4494 599 4546 tam
632 4487 756 4562 pridem
790 4505 888 4564 prope
922 4491 1087 4564 Bihigium,
1122 4507 1217 4566 quam
1246 4508 1327 4551 nunc
1356 4492 1389 4550 in
1412 4492 1571 4567 presencia

304 4593 463 4666 magnifici
486 4595 546 4652 viri
569 4594 703 4667 Henrici,
719 4594 778 4654 filii
796 4597 948 4675 wayvode
965 4598 1003 4655 de
1018 4598 1175 4672 Thamasy
1191 4599 1322 4672 aliisque
1339 4599 1447 4656 multis
1463 4598 1571 4673 probis

305 4703 335 4757 et
356 4700 517 4760 nobilibus
540 4703 616 4760 viris
641 4717 763 4761 mecum
787 4701 958 4779 injudicio
981 4705 1031 4764 hic
1062 4705 1212 4780 Zagrabie
1242 4705 1445 4764 existentibus
1485 4704 1571 4762 exhi-

304 4804 386 4864 bitas
410 4812 440 4864 et
462 4813 661 4882 presentatus,
683 4808 724 4868 ad
747 4809 930 4870 eorumdem
952 4811 1071 4869 civium
1095 4812 1254 4886 quereiam
1277 4811 1378 4870 eidem
1401 4816 1504 4869 vestre
1526 4825 1571 4868 se-

303 4911 428 4973 renitati
458 4920 635 4987 porrectam
665 4923 830 4989 emanatas,
862 4917 974 4976 humili
1006 4917 1186 4977 obediencia
1209 4923 1239 4977 et
1262 4917 1367 4976 debita
1390 4932 1463 4976 cum
1484 4931 1572 4976 reve·

304 5017 406 5075 rencia
435 5021 588 5095 recepisse
622 5021 656 5079 in
688 5022 746 5081 hec
777 5024 889 5082 verba:
925 5016 1010 5104 (vide
1044 5023 1119 5083 Doc.
1143 5038 1192 5101 97.
1227 5040 1306 5083 anno
1333 5022 1424 5100 1436.
1448 5022 1498 5081 die
1525 5039 1573 5082 ra.

1465 5146 1483 5206 9
