3828 5822
678 532 753 592 Doc.
776 526 850 607 289.
874 563 916 576 -
940 531 999 591 An.
1024 541 1114 610 1473.
1455 545 1518 612 359

251 755 282 810 et
302 749 477 824 suspicione
500 753 647 822 carentes,
670 747 805 822 quarum
826 752 914 806 tenor
936 747 1009 807 talis
1032 751 1131 806 estet
1154 747 1310 822 sequitur:
1334 739 1419 827 (ride
1441 745 1518 806 Doc

254 857 325 930 ²83·
356 855 396 916 de
426 870 507 915 anno
541 867 633 930 1473.
667 870 714 929 14.
745 847 919 934 februarii).
949 855 1023 912 Post
1046 853 1311 928 quarumquidem
1342 853 1520 914 litterarum

250 961 388 1038 predicte
419 961 502 1036 regie
524 960 693 1020 maiestatis
714 959 806 1018 nobis
828 959 1102 1034 presentacionem,
1126 973 1235 1018 eorum
1259 958 1387 1034 dignam
1409 960 1517 1034 petici-

253 1083 346 1130 onem
369 1067 597 1128 considerantes
620 1071 651 1125 et
672 1067 835 1126 honestam
857 1065 964 1143 divino
986 1081 1044 1126 nos
1065 1066 1177 1142 spiritu
1200 1066 1373 1140 instigante,
1399 1067 1452 1144 pio
1473 1065 1519 1127 ai·

250 1175 333 1235 iectu
349 1190 385 1234 ac
400 1175 502 1234 libero
517 1179 669 1248 gratoque
684 1173 798 1246 animo,
810 1177 933 1236 matura
949 1173 1180 1234 deliberacione
1205 1171 1377 1248 prehabita,
1392 1173 1519 1248 vitaque

250 1299 360 1342 eorum
382 1281 536 1340 laudabili
559 1279 752 1340 considerata
774 1294 810 1338 ac
832 1281 930 1340 eciam
953 1279 996 1338 ob
1019 1279 1188 1354 specialem
1211 1278 1414 1338 devocionem
1429 1279 1519 1342 beate

251 1389 420 1448 Katherine
442 1387 573 1460 virginis
605 1391 635 1444 et
657 1386 803 1457 martiris,
827 1386 915 1446 cuius
939 1386 1085 1460 precibus
1115 1385 1232 1446 nedum
1255 1384 1287 1444 in
1309 1386 1445 1460 presenti
1472 1400 1519 1446 se·

250 1496 330 1568 culo,
346 1509 457 1554 verum
480 1493 579 1552 eciam
601 1493 633 1552 in
648 1491 754 1552 celesti
769 1492 921 1565 yerarhya
941 1506 1104 1567 speramus
1124 1489 1299 1551 comfoveri
1320 1495 1351 1550 et
1367 1491 1517 1568 adiuvari,

252 1606 344 1675 prout
367 1601 399 1660 in
431 1599 544 1658 litteris
573 1599 658 1672 regie
688 1598 858 1658 maiestatis
885 1599 1067 1671 continetur,
1090 1612 1250 1660 assensum
1272 1596 1456 1672 prebuimus
1479 1613 1518 1656 er

252 1723 332 1768 nunc
355 1710 449 1782 prout
472 1721 510 1765 ex
539 1709 612 1764 tunc
635 1711 666 1763 et
689 1721 727 1763 ex
759 1709 831 1763 tunc
854 1709 949 1779 prout
970 1721 1009 1764 ex
1032 1720 1113 1764 nunc
1136 1705 1235 1764 immo
1259 1705 1368 1778 vigore
1392 1719 1518 1780 presen-

251 1813 333 1872 cium
365 1813 534 1888 prebemus
556 1817 587 1870 et
611 1809 800 1870 conserimus
822 1811 879 1870 tali
901 1810 1048 1870 videlicet
1070 1810 1275 1885 obligacionis
1297 1809 1424 1872 vinculo
1454 1825 1519 1874 me·

251 1920 369 1980 diante:
393 1918 478 1994 quod
501 1917 634 1992 predicti
657 1916 767 1978 tratres
790 1921 946 1990 presentes
961 1921 992 1976 et
1007 1917 1104 1976 futuri
1118 1917 1150 1976 in
1174 1918 1242 1991 ipsa
1263 1917 1388 1979 civitate
1403 1917 1518 1978 montis

252 2025 412 2084 Grecensis
442 2028 473 2082 et
495 2023 606 2082 suo-in
635 2027 788 2084 conventu
822 2023 986 2082 nobiscum
1015 2038 1074 2097 pro
1105 2029 1247 2098 tempore
1269 2023 1424 2098 degentes,
1451 2029 1517 2084 um

251 2133 282 2191 in
305 2131 511 2208 prosperitate
542 2145 637 2205 quam
666 2130 698 2188 in
727 2128 915 2188 adversitate
947 2129 1079 2188 debeant
1109 2130 1142 2188 in
1165 2130 1310 2190 omnibus
1333 2135 1363 2189 et
1385 2130 1517 2204 singulis

256 2253 315 2313 pro
338 2239 421 2296 bono
445 2241 526 2295 statu
549 2235 732 2310 reipublice,
763 2241 929 2310 nostreque
960 2237 1190 2296 communitatis
1222 2243 1325 2295 tenere
1355 2236 1521 2295 nobiscum

249 2344 281 2402 in
311 2347 462 2417 quantum
495 2342 646 2416 congruit,
679 2341 751 2399 licet
781 2346 811 2398 et
838 2355 900 2398 non
930 2341 1136 2400 contrariatur
1158 2341 1262 2402 ordini
1284 2348 1315 2401 et
1337 2343 1431 2402 statui
1453 2341 1518 2401 dic-

250 2455 354 2508 torum
384 2447 526 2519 fratrum,
549 2463 620 2506 cum
644 2463 701 2505 nec
722 2461 779 2506 nos
801 2447 996 2506 intendamus
1018 2449 1169 2508 honerare
1190 2448 1317 2508 eosdem
1339 2450 1406 2508 sive
1426 2463 1515 2523 agra-

248 2571 322 2614 vare
344 2562 542 2630 preterquam
570 2553 603 2612 in
629 2554 721 2612 licitis
751 2568 787 2611 ac
813 2553 957 2626 honestis,
986 2555 1151 2614 offerentes
1173 2569 1229 2614 nos
1252 2555 1342 2614 dictis
1365 2555 1515 2616 fratribus

248 2668 282 2721 ut
305 2662 436 2720 facultas
459 2661 613 2734 subpetet,
636 2659 843 2733 possibilitate
859 2661 1008 2734 exigente,
1031 2675 1142 2721 manns
1168 2663 1328 2737 porrigere
1349 2662 1516 2723 adiutrices

248 2773 278 2828 et
301 2769 333 2828 in
363 2769 448 2826 omni
478 2783 590 2826 eorum
618 2766 798 2825 necessitate
826 2763 906 2842 justa
937 2766 1102 2828 defendere
1134 2769 1427 2833 contrartolentos.
1448 2770 1516 2830 Hoc

248 2889 395 2950 expresso
418 2879 448 2932 et
471 2872 658 2948 specificato,
682 2870 766 2946 quod
789 2872 816 2930 si
838 2886 897 2950 pro
921 2877 1062 2947 tempore
1084 2877 1293 2938 communitas
1316 2880 1421 2936 nostre
1436 2877 1512 2942 ciri·

250 2982 321 3040 tatis
344 2981 467 3054 inpiis,
490 2976 641 3054 justisque
664 2984 694 3038 et
716 2978 960 3040 racionabilibus
984 2981 1083 3040 causis
1106 2995 1168 3040 uno
1191 2981 1243 3042 vel
1266 2982 1413 3058 pluribus
1436 2982 1514 3046 indi-

247 3093 333 3162 geret
364 3087 437 3146 dicti
468 3091 637 3144 conventus
669 3085 827 3159 iratribus,
857 3087 924 3145 sire
953 3087 993 3145 ad
1016 3087 1123 3146 sedem
1146 3087 1361 3162 apostolicam,
1374 3067 1515 3180 'sive'ad

247 3195 367 3268 regiam
397 3194 591 3252 maiestatem
624 3191 805 3266 dirigendis,
835 3193 920 3268 quod
952 3194 1017 3254 sine
1046 3195 1290 3256 contradiccione
1311 3212 1346 3256 se
1368 3195 1515 3256 exhibere

250 3297 382 3357 debeant
412 3298 486 3357 dicti
522 3298 634 3357 iratres
663 3298 813 3372 benignos
843 3305 897 3358 aut
927 3301 1103 3374 graciosos,
1136 3307 1247 3378 sponte
1282 3308 1312 3361 et
1349 3301 1513 3376 benivole,

248 3403 288 3462 ad
322 3420 472 3479 expensas
506 3405 668 3464 dumtaxat
689 3410 818 3478 nostras,
842 3407 964 3466 nemine
995 3407 1220 3468 contradictore
1250 3413 1427 3484 apparente,
1457 3409 1513 3470 sed

247 3519 379 3586 utraque
391 3517 479 3586 parte
490 3511 589 3570 libere
605 3512 825 3587 consenciente,
837 3517 868 3572 et
879 3529 911 3572 se
928 3513 1113 3574 alteralteri
1134 3514 1175 3574 ad
1187 3517 1339 3590 premissa
1360 3515 1513 3578 servanda

249 3619 435 3692 obligarunt.
458 3619 493 3678 In
516 3633 651 3696 quorum
674 3620 815 3678 omnium
840 3625 870 3678 et
900 3621 1095 3694 singulorum
1125 3624 1232 3694 robur,
1255 3623 1352 3682 fidem
1374 3628 1405 3682 et
1426 3624 1513 3684 testi·

248 3725 390 3783 monium
426 3726 660 3800 premissorum,
690 3727 884 3800 presentibus
916 3733 1019 3787 nostre
1050 3731 1281 3790 communitatis
1311 3729 1453 3805 sigillum
1481 3730 1514 3790 in

247 3832 346 3891 serico
377 3833 524 3906 pendenti
554 3831 672 3892 eisdem
703 3832 852 3892 tratribus
883 3833 1030 3894 duximus
1060 3835 1299 3898 concedendum.
1330 3837 1448 3898 Datum
1481 3837 1515 3898 in

250 3937 405 3997 dominica
427 3940 571 4013 proxima
596 3943 666 3998 ante
690 3939 804 3998 festum
819 3941 903 4002 beati
927 3943 1046 4003 Vrbani
1069 3959 1159 4019 pape.
1184 3944 1274 4016 Auno
1297 3943 1417 4008 domini
1438 3943 1512 4006 mil·

248 4043 362 4128 lesimol
383 4045 688 4119 quadringentesimo
711 4051 942 4122 septuagesimo
966 4051 1070 4110 tercio.

353 4181 488 4245 originale
513 4181 541 4231 in
559 4181 707 4234 membrana
734 4185 762 4234 A
781 4191 853 4249 tergo
872 4185 987 4250 sigillum
1005 4187 1166 4253 impressum.
1192 4189 1225 4238 In
1249 4189 1363 4240 archivio
1391 4188 1439 4243 lib.
1457 4207 1510 4255 reg.

247 4270 316 4323 civit.
336 4271 436 4334 zagrab.
1079 4287 1082 4294 '

618 4507 624 4518 .
740 4427 742 4430 ’
840 4451 925 4518 ass.

352 4572 433 4622 Anno
454 4573 565 4638 1473,6
591 4573 657 4639 Julii
686 4573 834 4638 Zagrabiae.

502 4682 648 4742 Statumm
670 4683 704 4742 de
726 4701 798 4741 area
822 4685 943 4758 copimli
962 4685 1082 4757 samad.
1106 4687 1270 4749 munienda.

353 4809 442 4867 Anno
464 4808 584 4868 domini
606 4809 777 4868 millesimo
800 4809 1105 4885 quadringentesimo
1121 4813 1352 4886 septuagesimo
1366 4815 1463 4874 tercio
1479 4817 1512 4876 in
1563 4841 1566 4848 ·

246 4919 354 4972 octava
379 4896 542 4973 beatorum
566 4916 648 4974 Petri
669 4921 699 4974 et
723 4916 812 4975 Pauli
835 4918 1058 4991 apostolorum,
1076 4917 1196 4978 domini
1211 4920 1425 4995 capitulariter
1439 4935 1512 4982 oon·

245 5021 365 5092 gregati
388 5021 429 5078 ad
453 5020 685 5099 infrascriptam
697 5023 826 5098 capituli
842 5023 1059 5098 municionem,
1082 5029 1190 5102 utpote
1205 5027 1509 5102 circumsepcionem,
