3828 5822
404 587 468 650 354
822 569 895 628 Doc.
918 566 990 646 285.
1016 602 1053 614 -
1077 567 1247 647 11111473.

403 783 522 860 Bythelr
552 789 582 844 et
610 782 731 842 Nowak
759 789 893 858 vocatas,
927 797 1046 844 necnon
1079 783 1153 843 vadi
1186 783 1351 858 Kyralrevv
1381 784 1492 858 vocati,
1515 785 1548 844 in
1570 784 1666 844 tluvio

403 891 495 951 Zawe
516 889 625 962 habiti,
647 889 758 948 vicinis
791 895 822 948 et
844 891 1065 950 commetaneis
1087 889 1256 949 earundem
1278 890 1355 948 inibi
1378 889 1531 963 legittime
1554 903 1669 950 11111-

403 997 479 1057 catis
501 1001 533 1056 et
554 995 758 1074 presentibus,
782 995 968 1069 accedentes,
992 1001 1022 1054 et
1052 995 1128 1054 dum
1149 995 1275 1055 easdem
1298 996 1507 1070 possessiones
1530 1003 1561 1055 et
1582 997 1667 1056 idem

405 1101 524 1163 vadum
553 1103 648 1162 simul
680 1117 752 1160 cum
784 1101 866 1162 dicto
894 1100 963 1179 jure
985 1103 1071 1176 regio
1095 1103 1127 1161 11
1149 1101 1267 1161 eisdem
1289 1102 1398 1160 habito
1420 1117 1457 1161 ac
1479 1103 1666 1162 1111111111

401 1209 534 1270 rundem
563 1209 750 1269 utilitatibus
781 1209 961 1268 memoratis
990 1209 1113 1268 civibus
1144 1214 1174 1266 et
1196 1209 1373 1282 hospitibus
1396 1207 1531 1268 civitatis
1553 1211 1667 1268 montis

405 1315 568 1376 Grecensis
590 1320 724 1374 statuere
745 1315 926 1388 voluissent
956 1320 1029 1398 tunc
1059 1315 1175 1374 nobilis
1205 1313 1368 1372 Ladislaus
1400 1314 1594 1389 Byatrychey
1627 1315 1667 1374 de

403 1421 549 1496 Omellya
572 1421 604 1480 11
626 1435 759 1497 persona
781 1421 940 1495 magnifici
963 1421 1112 1504 Johannis
1134 1421 1230 1479 Thwz
1254 1419 1293 1478 de
1308 1419 1399 1494 Laalr,
1416 1419 1535 1480 domini
1549 1421 1668 1480 scilicet

401 1529 458 1601 sui,
487 1527 668 1588 huiusmodi
697 1527 861 1586 statucioni
891 1541 1000 1587 eorum
1031 1527 1287 1586 contradiccionis
1317 1527 1473 1585 velamine
1503 1527 1668 1601 obviasset,

399 1633 442 1694 ob
465 1633 689 1708 quamquidem
720 1633 991 1692 contradictoriam
1021 1633 1244 1692 inbibicionem
1271 1632 1412 1707 prelatus
1441 1633 1539 1691 homo
1560 1634 1664 1708 regius

400 1735 484 1798 dicto
507 1745 613 1798 nostro
629 1740 806 1799 testimonio
821 1745 972 1815 presente,
989 1737 1145 1814 prelatum
1163 1738 1364 1812 magnificum
1380 1739 1555 1822 Jobannem
1571 1739 1667 1798 Tbvtz

401 1851 509 1905 contra
539 1851 700 1905 annotatos
730 1846 815 1905 cives
844 1845 885 1904 ad
917 1851 1043 1904 octavas
1073 1843 1143 1904 testi
1166 1845 1249 1903 beati
1272 1843 1399 1919 Georgii
1420 1847 1567 1918 martiris,
1586 1861 1667 1904 nunc

399 1958 554 2024 uenturas,
586 1957 723 2034 vestram
753 1958 911 2011 evocasset
940 1953 973 2011 in
1001 1953 1193 2026 presenciam
1226 1952 1383 2010 racionem
1414 1951 1667 2011 contradicciouis

399 2071 454 2116 sue
477 2055 681 2116 redditurum.
712 2057 829 2116 Datum
860 2058 982 2117 decimo
1012 2058 1062 2116 die
1092 2058 1153 2118 diei
1181 2059 1373 2116 evocacionis
1396 2057 1541 2132 predicte.
1575 2059 1665 2117 Anno

400 2159 519 2223 domini
540 2161 710 2223 millesimo
733 2163 1039 2238 quadringentesimo
1060 2165 1289 2239 septuagesimo
1314 2165 1417 2224 tercio.

505 2271 550 2338 (A
569 2275 666 2338 tergo).
689 2269 779 2330 Banis
801 2269 855 2329 vel
877 2271 1037 2330 vicebanis
1059 2271 1146 2344 regni
1161 2269 1332 2329 Sclauonie.
1355 2270 1417 2328 Pro
1432 2271 1665 2346 circumspectis

397 2371 516 2454 judice,
547 2375 673 2454 juratis,
703 2377 874 2451 ceterisque
905 2375 1026 2436 civibus
1057 2378 1190 2436 civitatis
1221 2378 1335 2436 montis
1366 2377 1528 2437 Grecensis
1558 2383 1665 2436 contra

398 2483 601 2558 magnificum
622 2484 798 2568 Johannem
820 2484 918 2543 Thwa
941 2483 979 2542 de
1003 2481 1087 2542 Laalr
1117 2483 1156 2541 ad
1188 2488 1315 2541 octavas
1337 2481 1408 2542 testi
1432 2485 1516 2543 beati
1538 2483 1665 2558 Georgii

398 2589 544 2663 mereins,
568 2589 817 2664 introducciouis,
839 2591 1019 2650 statucionis
1041 2595 1072 2648 et
1093 2589 1289 2648 evocacionis
1310 2589 1434 2650 relacio.

504 2725 639 2792 Originule
656 2728 684 2777 in
702 2725 796 2780 charta
816 2727 845 2778 A
864 2735 936 2792 tergo
954 2733 1062 2793 apparet
1078 2727 1217 2792 vestigium
1234 2725 1353 2791 impressi
1370 2723 1460 2790 sigilli.
1496 2729 1529 2778 lu
1547 2727 1662 2778 archivio

396 2813 444 2868 lib.
462 2831 515 2881 reg.
533 2816 604 2868 civit.
621 2814 734 2886 segub:

993 3029 1078 3096 285.

503 3171 585 3222 Anno
607 3181 683 3236 1473,
702 3170 856 3222 1111111111
875 3171 988 3234 Romae.

401 3294 506 3354 Sixtns
521 3297 578 3354 IV.
602 3296 732 3367 conceal,
754 3304 790 3354 ut
801 3303 919 3372 fratres
941 3295 1162 3354 praedicatores
1183 3295 1274 3353 sedem
1295 3313 1378 3353 suam
1393 3296 1424 3354 in
1439 3299 1663 3355 communitatem

705 3403 830 3462 cinnatu
852 3405 955 3461 montis
984 3402 1135 3462 Grecensis
1157 3402 1348 3478 transferant.

503 3547 608 3606 Sixtus
630 3549 794 3624 epiecopus
810 3563 918 3607 sersus
933 3563 1096 3607 servorum
1120 3548 1178 3606 dei
1201 3547 1381 3606 Venerabili
1397 3547 1487 3607 tratri
1510 3549 1657 3623 episcopo

397 3651 568 3712 Rosonensi
597 3659 628 3712 et
658 3653 780 3714 dilectis
811 3654 886 3714 filiis
915 3655 1023 3714 abbati
1052 3655 1232 3713 monasterii
1263 3653 1421 3728 Bellensis,
1453 3655 1661 3728 zagrabiensis

398 3753 546 3818 dioecesis
575 3773 611 3818 ac
641 3760 774 3843 Johanni
805 3761 843 3819 de
867 3759 1040 3834 Martiancz,
1071 3761 1218 3820 canonico
1248 3761 1448 3834 zagrabiensi‚
1472 3761 1606 3820 salutem
1630 3767 1661 3820 et

395 3864 599 3937 apostolicam
632 3865 886 3926 benedictionem.
907 3867 970 3926 Piis
993 3868 1173 3942 supplicum
1196 3869 1286 3934 votis.
1308 3883 1365 3942 per
1388 3883 1449 3942 que
1479 3868 1663 3943 opportuni·

395 3971 512 4030 tatibus
534 3971 752 4045 religiosarum
775 3989 980 4048 personarum
1004 3989 1076 4032 11111
1091 3977 1259 4047 augmento
1281 3973 1379 4032 divini
1403 3974 1504 4034 cultus
1527 3980 1558 4034 et
1573 3989 1659 4034 sacre

395 4077 555 4150 religionis
577 4079 803 4153 propagatione
826 4079 1017 4153 providetur,
1041 4079 1176 4138 libenter
1198 4081 1371 4152 annuimus,
1402 4085 1432 4138 et
1454 4085 1489 4138 ut
1509 4081 1566 4139 illa
1588 4082 1661 4140 sub·

394 4183 467 4241 latis
496 4184 659 4257 quibusvis
689 4185 859 4259 dispendiis
890 4191 921 4244 et
950 4186 1120 4244 obstaculis
1150 4193 1293 4259 optatum
1316 4187 1484 4245 sortiantur
1506 4187 1660 4259 effectum,

394 4303 467 4348 cum
489 4303 508 4348 a
529 4291 620 4350 nobis
643 4291 766 4364 petitur,
782 4289 922 4350 favorem
946 4293 1154 4367 apostolicum
1170 4293 1376 4366 impertimus.
1398 4291 1479 4352 Sane
1495 4307 1554 4368 pro
1569 4297 1657 4367 parte

395 4395 582 4454 dilectorum
612 4395 751 4455 filiorum
782 4398 904 4472 prioris,
928 4399 1130 4472 provincialis
1161 4405 1191 4456 et
1222 4398 1356 4458 iratrum
1378 4399 1496 4458 ordinis
1519 4399 1660 4458 Predica·

394 4506 499 4562 torum
532 4503 691 4578 provincie
715 4503 858 4576 Vngarie,
883 4504 1054 4563 secundum
1076 4520 1197 4564 morem
1221 4505 1296 4565 dicti
1314 4506 1432 4566 ordinis
1454 4507 1545 4566 nobis
1560 4521 1661 4580 nuper

393 4609 532 4668 exhibita
555 4609 668 4684 peticio
684 4611 869 4683 continebat,
894 4611 979 4684 quod
996 4613 1057 4686 ipsi
1073 4611 1204 4687 provide
1226 4611 1427 4686 attendentes,
1450 4612 1534 4688 quod
1551 4627 1660 4671 eorum

393 4714 507 4774 domus
530 4717 627 4776 sancti
651 4716 772 4775 Nicolai
797 4722 884 4776 extra
907 4733 1014 4776 muros
1037 4719 1262 4792 zagrabienses,
1285 4719 1359 4778 dicti
1382 4718 1508 4794 ordinis,
1529 4721 1588 4778 sita
1612 4723 1657 4778 est

391 4819 425 4880 in
448 4821 518 4880 loco
540 4822 619 4881 adeo
641 4822 773 4882 distante
796 4824 956 4882 acivitate
970 4825 1172 4898 amabiensi,
1194 4825 1278 4899 quod
1305 4825 1388 4884 cives
1410 4829 1442 4885 et
1462 4825 1564 4884 incole
1578 4823 1659 4884 dicte

392 4927 525 4987 civitatis
554 4929 594 4987 ad
616 4930 707 4988 111111
738 4931 903 4990 commode
934 4945 994 5006 pro
1026 4931 1128 4991 missis
1152 4937 1182 4991 et
1204 4933 1274 4991 aliis
1297 4931 1411 4992 divinis
1433 4932 1545 4993 otficiis
1567 4933 1657 4992 audi·

392 5033 480 5092 endis
501 5034 646 5095 accedere
669 5051 706 5096 ac
730 5037 875 5111 congruis
897 5039 1078 5112 honoribus,
1101 5044 1136 5098 ut
1159 5039 1283 5113 1111111,
1307 5039 1512 5116 frequentare,
1533 5055 1651 5100 necnon
