3932 5806
704 601 778 660 Doc.
801 613 868 677 215.
890 635 933 645 -
956 601 1013 659 An
1036 611 1126 679 1459.
1337 563 1341 572 Ι
1492 619 1550 674 275

289 817 425 890 alegarit
449 817 505 875 tali
528 815 638 876 modo:
663 815 747 890 quod
770 817 915 890 quamvis
935 815 1075 892 prelatus
1097 815 1230 875 condam
1253 815 1396 876 dominus
1411 817 1485 876 Bela
1500 834 1556 876 rex

288 923 453 998 prelibatis
476 923 598 981 civibus
632 922 883 995 zagrabiensibus
918 928 1090 996 pretactam
1120 921 1299 980 libertatem
1328 923 1361 981 in
1384 924 1556 997 prescripta

288 1029 428 1090 clausula
452 1030 483 1087 in
506 1029 696 1103 prenarratis
719 1027 832 1086 litteris
854 1028 918 1086 suis
941 1028 1116 1100 adinventa,
1151 1027 1351 1101 declaratam,
1382 1029 1503 1088 dederit
1526 1035 1556 1088 et

289 1137 481 1208 concesserit,
512 1142 615 1193 tamen
639 1135 712 1208 quia
734 1135 766 1192 in
789 1134 969 1192 huiusmodi
990 1134 1132 1193 clausula
1152 1135 1214 1208 ipsi
1236 1135 1320 1192 cives
1342 1135 1556 1208 zagrabienses

289 1241 328 1299 de
357 1242 451 1300 rebus
485 1255 595 1299 eorum
629 1241 917 1299 mercimonialibus
942 1257 960 1298 a
983 1241 1140 1300 solucione
1175 1240 1251 1299 dicti
1285 1241 1395 1300 tributi
1428 1242 1557 1300 minime

289 1348 427 1422 exempti
449 1346 515 1405 iore
549 1346 776 1419 denotarentur,
811 1347 853 1404 ob
876 1347 935 1405 hoc
958 1347 1020 1420 ipsi
1052 1347 1135 1405 cives
1169 1347 1379 1422 prescriptum
1401 1348 1555 1406 tributum

289 1453 327 1511 de
347 1453 494 1528 pretactis
527 1454 669 1527 ipsorum
699 1453 793 1512 rebus
817 1458 848 1510 et
878 1453 1066 1511 animalibus
1095 1453 1128 1511 in
1160 1453 1230 1511 loco
1261 1451 1335 1512 dicti
1365 1453 1413 1512 sui
1448 1455 1558 1513 tributi

289 1560 379 1618 sicuti
403 1559 480 1616 alias
504 1575 521 1617 a
544 1559 703 1618 nonnullis
738 1559 899 1618 retroactis
929 1559 1125 1634 temporibus
1148 1575 1246 1633 usque
1269 1560 1301 1618 in
1324 1561 1557 1633 presenciarum

288 1665 501 1738 exsolvissent,
526 1665 600 1724 dare
623 1672 653 1723 et
668 1665 849 1739 persolvere
865 1665 1014 1724 deberent
1030 1671 1060 1724 et
1076 1670 1253 1724 tenerentur
1260 1683 1268 1736 3
1292 1666 1323 1724 in
1347 1664 1429 1724 facto
1452 1673 1556 1725 autem

288 1772 470 1846 pretitulato
499 1772 548 1830 sui
582 1773 691 1830 tributi
725 1772 900 1845 antiquiora
923 1777 952 1830 et
985 1771 1161 1830 efficaciora
1188 1769 1266 1847 jura,
1297 1786 1392 1845 quarn
1424 1772 1558 1846 predicti

288 1875 392 1953 judex,
415 1875 517 1953 jurati,
541 1879 687 1952 civesque
710 1883 740 1936 et
762 1879 985 1937 inhabitatores
1009 1884 1170 1952 prenotate
1192 1878 1325 1936 civitatis
1349 1879 1557 1951 zagrabiensis

288 1984 417 2042 haberet
429 1989 578 2056 emanata,
603 2000 664 2058 que
679 2000 740 2042 non
754 1983 793 2042 ad
809 2000 936 2059 presens
951 1983 1006 2042 sed
1022 1985 1053 2043 in
1068 1984 1200 2042 termino
1212 1983 1353 2042 ulteriori
1370 1984 1430 2042 sibi
1445 1984 1557 2058 dando,

289 2103 394 2147 coram
417 2090 507 2147 nobis
531 2089 705 2163 producere
728 2097 758 2148 et
782 2091 929 2148 exhibere
950 2095 1117 2165 promptus
1145 2095 1223 2148 esset
1246 2093 1276 2146 et
1299 2095 1432 2163 paratus.
1470 2090 1558 2150 Unde

289 2209 345 2253 nos
368 2195 428 2253 hiis
445 2196 601 2270 perceptis
621 2193 792 2272 judicantes
808 2197 1022 2255 commisimus
1035 2210 1072 2254 eo
1085 2195 1196 2254 modo:
1219 2200 1254 2254 ut
1269 2199 1460 2254 memoratus
1475 2197 1557 2255 Hen-

289 2301 395 2374 nyngh
426 2300 480 2359 sed
505 2306 533 2360 et
557 2301 704 2360 antedicti
725 2300 829 2378 juder,
852 2300 945 2378 jurati
970 2307 1001 2361 et
1023 2303 1105 2361 cives
1129 2302 1302 2376 prescripta
1324 2301 1464 2375 ipsorum
1488 2300 1558 2378 jura

290 2411 320 2464 et
336 2407 484 2466 litteralia
502 2408 714 2478 instrumenta,
739 2425 799 2482 que
815 2409 847 2466 in
863 2407 944 2466 sacto
959 2409 1090 2483 pretacti
1113 2407 1223 2467 tributi
1245 2408 1395 2465 haberent
1420 2407 1558 2467 coniecta

288 2513 321 2572 in
343 2513 461 2572 octavis
477 2512 547 2572 festi
562 2514 645 2572 beati
668 2515 778 2595 Jacobi
799 2514 944 2588 apostoli,
966 2530 1047 2573 nunc
1063 2513 1194 2585 venturi,
1217 2514 1249 2571 in
1272 2512 1345 2571 sede
1365 2514 1558 2586 aagrabiensi

289 2633 394 2677 coram
424 2619 514 2678 nobis
545 2620 691 2678 exhibere
726 2627 895 2692 teneantur,
929 2627 962 2678 ut
985 2621 1044 2678 hiis
1068 2619 1143 2677 visis
1176 2617 1327 2695 judicium
1350 2624 1381 2677 et
1403 2618 1558 2695 justiciam

289 2724 390 2784 iacere
413 2725 574 2784 valeamus
604 2725 685 2784 inter
707 2732 812 2801 partes
834 2727 867 2784 in
890 2727 1060 2802 premissis,
1095 2730 1189 2800 prout
1212 2723 1342 2783 dictabit
1365 2725 1443 2783 ordo
1471 2724 1558 2802 juris.

177 2832 181 2838 '
288 2833 448 2891 Presentes
470 2831 576 2906 sigillo
608 2833 831 2892 vicebanorum
854 2839 884 2891 et
916 2833 1066 2892 comitum
1097 2838 1275 2891 nostrorum
1299 2831 1491 2890 crisiensium
1515 2831 1560 2890 se·

289 2939 388 2997 cimus
411 2939 595 3010 consignari.
626 2939 744 2998 Datum
767 2938 859 2998 Crisii
886 2946 998 2998 octavo
1028 2939 1078 2998 die
1109 2939 1235 2997 termini
1267 2939 1432 3012 prenotati.
1468 2939 1558 2997 Anno

288 3044 407 3103 domini
430 3045 600 3103 millesimo
624 3045 930 3119 quadringentesimo
954 3046 1214 3119 quinquagesimo
1237 3058 1326 3102 non0.

351 3166 354 3172 ’
395 3154 437 3220 (A
456 3155 551 3220 tergo).
575 3149 677 3226 Super
700 3151 884 3210 exhibendis
908 3150 1098 3225 quibusdam
1124 3151 1315 3209 litteralibus
1337 3151 1558 3224 instrumentis,

289 3271 347 3332 pro
362 3255 473 3333 judice,
495 3254 614 3331 juratis,
631 3258 802 3331 ceterisque
818 3257 940 3316 civibus
964 3263 994 3315 et
1016 3257 1276 3315 inhabitatoribus
1299 3257 1433 3315 civitatis
1453 3273 1559 3332 ragra-

289 3365 403 3423 biensis
424 3365 538 3422 montis
568 3364 730 3424 Grecensis
761 3369 868 3424 contra
899 3363 1058 3437 egregium
1089 3362 1264 3434 Hennyngh
1296 3362 1334 3420 de
1357 3361 1559 3422 Zomzedwar

288 3474 329 3528 ad
351 3477 476 3529 octavas
499 3470 570 3528 testi
595 3472 678 3529 beati
708 3471 820 3553 Jacobi
850 3469 985 3545 apostoli
1015 3469 1047 3526 in
1078 3467 1184 3526 sedem
1214 3467 1456 3542 zagrabiensem,
1486 3483 1558 3543 pro·

288 3577 453 3650 rogatorie.

396 3711 530 3776 Originale
549 3712 576 3762 in
593 3711 688 3764 charta.
709 3713 736 3762 A
756 3719 828 3777 tergo
847 3711 956 3776 vestigia
973 3711 1082 3760 duorum
1100 3709 1253 3776 sigillorum,
1273 3713 1305 3760 In
1323 3709 1419 3762 archiv.
1438 3710 1484 3762 lib.
1505 3727 1558 3776 reg.

288 3801 337 3850 cir.
357 3801 538 3865 amabiensis.

886 4031 966 4097 215.

396 4173 476 4224 Anno
498 4183 574 4238 1459,
595 4183 636 4224 20.
654 4173 736 4236 Junii.
754 4172 851 4224 Budae.

289 4299 425 4357 Mathios
447 4299 626 4371 Hungon'oo
649 4305 696 4356 otc.
723 4317 786 4368 rex,
809 4300 1007 4357 communitati
1029 4301 1155 4358 civitatis
1169 4299 1322 4374 praeditet,
1345 4301 1558 4375 necopinatum

325 4423 345 4462 a
353 4405 532 4480 possessione
554 4405 720 4462 munttronis
743 4405 792 4462 ool
809 4405 901 4462 turris
924 4405 1045 4482 „Popov
1060 4406 1164 4464 nerent
1189 4406 1354 4463 nominatae
1376 4413 1520 4464 arceatur.

1000 4543 1154 4595 Commissio
1172 4545 1278 4610 propriu
1294 4543 1392 4594 domini
1411 4543 1487 4607 regis.

397 4655 529 4713 Mathias
560 4654 610 4712 dei
640 4655 746 4728 gracia
776 4671 832 4713 rex
855 4655 1022 4728 Hungarie,
1044 4654 1214 4728 Dalmacie,
1238 4655 1366 4714 Croacie
1387 4657 1443 4714 etc.
1469 4653 1559 4713 Fide·

292 4761 377 4818 libus
399 4761 513 4819 nostris
533 4758 638 4837 judici,
653 4759 772 4837 juratis,
788 4762 959 4834 ceterisque
976 4761 1096 4818 civibus
1121 4768 1151 4819 et
1174 4763 1229 4819 toti
1253 4761 1470 4820 communitati
1485 4761 1560 4819 civi·

290 4867 362 4926 tatis
385 4870 490 4925 nostre
512 4866 628 4926 montis
643 4864 806 4926 Grecensis
821 4867 956 4924 salutern
971 4871 1002 4924 et
1024 4866 1170 4939 graciam.
1193 4866 1228 4924 In
1250 4867 1392 4940 personis
1414 4865 1558 4924 fidelium

289 4976 468 5030 nostrorum
492 4973 712 5032 canonicorum
737 4973 928 5048 decapitulo
952 4974 1081 5032 ecclesie
1095 4974 1303 5047 zagrabiensis
1325 4979 1430 5032 nostre
1446 4989 1558 5047 queru-

289 5079 355 5136 lose
386 5077 542 5153 detegitur
566 5079 730 5151 maiestati,
755 5079 890 5152 qualiter
911 5095 969 5138 vos
992 5081 1078 5154 ipsos
1102 5073 1146 5160 (in
1168 5071 1374 5158 possessione)
1397 5079 1558 5138 cuiusdam

1433 5209 1451 5241 *
