3804 5858
359 547 420 622 438
763 544 835 601 Dec.
861 554 930 621 345.
955 575 992 586 —-
1021 543 1078 603 An.
1102 540 1193 621 1487.

356 761 516 832 nominati,
540 759 578 817 ad
604 759 724 832 regium
756 759 954 816 statutorium
979 759 1160 816 mandatum
1186 759 1366 831 transmissi,
1390 757 1467 816 feria
1489 757 1623 816 secunda

356 868 500 941 proxima
529 873 599 924 ante
633 865 747 924 festum
781 866 1005 939 assumpcionis
1041 865 1128 923 beate
1152 866 1248 923 Marie
1284 865 1423 937 virginis,
1455 865 1488 922 in
1510 864 1620 922 eodem

356 987 437 1032 anno
471 973 626 1046 preterita,
661 971 700 1028 ad
734 970 828 1029 facies
863 972 1109 1045 prescriptarum
1133 972 1364 1045 possessionum
1386 971 1571 1042 Petrowyna
1594 975 1624 1028 et

355 1079 512 1150 Hrazthya
528 1083 709 1135 vocatarum
732 1077 848 1150 pariter
871 1076 1058 1148 accedentes,
1082 1076 1325 1149 earumdemque
1349 1076 1459 1134 vicinis
1482 1081 1514 1132 et
1536 1091 1621 1134 com·

356 1184 505 1243 metaneis
534 1184 687 1242 universis
717 1183 795 1241 inibi
825 1183 978 1255 legittime
1009 1183 1185 1240 convocatis
1216 1190 1246 1240 et
1270 1182 1474 1256 presentibus,
1498 1180 1622 1238 easdem

356 1291 565 1365 possessiones
589 1305 658 1347 cum
683 1289 800 1346 cunctis
823 1289 964 1362 ipsarum
988 1288 1174 1346 utilitatibus
1197 1293 1228 1346 et
1245 1287 1442 1362 pertinenciis
1471 1287 1622 1344 universis

356 1431 393 1456 .1.
416 1442 423 1455 .
447 1397 628 1454 memoratis
651 1395 773 1453 civibus
797 1395 878 1452 dicte
900 1395 1033 1452 civitatis
1056 1395 1171 1452 montis
1195 1393 1357 1453 Grecensis
1381 1399 1533 1468 perpetuo
1557 1401 1617 1450 sta·

355 1507 483 1573 tuentes,
515 1500 716 1576 possidendas
740 1502 924 1572 statuissent,
953 1500 1042 1558 nullo
1066 1500 1291 1558 contradictore
1313 1504 1493 1574 apparente.
1518 1497 1616 1572 Quas·

356 1606 483 1680 quidem
508 1607 595 1665 binas
617 1607 736 1664 litteras
760 1609 790 1664 et
812 1607 917 1664 omnia
940 1607 971 1664 in
995 1606 1039 1663 eis
1056 1612 1205 1678 contenta,
1223 1605 1487 1678 donacionemque
1509 1611 1540 1662 et
1556 1613 1618 1662 sta·

355 1712 511 1770 tucionem
535 1713 780 1786 prescriptarum
811 1711 1041 1786 possessionum
1072 1711 1258 1784 Petrowyna
1282 1717 1312 1769 et
1335 1712 1490 1783 Hraztlrya
1514 1717 1619 1785 patro·

355 1819 435 1876 ciuio
461 1818 706 1892 prescriptarum
729 1818 906 1874 litterarum
942 1832 1068 1875 suarum
1101 1817 1346 1891 privilegialium
1370 1816 1454 1874 idem
1477 1816 1620 1876 dominus

355 1923 573 1998 sigismundus
596 1939 651 1982 rex
675 1968 682 1983 .
705 1970 711 1982 .
736 1969 742 1982 .
765 1928 794 1980 et
817 1923 1038 1982 confirmasset.
1063 1899 1200 1982 Alterius
1224 1930 1327 1981 autem
1357 1924 1509 1997 ipsarum,
1532 1923 1618 1980 vide·

354 2031 426 2088 licet
456 2029 595 2105 predicte
626 2029 751 2088 domine
781 2031 878 2088 Marie
913 2029 1026 2102 regine,
1054 2029 1158 2102 sigillo
1189 2029 1328 2087 eiusdem
1350 2030 1391 2087 ab
1415 2003 1496 2086 intus
1519 2028 1550 2086 in
1573 2028 1619 2086 in·

355 2135 462 2195 feriori
496 2138 638 2210 margine
672 2136 860 2208 consignata,
895 2137 974 2194 hauc
1009 2136 1171 2193 verbalem
1201 2136 1348 2194 servabat
1378 2135 1618 2194 continenciam:

354 2243 452 2302 Maria
476 2241 526 2299 dei
558 2243 662 2315 gracia
694 2241 800 2314 regina
832 2241 1000 2314 Hungarie,
1031 2240 1202 2313 Dalmacie,
1229 2240 1356 2299 Croacie
1379 2247 1433 2299 etc.
1457 2240 1617 2300 Fidelibus

353 2348 417 2406 suis
450 2347 616 2420 magnifico
650 2347 720 2405 viro
755 2347 882 2404 domino
914 2347 1041 2404 Detrico
1076 2346 1200 2420 Bwbelr,
1223 2347 1310 2419 regni
1333 2347 1431 2405 nostri
1454 2346 1617 2406 Sclauonie

353 2455 435 2512 bano
459 2459 489 2512 et
511 2453 663 2512 vicebano
685 2453 823 2512 eiusdem
848 2459 878 2512 et
907 2453 1096 2512 officialibus
1131 2453 1314 2512 eorumdem
1344 2455 1377 2511 in
1399 2453 1616 2511 exaccionibus

352 2559 604 2618 mardurinarum
634 2574 671 2617 ac
699 2559 891 2618 decimarum
925 2575 1094 2632 porcorum
1124 2558 1373 2632 procedentibus,
1404 2559 1519 2632 quibus
1543 2574 1612 2632 pre·

353 2672 453 2724 sentes
477 2665 688 2738 ostenduntur,
704 2664 836 2724 salutem
862 2671 892 2723 et
907 2667 1053 2738 graciam,
1076 2665 1111 2723 In
1134 2665 1273 2738 personis
1297 2666 1513 2723 universorum
1537 2665 1612 2724 fide-

353 2773 432 2831 lium
457 2772 572 2831 civium
597 2777 627 2830 et
642 2773 801 2846 hospitum
813 2778 991 2830 nostrorum
1005 2772 1138 2829 civitatis
1159 2777 1263 2829 nostre
1280 2771 1495 2844 zagrabiensis,
1511 2780 1615 2831 nostre

352 2878 444 2937 datur
472 2878 607 2951 intelligi
638 2879 799 2948 maiestati,
824 2876 983 2951 quomodo
1015 2893 1071 2936 vos
1102 2891 1196 2951 super
1219 2875 1398 2952 jobagiones
1421 2879 1562 2951 ipsorum
1584 2880 1616 2937 in

351 3001 460 3044 eorum
484 2985 698 3060 posesionibus
714 2985 897 3056 Petrowyna
913 2990 943 3042 et
958 2984 1117 3056 Hrazthya
1139 2988 1374 3054 commorantes,
1392 2999 1448 3056 per
1470 2984 1616 3043 illustris·

350 3091 464 3148 simum
489 3091 664 3165 principem
686 3089 849 3149 dominum
872 3089 1106 3162 sigismundum
1136 3105 1250 3161 regem,
1274 3096 1447 3147 consortem
1470 3101 1612 3149 nostrum

350 3197 554 3264 carissimum,
577 3212 635 3270 pro
667 3211 775 3254 eorum
806 3195 952 3254 fidelibus
982 3197 1120 3254 serviciis
1151 3201 1302 3270 perpetuo
1334 3197 1409 3270 ipsis
1438 3196 1559 3255 donatis
1585 3204 1615 3256 et

350 3302 482 3374 collatis,
513 3301 709 3360 mardurinas
732 3307 762 3360 et
794 3301 931 3360 decimas
961 3317 1129 3375 porcorum
1161 3301 1263 3360 dicare
1294 3307 1324 3359 et
1355 3303 1436 3376 exigi
1462 3301 1613 3376 faceretis,

350 3423 423 3468 cum
447 3413 558 3480 tamen,
583 3415 617 3465 ut
640 3413 744 3466 nostre
768 3407 866 3465 fertur
890 3409 1051 3480 maiestati,
1076 3407 1253 3466 huiusmodi
1277 3408 1449 3466 dicaciones
1472 3415 1502 3467 et
1526 3425 1615 3468 exac-

350 3515 451 3572 ciones
475 3515 542 3573 ullo
565 3529 703 3588 unquam
726 3523 867 3589 tempore
891 3530 986 3589 super
1009 3515 1107 3573 dictos
1130 3513 1310 3590 jobagiones
1335 3529 1444 3573 eorum
1467 3516 1521 3574 alii
1538 3517 1612 3576 dicti

347 3621 435 3693 regni
457 3621 554 3678 nostri
577 3619 740 3678 Sclauonie
764 3620 847 3694 bani,
872 3620 1104 3694 predecessores
1129 3621 1232 3691 vestri,
1249 3621 1331 3692 exigi
1355 3619 1457 3678 facere
1482 3620 1612 3680 fuissent

349 3728 494 3785 consveti.
518 3725 618 3801 Super
641 3741 703 3799 quo
727 3733 828 3784 vestre
852 3726 995 3785 fidelitati
1018 3727 1110 3784 firmo
1134 3725 1245 3784 damus
1267 3727 1397 3798 reginali
1420 3728 1479 3785 sub
1503 3727 1612 3799 edicto,

349 3837 499 3907 quatenus
523 3833 596 3891 visis
631 3833 837 3906 presentibus,
860 3833 1016 3906 rebusque
1039 3835 1082 3890 sic
1106 3849 1138 3890 se
1160 3833 1347 3890 habentibus
1372 3833 1470 3892 dicios
1493 3833 1612 3909 jobagi·

348 3953 421 3996 ones
445 3945 688 3998 memoratorum
713 3939 828 3996 civium
853 3945 883 3996 et
904 3940 1065 4012 hospitum
1087 3948 1265 3998 nostrorum
1291 3939 1330 3996 ad
1354 3940 1527 3999 soluciones
1550 3941 1610 4000 dic·

348 4051 451 4102 tarum
475 4044 781 4106 mardurinarumet
805 4045 997 4103 decimarum
1014 4038 1207 4124 (porcorum)
1231 4046 1408 4119 compelere
1431 4063 1484 4105 seu
1502 4049 1613 4121 quovis

349 4149 443 4208 modo
472 4152 642 4224 astringere
667 4167 723 4224 per
746 4152 882 4224 amplius
907 4167 967 4210 non
992 4152 1235 4226 presumpmatis
1258 4167 1315 4209 nec
1338 4153 1404 4210 sitis
1427 4155 1493 4212 ausi
1517 4153 1612 4214 modo

347 4257 484 4330 aliquali.
509 4256 545 4314 Et
568 4258 628 4315 hoc
652 4257 735 4315 idem
759 4257 870 4315 suturis
903 4259 990 4315 banis
1014 4265 1045 4316 et
1067 4259 1225 4316 vicebanis
1249 4265 1279 4314 et
1300 4257 1489 4316 officialibus
1511 4258 1611 4336 injun-

345 4363 457 4436 gimus,
489 4363 596 4422 dantes
627 4365 703 4438 ipsis
737 4363 837 4422 firmis
868 4365 1025 4422 similibus
1057 4365 1116 4422 sub
1139 4364 1301 4439 preceptis.
1326 4363 1483 4423 Presentes
1507 4373 1611 4424 autem

345 4475 418 4544 post
452 4471 612 4542 lecturam,
648 4487 772 4546 semper
803 4469 891 4528 reddi
924 4469 1070 4545 jubemus
1104 4470 1278 4544 presentati.
1313 4470 1430 4528 Datum
1453 4471 1485 4529 in
1508 4471 1610 4530 Zalran

345 4577 441 4634 tercio
465 4576 514 4634 die
537 4575 607 4635 festi
639 4577 721 4635 beati
746 4578 904 4635 Ambrosii
927 4578 1072 4651 episcopi.
1098 4579 1187 4634 Anno
1212 4575 1331 4634 domini
1354 4577 1524 4635 millesimo
1549 4583 1610 4636 ter·

347 4683 514 4742 centesimo
544 4684 746 4756 nonagesimo
776 4683 887 4757 primo.
903 4675 924 4762 ¹)
948 4682 1054 4741 Tercie
1077 4699 1189 4756 nempe
1223 4683 1374 4756 ipsarum,
1395 4683 1514 4741 scilicet
1536 4684 1610 4742 dicti

344 4788 463 4848 domini
493 4787 683 4861 Sigismundi
714 4789 794 4861 regis
825 4791 926 4847 littere
955 4789 1096 4864 patentis,
1119 4789 1224 4861 sigillo
1254 4789 1393 4848 eiusdem
1417 4790 1448 4848 in
1471 4789 1609 4848 inferiori

452 5012 474 5082 ¹)
493 5017 555 5067 Vid.
574 5015 636 5070 VoL
659 5029 681 5066 1.
700 5017 764 5067 Doc.
786 5028 844 5080 344.
864 5031 921 5081 pag.
944 5028 1003 5079 319.
