3932 5806
410 553 471 624 256
769 555 842 613 Doc.
866 565 1031 633 194195.
1056 583 1096 600 -
1121 565 1176 617 An.
1201 567 1290 634 1457.

409 763 579 826 tuordecim
603 769 791 828 sessionibus
813 771 928 846 privati
958 769 1094 830 existunt
1128 767 1246 830 eisdem
1280 769 1407 846 plenam
1441 775 1472 830 et
1507 769 1673 831 indilatam

409 873 563 932 iusticiam
586 871 688 933 facere
718 879 748 934 et
778 877 944 951 unicuique
975 873 1057 949 quod
1083 891 1175 935 suum
1209 883 1255 936 est
1284 875 1415 936 reddere
1446 883 1477 936 et
1510 877 1672 936 restituere

409 979 548 1038 debeatis
571 986 675 1040 nostre
696 977 866 1040 malestatis
893 982 924 1040 in
947 995 1079 1056 persona
1102 989 1133 1040 et
1155 983 1337 1042 auctoritate
1359 983 1556 1056 presentibus
1579 983 1671 1041 vobis

407 1087 438 1144 in
462 1087 520 1145 hac
542 1093 633 1160 parte
654 1088 804 1146 attributa
827 1095 858 1146 et
880 1089 1001 1147 iusticia
1023 1088 1186 1146 mediante.
1209 1087 1302 1146 Secus
1324 1104 1386 1147 non
1409 1088 1528 1146 facturi.
1553 1089 1670 1148 Datum

407 1189 548 1266 Wyenne
572 1193 651 1252 feria
673 1201 760 1252 sexta
782 1195 926 1268 proxima
949 1201 1020 1269 post
1043 1193 1156 1253 festum
1181 1195 1263 1252 beati
1286 1194 1387 1268 Egidii
1410 1195 1533 1254 abbatis
1557 1201 1587 1254 et
1602 1207 1673 1253 con·

407 1297 542 1357 sessoris.
578 1300 669 1358 Anno
703 1298 822 1358 domini
865 1301 1036 1359 millesimo
1072 1299 1377 1374 quadringentesimo
1411 1300 1671 1374 quiuquagesimo

406 1405 549 1480 septimo.
573 1405 752 1478 Regnorum
774 1411 952 1465 nostrorum
976 1421 1056 1466 anno
1080 1407 1240 1480 Hungarie
1263 1413 1318 1465 etc.
1331 1406 1453 1466 decimo
1477 1411 1597 1480 octavo,
1614 1407 1672 1464 Bo·

407 1511 510 1570 hemie
533 1525 609 1570 vero
632 1517 754 1585 quarto.

512 1663 646 1728 originale
672 1665 700 1714 in
727 1664 821 1716 charta.
851 1667 883 1714 In
902 1667 1016 1732 margine
1035 1665 1150 1716 inferiori
1167 1666 1320 1732 impressum
1339 1673 1378 1716 est
1394 1662 1509 1731 sigillum
1528 1667 1618 1719 maius.
1639 1667 1672 1717 In

405 1754 520 1804 archivio
540 1753 586 1806 lib.
604 1769 658 1817 reg.
676 1753 725 1804 civ.
743 1753 843 1818 augrab.

992 1985 1078 2052 194.

513 2075 592 2124 Ann0
614 2085 687 2139 ¹457-

510 2205 682 2264 Castellum
706 2205 736 2262 in
760 2204 884 2262 civitate
907 2209 1044 2262 erectum
1067 2201 1162 2260 vidua
1183 2201 1282 2261 Ulrici
1304 2203 1409 2262 Cileae
1424 2204 1547 2262 comitis
1569 2204 1672 2262 tradat

404 2314 526 2373 civibus
549 2311 786 2386 gubernandum
811 2325 891 2370 anno
917 2325 1007 2387 1457.

511 2501 627 2565 Regeata
644 2499 690 2549 lib.
711 2514 764 2562 reg.
783 2497 852 2549 civit.
872 2498 971 2562 zagrab.

998 2781 1078 2850 195.

509 2946 590 2995 Anno
612 2956 686 3011 1457,
707 2955 748 3006 23.
766 2941 920 2992 novembris.
940 2941 1088 3006 Zagrabiae.

410 3071 514 3130 Coram
534 3071 710 3144 magt'stratu
733 3069 858 3128 civitatis
888 3069 1005 3126 panau
1033 3068 1112 3127 Filec
1144 3069 1223 3139 croit,
1255 3068 1393 3143 Philptpo
1419 3070 1522 3140 sutori,
1552 3072 1670 3142 concivi,

919 3175 1031 3234 vineam
1054 3175 1158 3232 vendit.

506 3321 570 3382 Nos
594 3321 777 3392 anthonius,
801 3319 885 3378 filius
908 3319 1036 3387 Thome,
1059 3315 1162 3394 judex,
1197 3298 1350 3391 Clemens,
1382 3319 1571 3396 Demetrius,
1601 3319 1667 3381 Ste-

401 3430 531 3505 phanus,
555 3429 672 3500 Petrus,
696 3427 892 3497 Laureucius‚
917 3425 1046 3498 blasius,
1070 3427 1168 3484 Lucas
1200 3433 1229 3484 et
1262 3427 1403 3500 Mathyas
1436 3424 1538 3502 jurati,
1568 3429 1667 3486 oonsi-

400 3535 483 3594 liarii
506 3541 536 3593 et
559 3535 697 3593 universi
721 3533 804 3592 cives
828 3533 962 3590 civitatis
985 3533 1100 3591 montis
1131 3531 1302 3590 Grecensis.
1332 3533 1481 3591 Memorio
1510 3546 1667 3592 commen·

401 3641 511 3700 damus
534 3647 639 3700 tenore
663 3641 858 3716 presencium
881 3639 1089 3713 significantes
1112 3639 1226 3713 quibus
1242 3639 1368 3714 expedit
1389 3639 1558 3713 universis,
1582 3639 1667 3715 quod

401 3748 450 3806 vir
480 3747 631 3821 providus
661 3753 691 3806 et
721 3747 868 3805 honestus
900 3745 1014 3804 Paulus
1046 3751 1155 3818 sartor,
1178 3745 1262 3803 filius
1287 3745 1418 3803 condam
1442 3747 1568 3819 Mathye
1590 3745 1665 3805 dicti

401 3853 547 3925 Phylech,
571 3854 707 3911 concivis
729 3859 842 3924 noster,
865 3851 905 3910 ad
928 3857 1067 3910 nostram
1083 3851 1289 3926 personaliter
1304 3849 1456 3910 veniendo
1473 3853 1666 3926 presenciam

399 3957 555 4017 confessus
587 3965 632 4016 est
662 3959 693 4016 in
728 3959 810 4016 hunc
843 3957 989 4016 modum:
1025 3963 1059 4016 ut
1090 3958 1157 4031 ipse
1180 3957 1338 4031 quandam
1361 3957 1485 4015 vineam
1508 3971 1598 4016 suam
1620 3965 1666 4017 to·

399 4065 494 4123 talem
519 4065 550 4123 in
574 4065 729 4123 territorio
751 4071 857 4123 nostro
880 4079 933 4122 seu
956 4063 1089 4122 civitatis
1113 4063 1232 4137 pretate
1255 4065 1335 4122 inter
1358 4063 1481 4121 vineam
1505 4064 1567 4122 viri
1582 4065 1665 4123 simi·

399 4171 472 4229 liter
495 4169 618 4246 providi
644 4171 781 4244 Philippi
803 4171 916 4228 sutoris
939 4171 1074 4228 concivis
1098 4170 1203 4240 nostri,
1227 4167 1287 4228 filii
1309 4167 1442 4228 condam
1459 4165 1608 4245 Stephani
1624 4169 1662 4229 de

399 4277 534 4352 quadam
558 4277 636 4336 villa
658 4277 855 4350 Ztanchychy
878 4283 995 4346 vocata,
1020 4276 1180 4351 provincie
1204 4273 1243 4334 de
1267 4275 1406 4349 Bosyalro
1428 4277 1470 4334 ab
1492 4291 1562 4349 una,
1579 4275 1664 4336 vide-

399 4385 471 4442 licet
504 4397 523 4442 a
558 4382 756 4442 meridionali
791 4390 880 4457 parte
915 4389 945 4440 et
968 4384 1067 4457 probe
1089 4397 1125 4439 ac
1149 4381 1276 4440 honeste
1300 4381 1405 4456 puelle
1428 4381 1524 4440 Elena
1547 4387 1664 4454 vocate,

398 4489 464 4547 filie
487 4487 619 4547 condam
643 4487 793 4546 Anthonii
813 4487 966 4546 camificis
989 4485 1062 4546 dicti
1083 4487 1301 4560 Kcrzowaycb,
1324 4487 1365 4545 ab
1388 4488 1495 4560 altera,
1519 4485 1665 4546 videlicet

398 4609 415 4653 a
439 4595 685 4669 septemtrionali
707 4603 796 4669 parte
818 4595 958 4654 habitam
981 4601 1011 4652 et
1034 4595 1224 4666 existentem,
1241 4591 1375 4668 desuper
1397 4607 1415 4652 a
1438 4594 1489 4652 via
1506 4595 1664 4652 communi

397 4701 438 4760 ab
462 4702 580 4760 oriente
603 4701 710 4760 habita
733 4707 763 4760 et
786 4701 867 4760 intra
890 4717 988 4775 usque
1012 4699 1129 4758 vallem
1154 4715 1208 4758 seu
1230 4699 1396 4760 decursum
1417 4715 1498 4774 aque
1513 4699 1664 4775 pluvialis

396 4809 437 4866 ab
471 4807 630 4868 occidente
663 4807 805 4866 habitam
839 4821 893 4864 seu
927 4807 1069 4864 habitum
1101 4821 1133 4863 se
1165 4803 1391 4878 extendentem,
1415 4807 1519 4880 ipsum
1543 4803 1662 4864 scilicet

396 4915 530 4974 Paulum
564 4919 716 4974 sartorem
751 4913 876 4988 partim,
913 4911 1058 4971 videlicet
1090 4915 1241 4986 qnantum
1271 4911 1311 4968 ad
1337 4909 1414 4970 duas
1437 4919 1541 4986 partes
1564 4911 1662 4985 ipsius

396 5023 485 5080 vinee
500 5029 531 5080 et
546 5021 663 5081 konche
679 5019 797 5079 ibidem
814 5019 895 5078 circa
911 5019 1041 5078 eandem
1064 5020 1187 5078 vineam
1206 5018 1320 5090 habite,
1338 5030 1357 5076 a
1373 5017 1506 5092 provida
1529 5015 1660 5076 muliere
