3932 5806
817 544 890 602 Doc.
913 557 985 620 2⁰9·
1011 577 1047 586 -
1074 545 1130 603 An.
1154 540 1245 622 1458.

980 859 1069 926 209.

493 1056 574 1104 Anno
596 1054 670 1119 1458,
691 1065 731 1104 21.
751 1053 872 1116 Augusti.
897 1053 1046 1116 Zagrabiae.

391 1182 531 1239 llst'colaus
562 1180 654 1257 Vylck
675 1187 705 1238 ct
717 1179 873 1256 Johannes
904 1178 1015 1236 Vitovec
1044 1178 1115 1235 bani
1142 1180 1267 1253 capitulo
1297 1180 1486 1254 zagrubiensi
1504 1179 1653 1250 mandant

387 1296 422 1345 ul
449 1288 580 1362 inquirat
610 1287 746 1344 damnum
777 1297 870 1342 2000.
888 1284 935 1358 st,
966 1285 1051 1360 quod,
1073 1303 1159 1359 quum
1196 1286 1310 1344 [llrr'cus
1339 1304 1427 1344 carnes
1464 1285 1554 1344 ciliae
1584 1287 1651 1343 cabi-

387 1401 473 1450 tatem
496 1391 665 1465 occupabat,
689 1391 832 1449 M'colaus
862 1389 1016 1464 aurifaber
1037 1398 1065 1448 et
1084 1392 1200 1449 Paulus
1222 1393 1335 1450 villicus
1356 1392 1390 1450 de
1422 1392 1522 1449 Vinica
1542 1391 1650 1450 ccbibus

941 1498 1107 1555 attulerunt.

492 1642 609 1699 Amicis
631 1642 696 1699 suis
719 1641 897 1700 reverendis
920 1642 1058 1716 capitulo
1082 1641 1210 1700 ecclesie
1226 1641 1426 1714 zagrabiensi,
1451 1640 1597 1699 Nicolaus
1615 1639 1654 1698 de

388 1747 492 1820 Vylalr
523 1751 553 1804 et
582 1747 641 1830 Jan
673 1747 846 1820 Bythouecz
871 1747 908 1805 de
932 1747 1057 1806 Greben
1081 1748 1169 1820 regni
1192 1746 1355 1805 Sclauonie
1378 1747 1460 1818 bani,
1476 1746 1650 1805 amiciciam

386 1859 528 1929 paratam
551 1868 623 1911 cum
645 1853 769 1911 honore.
794 1853 915 1910 Dicitur
938 1853 1029 1910 nobis
1052 1853 1084 1910 in
1107 1853 1248 1926 personis
1273 1851 1393 1926 judicis,
1416 1849 1589 1928 juratorum
1614 1867 1650 1910 ac

385 1961 603 2018 universorum
639 1960 755 2017 civium
787 1974 905 2017 necnon
937 1965 1000 2017 tote
1023 1960 1254 2017 communitatis
1277 1960 1410 2016 civitatis
1433 1959 1547 2016 montis
1575 1957 1651 2016 Gre-

386 2066 491 2136 censis,
516 2064 674 2138 quomodo
707 2064 852 2122 Nicolaus
888 2063 1053 2136 aurifaber,
1077 2066 1154 2122 alias
1177 2065 1254 2122 civis
1278 2065 1358 2122 dicte
1382 2065 1514 2122 civitatis
1538 2064 1652 2122 montis

386 2171 546 2230 Grecensis
568 2185 685 2228 necnon
703 2169 816 2228 Paulus
840 2171 972 2245 valpoth
995 2170 1033 2228 de
1049 2171 1191 2243 Vynicza,
1214 2171 1409 2244 temporibus
1432 2169 1549 2228 scilioet
1576 2169 1651 2228 dum

386 2277 501 2335 illustri
531 2277 704 2350 principes,
736 2276 865 2334 condam
897 2276 1015 2334 domini
1045 2276 1219 2334 Fridericus
1254 2282 1284 2334 et
1317 2277 1451 2349 Victoris,
1476 2275 1561 2334 Cilee
1595 2281 1651 2334 etc.

386 2382 512 2440 comites
543 2391 573 2440 et
606 2383 689 2452 bani,
728 2399 799 2440 cum
831 2398 937 2440 eorum
962 2383 1097 2441 exercitu
1125 2383 1331 2457 prescriptam
1358 2383 1513 2441 civitatem
1538 2381 1652 2440 montis

386 2488 547 2548 Grecensis
577 2487 754 2546 obsidentes
776 2490 1009 2563 impugnassent
1032 2497 1062 2547 et
1086 2489 1216 2547 eandem
1238 2495 1449 2563 expugnatam
1472 2489 1513 2546 ab
1529 2487 1647 2546 eisdem

385 2595 611 2670 exponentibus
634 2610 692 2668 pro
715 2596 859 2654 manibus
881 2596 1022 2668 ipsorum
1045 2597 1240 2670 recepissent.
1263 2596 1350 2653 Tunc
1373 2593 1485 2668 prefati
1502 2594 1649 2652 Nicolaus

384 2701 544 2759 aurifaber
577 2706 607 2758 et
630 2702 745 2760 Paulus
768 2702 908 2785 walpoth
932 2707 1073 2776 tempore
1097 2703 1248 2777 premisse
1269 2701 1484 2775 occupacionis
1508 2699 1651 2758 eiusdem

385 2809 517 2866 civitatis
550 2810 731 2866 memoratis
764 2809 989 2882 exponentibus
1023 2810 1054 2866 in
1085 2810 1176 2866 cortis
1208 2809 1301 2866 rebus
1333 2808 1478 2866 elbonis
1509 2807 1649 2881 ipsorum

384 2915 610 2987 exponencium
639 2915 806 2988 plusquam
838 2914 900 2972 duo
931 2915 1031 2972 millia
1063 2914 1251 2974 florenorum
1272 2917 1339 2972 auri
1362 2913 1497 2988 dampna
1527 2913 1650 2971 intulis·

384 3025 450 3076 sent
473 3025 503 3076 et
535 3019 676 3078 fecissent
707 3021 848 3093 potencia
880 3020 1042 3092 mediante,
1071 3021 1102 3078 in
1126 3019 1333 3094 preludicium
1357 3025 1573 3078 annotatorum
1599 3035 1649 3076 ex·

384 3125 570 3199 ponencium
604 3131 635 3182 et
665 3125 838 3198 dampnum
869 3125 963 3183 valde
985 3142 1145 3200 magnum.
1168 3125 1270 3200 Super
1295 3141 1357 3198 quo
1384 3131 1520 3184 vestram
1543 3126 1648 3182 amici·

383 3233 463 3290 ciam
498 3232 691 3306 presentibus
722 3232 856 3304 petimus
888 3232 1061 3304 diligenter,
1088 3239 1242 3305 quatenus
1273 3237 1413 3288 vestrum
1443 3230 1572 3288 mittatis
1595 3231 1650 3288 ho-

384 3339 500 3395 minem
533 3352 590 3410 pro
620 3339 797 3394 testimonio
827 3337 1029 3409 fidedignum,
1052 3353 1113 3410 quo
1137 3345 1286 3410 presente,
1322 3337 1471 3394 Martinus
1494 3335 1532 3394 de
1555 3333 1649 3407 Schy-

383 3449 509 3515 taryew,
542 3443 723 3501 Valentinus
759 3443 798 3501 de
821 3443 1038 3514 Chemlrowcz‚
1068 3457 1187 3500 necnon
1216 3442 1356 3502 Andreas
1379 3450 1408 3500 et
1430 3442 1586 3526 Johannes
1610 3440 1648 3498 de

382 3549 591 3622 Brezowycza,
609 3549 679 3607 aliis
695 3551 883 3622 absentibus,
902 3551 996 3607 homo
1019 3553 1130 3620 noster,
1147 3549 1188 3606 ab
1204 3551 1350 3608 omnibus
1366 3549 1480 3622 quibus
1496 3547 1648 3606 incumbit

382 3671 500 3714 meram
532 3656 571 3714 de
602 3658 761 3732 premissis
785 3658 927 3730 exquirat
960 3657 1132 3728 veritatem,
1166 3672 1260 3729 quam
1285 3655 1410 3714 tandem
1432 3649 1533 3726 nobis,
1558 3668 1645 3712 more

385 3763 478 3820 solito
508 3763 694 3821 rescribatis.
726 3763 884 3820 Presentes
903 3769 1009 3820 autem
1031 3763 1143 3836 sigillis
1167 3763 1316 3821 comitum
1338 3771 1516 3820 nostrorum
1541 3775 1645 3834 cagra-

382 3869 536 3926 biensium
567 3867 697 3926 fecimus
728 3869 908 3942 consignari.
932 3869 1048 3926 Datum
1073 3867 1223 3942 Zagrabie
1246 3869 1323 3927 feria
1346 3867 1479 3927 secunda
1502 3868 1647 3942 proxima

388 3981 459 4049 post
474 3974 587 4033 festum
611 3975 695 4033 beati
716 3976 798 4049 regis
818 3975 976 4050 Stephani.
993 3978 1083 4036 Anno
1107 3975 1225 4034 domini
1248 3977 1417 4035 millesimo
1441 3974 1648 4050 quadringen-

382 4081 494 4140 tesimo
518 4082 776 4156 quinquagesimo
798 4088 919 4145 octavo.
1456 4071 1458 4075 ’

488 4209 531 4274 (Α
551 4211 647 4273 tergo).
678 4207 795 4264 Amicis
824 4207 888 4264 suis
911 4206 1088 4264 reverendis
1111 4207 1248 4281 capitulo
1271 4207 1398 4265 ecclesie
1421 4206 1641 4278 zagrabiensis,

381 4327 440 4386 pro
472 4311 581 4387 judice,
613 4311 721 4387 juratis
752 4320 782 4370 et
805 4313 926 4371 civibus
950 4313 1082 4371 civitatis
1106 4314 1218 4372 montis
1243 4313 1412 4386 Grecensis,
1440 4312 1640 4386 inquisitorie.

487 4501 621 4566 Originale
643 4503 671 4551 in
696 4502 791 4553 charta.
819 4503 846 4550 A
872 4509 944 4566 tergo
968 4503 1106 4566 vestigium
1124 4504 1200 4552 unius
1218 4502 1306 4566 sigilli.
1327 4503 1418 4552 Exstat
1438 4503 1465 4552 in
1485 4507 1644 4566 transumpto

383 4591 490 4656 capituli
510 4591 647 4640 casinensis
669 4592 743 4656 1458.
