3804 5858
386 787 473 861 poris
505 785 630 858 Christi,
660 784 831 843 nativitatis
863 783 1010 867 Johannis
1044 783 1190 857 baptiste,
1222 783 1412 842 visitacionis
1434 785 1539 854 Marie,
1561 783 1662 843 111111

386 894 424 952 de
454 893 534 966 nive,
566 891 793 965 assumpcionis
824 891 928 960 Marie,
963 890 1049 948 beati
1084 889 1168 962 regis
1202 889 1360 964 Stephani,
1384 889 1587 950 dedicacionis
1610 907 1663 949 ec·

386 999 487 1072 111111,
512 998 625 1058 festum
645 996 816 1055 nativitatis
847 996 979 1068 virginis
1003 996 1147 1068 glorio'se,
1180 996 1341 1055 Michaelis
1363 997 1548 1070 archangeli,
1572 996 1660 1055 festi·

386 1105 468 1164 vitas
489 1105 631 1164 omnium
653 1107 841 1174 sanctorum,
864 1101 1031 1175 concepeio
1054 1102 1144 1160 beate
1167 1102 1309 1175 virginis.

493 1211 528 1270 In
551 1209 732 1284 prescriptis
755 1207 977 1266 festivitatibus
999 1207 1204 1282 expediantur
1230 1207 1335 1266 divina
1358 1208 1470 1280 officia,
1494 1207 1660 1268 videlicet:

393 1318 496 1388 misse,
519 1321 670 1387 corature,
701 1315 854 1373 lecciones
877 1319 908 1372 et
931 1314 1101 1387 ewangelio
1125 1329 1160 1372 ac
1183 1315 1314 1388 epistole
1337 1330 1394 1388 per
1416 1315 1490 1373 illos
1513 1314 1661 1374 dominos

386 1423 568 1496 dignitarios
599 1429 629 1480 et
660 1422 822 1480 canonicos
853 1420 1066 1494 personaliter,
1090 1421 1205 1495 quibus
1227 1422 1380 1480 scribetur
1403 1421 1520 1494 tabula,
1544 1426 1598 1478 aut
1629 1427 1659 1482 si

384 1545 441 1604 per
464 1545 496 1587 se
512 1528 668 1603 quispiam
682 1528 825 1601 ipsorum
841 1525 1041 1584 dominorum
1057 1526 1139 1584 dicta
1162 1525 1266 1586 officia
1285 1527 1329 1586 sic
1351 1527 1384 1586 in
1406 1527 1514 1585 tabula
1536 1527 1657 1600 scripta

382 1634 531 1709 expedire
552 1650 614 1694 non
631 1640 744 1710 posset,
759 1638 899 1692 teneatur
914 1649 950 1690 ea
972 1632 1120 1707 expedire
1142 1649 1200 1707 per
1223 1633 1284 1694 sibi
1307 1633 1444 1693 similem
1467 1633 1519 1692 vel
1539 1634 1654 1694 saltem

377 1739 445 1815 'per
468 1741 658 1812 canonicum,
682 1745 714 1798 et
744 1740 805 1798 hoc
827 1755 951 1812 semper
972 1738 1167 1812 intelligatur
1190 1744 1257 1796 tam
1280 1738 1318 1798 de
1340 1741 1536 1815 presentibus
1558 1755 1657 1816 quam

388 1846 427 1905 de
449 1847 640 1918 absentibus,
670 1860 744 1923 nam
767 1845 848 1904 sicut
870 1841 1002 1918 quilibet
1032 1845 1214 1904 absencium
1238 1846 1333 1905 habet
1355 1850 1589 1921 procuratorem
1613 1845 1658 1904 ad

275 1958 278 1966 '
384 1951 540 2010 tollendos
561 1956 740 2026 proventus,
771 1951 815 2010 ita
845 1951 944 2008 eciam
974 1951 1088 2009 habeat
1117 1956 1370 2025 supportatorem
1394 1953 1426 2010 in
1448 1951 1569 2011 divinis.
1590 1951 1656 2012 Ubi

386 2064 490 2118 tamen
511 2059 602 2117 nullo
631 2058 727 2116 modo
748 2074 787 2116 ex
815 2057 930 2131 quibus
953 2057 1044 2116 bonis
1077 2063 1108 2116 et
1130 2057 1329 2117 evidentibus
1350 2059 1527 2118 nacionibus
1549 2065 1657 2133 posset

383 2165 506 2238 expleri
536 2163 666 2238 aliquod
696 2163 835 2224 officium
869 2179 926 2238 per
942 2162 1124 2236 dignitatios
1146 2169 1200 2222 111
1222 2165 1413 2237 canonicum,
1439 2165 1584 2224 dominus
1606 2167 1655 2224 11-

383 2271 485 2330 carius
519 2275 625 2346 posset
660 2269 817 2329 moderari
853 2273 884 2327 et
907 2268 1068 2344 provideri
1100 2286 1159 2344 per
1193 2271 1328 2329 mulctas
1350 2275 1381 2330 et
1404 2286 1500 2346 penas
1522 2270 1654 2331 inferius

386 2375 566 2434 declaratas.

487 2482 521 2541 ln
553 2481 624 2541 aliis
657 2497 733 2540 vero
768 2481 988 2540 festivitatibus
1021 2481 1280 2556 quibuscumque,
1314 2483 1346 2540 in
1368 2483 1483 2557 quibus
1505 2482 1653 2541 similiter

382 2587 463 2650 solet
485 2588 594 2646 tabula
617 2589 713 2647 scribi
742 2589 820 2662 ipsis
844 2587 978 2646 dominis
1003 2587 1175 2660 dignitariis
1199 2595 1229 2648 et
1252 2582 1414 2662 canonicis,
1445 2587 1653 2663 expediantur

384 2695 477 2754 misse
500 2694 663 2753 dumtaxat
693 2711 751 2769 per
773 2695 855 2768 illos,
880 2696 993 2769 quibus
1017 2695 1125 2753 tabula
1147 2696 1308 2769 scribetur,
1331 2695 1385 2754 111
1408 2696 1434 2754 51
1456 2711 1513 2770 per
1535 2709 1652 2754 senon

383 2805 516 2875 possent,
539 2808 651 2859 extunc
673 2817 731 2875 per
752 2801 814 2859 sibi
843 2800 980 2860 similem
1003 2807 1055 2860 aut
1078 2801 1189 2860 saltem
1212 2818 1270 2876 per
1293 2802 1472 2860 canonicum
1497 2815 1548 2859 eas
1571 2801 1652 2858 1111·

383 2907 468 2965 brari
490 2905 613 2978 faciant;
636 2911 792 2966 coraturas
821 2910 926 2965 autem
948 2913 979 2966 et
1001 2907 1152 2966 lecciones
1177 2909 1296 2982 possint
1326 2907 1467 2982 expediri
1490 2922 1547 2981 per
1569 2907 1651 2966 alios

382 3013 572 3088 presbiteros
602 3012 730 3072 idoneos
759 3018 813 3071 aut
849 3012 1073 3088 prebendarios
1088 3041 1090 3049 ι
1104 3029 1159 3072 111
1189 3014 1353 3086 1111115115,
1384 3012 1557 3072 dummodo
1586 3027 1652 3072 non

383 3117 423 3178 sit
446 3117 593 3180 defectus.
742 3097 746 3104 ’
893 3195 901 3208 ἱ

414 3275 416 3277 ,
488 3225 568 3284 ltem
595 3225 627 3284 in
650 3223 870 3284 festivitatibus
893 3226 1046 3298 omnibus,
1060 3226 1173 3300 quibus
1196 3227 1296 3285 maior
1319 3241 1471 3302 campana
1495 3226 1647 3302 pulsatur,

382 3334 543 3389 teneantur
561 3346 669 3390 omnes
686 3331 805 3390 domini
821 3331 979 3406 dignitarii
1001 3337 1031 3390 et
1047 3333 1185 3390 canonici
1208 3333 1354 3392 interesse
1376 3333 1544 3405 matutinis,
1560 3331 1647 3406 quod

381 3437 408 3494 si
431 3436 501 3510 quis
524 3437 679 3510 legittimo
692 3437 915 3512 impedimento
928 3453 990 3496 non
1005 3439 1146 3497 obstante
1162 3439 1341 3512 neglexerit,
1357 3439 1467 3498 subeat
1490 3444 1521 3498 et
1544 3437 1647 3496 solvat

382 3557 496 3616 penam
519 3547 667 3601 statutam
690 3544 944 3603 irremissibiliter
968 3545 1053 3602 iuxta
1076 3545 1300 3604 continenciam
1322 3551 1517 3604 statutorum.

488 3648 566 3708 Item
600 3650 632 3707 in
665 3649 735 3707 aliis
765 3649 983 3708 festivitatibus
1017 3655 1046 3708 et
1081 3649 1243 3708 dominicis
1266 3651 1384 3724 diebus,
1408 3653 1522 3726 quibus
1544 3651 1647 3709 maior

384 3769 534 3828 campana
565 3769 625 3812 non
657 3755 807 3828 pulsatur,
837 3756 1057 3814 nichilominus
1087 3762 1199 3828 tamen,
1223 3757 1337 3830 quibus
1360 3758 1468 3816 tabula
1490 3757 1647 3828 scribitur,

380 3859 433 3918 isti
448 3858 609 3918 dumtaxat
632 3859 750 3919 domini
766 3861 923 3920 matutinis
946 3863 1091 3920 interesse
1104 3867 1272 3936 teneantur,
1289 3865 1403 3938 quibus
1426 3863 1533 3922 tabula
1549 3863 1644 3922 suerit

387 3965 510 4040 scripta,
535 3965 589 4024 alii
613 3981 687 4024 vero
709 3982 771 4024 non
794 3968 855 4026 sint
877 3967 1009 4041 obligati
1031 3969 1089 4027 nisi
1112 3984 1150 4026 ex
1173 3969 1377 4044 beneplacito

489 4071 525 4129 Et
563 4079 597 4129 11
630 4073 783 4147 premissa
817 4073 945 4148 aliquod
980 4075 1077 4132 robur
1100 4080 1130 4132 et
1152 4074 1334 4134 firmitatem
1358 4077 1500 4150 habeant,
1524 4076 1647 4150 ipsique

383 4175 501 4236 domini
523 4183 587 4236 tam
603 4178 759 4252 dignitarii
775 4195 868 4253 quam
885 4181 983 4239 eciam
995 4182 1133 4240 canonici
1154 4182 1215 4240 sint
1238 4183 1454 4256 diligenciores
1471 4189 1500 4241 et
1517 4197 1647 4257 promp-

382 4282 480 4340 ciores
499 4283 539 4342 ad
563 4285 758 4360 exsequenda
783 4287 1022 4361 uniuscuiusque
1039 4303 1095 4345 sua
1110 4287 1224 4362 officia,
1248 4296 1398 4348 statutum
1413 4298 1444 4349 et
1466 4289 1647 4348 conclusum

382 4394 442 4447 est:
478 4391 563 4462 quod
596 4393 784 4466 quicumque
819 4393 1018 4452 dominorum
1052 4396 1118 4452 sive
1152 4397 1348 4470 presencium
1378 4397 1444 4455 sive
1466 4395 1647 4455 absencium

384 4479 557 4568 neglexerit
582 4513 638 4571 per
661 4514 694 4556 se
716 4504 769 4556 aut
792 4499 902 4557 saltem
927 4516 983 4574 per
1007 4501 1198 4571 canonicum,
1221 4503 1310 4560 salvo
1334 4508 1437 4562 tamen
1458 4517 1582 4577 semper
1603 4501 1647 4559 le·

383 4601 494 4674 gitimo
516 4603 749 4677 impedimento
774 4607 932 4665 celebrare
953 4613 982 4664 et
1006 4608 1152 4682 expedire
1174 4625 1229 4667 sua
1245 4608 1357 4681 officia,
1380 4615 1492 4668 extunc
1514 4609 1553 4667 de
1576 4622 1646 4683 pro·

383 4707 529 4766 ventibus
563 4710 742 4770 huiusmodi
776 4713 960 4785 negligentis
997 4729 1054 4788 pro
1078 4715 1220 4788 qualibet
1257 4717 1351 4774 missa
1381 4716 1520 4788 neglecta
1551 4714 1647 4776 XXV.

381 4813 477 4874 solidi
510 4814 721 4890 detrahantur,
756 4823 786 4876 et
809 4833 865 4892 per
895 4818 1061 4898 'dominum
1096 4821 1247 4880 vicarium
1282 4822 1331 4880 illi
1355 4821 1475 4894 dentur,
1500 4823 1554 4898 qui
1588 4835 1647 4896 pro

383 4935 419 4979 1ο
453 4920 667 4994 celebraverit,
699 4921 871 4982 dummodo
901 4923 995 4984 111111
1024 4927 1195 4999 canonicus
1218 4929 1245 4987 si
1267 4934 1369 4988 autem
1392 4944 1453 4988 non
1485 4928 1648 4988 11111111·

382 5027 519 5098 nonicus,
556 5027 647 5087 detur
681 5031 742 5088 sibi
778 5031 902 5090 oblacio
937 5039 1123 5108 competens,
1156 5034 1314 5093 residuum
1346 5049 1422 5093 vero
1445 5035 1649 5094 distribuatur
