3736 5826
649 613 724 676 Doc.
749 628 799 672 20.
821 627 868 672 21.
893 648 934 659 -
957 618 1014 676 An.
1039 631 1251 696 1414-1415.
1427 695 1430 699 .
1534 638 1571 696 19

308 824 391 884 dam.
412 826 448 885 In
470 827 556 886 cuius
578 829 624 886 rei
646 830 834 888 memoriam
856 829 1100 906 firmitatemque
1122 839 1307 907 perpetuam
1330 841 1489 908 presentes
1520 835 1572 892 lit·

308 938 389 990 teras
411 931 481 992 fieri
513 931 661 1009 jussimus
682 940 712 993 et
734 937 923 1010 appensione
956 937 1134 1010 sigillorum
1167 944 1346 996 nostrorum
1376 939 1570 998 communiri.

308 1037 426 1096 Datum
457 1038 610 1112 Zagrabie
647 1041 678 1099 in
712 1039 792 1098 festo
825 1041 916 1100 beate
945 1043 1142 1116 Margarethe
1177 1044 1315 1117 virginis.
1339 1046 1429 1103 Anno
1453 1045 1571 1104 domini

308 1143 480 1203 millesimo
502 1144 808 1220 quadringentesimo
831 1145 1074 1222 quartodecimo.

415 1298 439 1346 E
458 1275 526 1347 libro
545 1298 705 1350 statutorum
722 1299 784 1352 hon.
804 1299 862 1352 coll.
881 1301 1025 1354 Praebend.
1046 1302 1120 1354 Saec.
1138 1303 1204 1356 XV.

912 1567 973 1634 20.

415 1686 497 1736 Anno
521 1699 595 1752 14¹4·

415 1835 549 1894 Litterae
581 1833 719 1895 vineales
753 1851 849 1912 super
880 1841 964 1895 certa
993 1837 1085 1896 vinea
1113 1837 1146 1896 in
1168 1837 1326 1897 territorio
1348 1837 1456 1898 Novae
1476 1840 1574 1900 villae

310 1941 440 2016 capituli
472 1942 679 2015 zagrabiensis
713 1942 899 2002 Davidouch
933 1943 1104 2017 appellato,
1141 1943 1299 2016 existente,
1334 1946 1438 2018 gratis,
1475 1948 1574 2005 altera

309 2061 386 2106 vero
408 2048 507 2122 priori
529 2049 720 2108 contermina
742 2064 802 2124 pro
824 2063 879 2108 sex
901 2048 968 2107 flor.
999 2049 1067 2106 auri
1099 2047 1258 2122 Stephano
1289 2049 1418 2108 Hervvat
1447 2052 1574 2110 concive

309 2153 424 2212 montis
458 2151 621 2213 Grecensis
654 2155 864 2228 perennaliter
893 2153 1007 2212 donata
1028 2159 1059 2212 et
1081 2154 1254 2229 respective
1277 2154 1404 2214 vendita
1427 2172 1484 2230 per
1507 2157 1575 2232 ple·

215 2239 218 2244 Δ
309 2258 428 2316 banum
451 2258 581 2317 ecclesie
603 2275 626 2317 s.
648 2259 775 2342 Joannis
797 2260 934 2334 baptiste
957 2259 995 2318 de
1018 2259 1159 2335 predicta
1181 2259 1271 2319 Nova
1294 2261 1381 2334 villa,
1400 2262 1491 2320 salvo
1505 2261 1575 2340 jure

310 2369 458 2424 montano
492 2365 555 2439 ipsi
587 2365 716 2424 ecclesie
749 2365 923 2440 parochiali
956 2365 1157 2440 obveniente,
1200 2380 1259 2441 pro
1291 2371 1382 2442 parte
1414 2368 1575 2442 empirice,

311 2469 483 2546 expeditae.

416 2622 478 2675 ner.
497 2623 570 2674 Mon.
590 2623 696 2676 Remet.
715 2623 777 2676 lose.
795 2623 833 2676 11.
852 2639 890 2676 nr.
909 2636 933 2687 4.
952 2624 985 2674 In
1003 2623 1098 2676 archiv.
1117 2639 1189 2688 regn.
1208 2623 1294 2675 Croat.
1313 2623 1383 2677 Slav.
1399 2631 1426 2674 et
1445 2623 1532 2678 Dalm.

917 2887 971 2953 21.

418 3044 500 3096 Anno
522 3057 596 3114 ¹41⁵·
616 3058 658 3114 25·
677 3045 775 3117 aprilis.
794 3046 942 3111 zegrabiae.

318 3190 512 3249 Communitas
534 3191 659 3250 civr'tatis
680 3193 783 3252 montis
813 3190 964 3250 Grecensis
985 3189 1020 3248 de
1041 3189 1166 3248 Antonii
1184 3187 1257 3250 civis
1286 3188 1442 3249 hereditate
1463 3210 1500 3249 cx
1515 3192 1576 3252 eius

800 3321 965 3374 testamento
986 3314 1104 3377 sumt.

416 3470 496 3554 (Nos
529 3475 672 3548 Michael‚
706 3475 792 3535 filius
826 3475 988 3548 Simeonis,
1022 3473 1133 3552 judex,
1167 3465 1359 3550 Stephanos,
1395 3467 1575 3554 Georgius),

311 3579 439 3654 Blassius,
463 3580 624 3655 Georgius,
648 3581 778 3656 Gasper,
801 3583 932 3656 Fryche,
955 3580 1174 3655 sigismundus
1197 3586 1227 3640 et
1258 3580 1442 3654 Lodouicus,
1473 3580 1576 3657 jurati,

310 3685 479 3746 consiliarii
500 3680 543 3767 (et
565 3688 703 3746 universi
725 3687 809 3746 cives
825 3689 940 3747 montis
955 3686 1126 3746 Grecensis.
1141 3688 1291 3746 Memorio
1306 3678 1576 3766 commendamus)

310 3807 368 3866 per
390 3797 557 3865 presentes,
581 3792 740 3867 quomodo
763 3808 819 3851 nos
841 3793 873 3852 in
897 3797 1083 3852 testamento
1105 3793 1169 3851 viri
1192 3792 1317 3868 providi
1348 3792 1480 3851 condam
1511 3795 1574 3851 An·

294 3897 409 3956 'thonii
430 3895 524 3974 jurati
540 3891 690 3976 (concivis
706 3889 817 3976 nostri)
842 3898 917 3957 dicti
940 3943 947 3960 .
973 3944 979 3958 .
1003 3943 1012 3958 .
1035 3897 1115 3957 inter
1131 3903 1231 3956 cetera
1248 3898 1386 3956 seriatim
1402 3899 1577 3973 conscripta

311 4002 448 4061 vidimus
470 4003 533 4062 fide
556 4003 679 4062 oculata
702 4004 862 4075 contineri,
886 4003 970 4077 quod
994 4005 1070 4062 dum
1092 4005 1160 4078 ipse
1183 4004 1374 4062 inhumanis
1391 4005 1574 4076 laborasset,

310 4114 384 4166 tunc
406 4108 614 4181 medietatem,
637 4125 692 4168 seu
714 4111 884 4168 sessionem
907 4107 1141 4185 jobagionalem
1164 4111 1195 4167 in
1219 4110 1370 4168 suburbio
1394 4108 1475 4168 dicte
1498 4111 1572 4169 civi·

311 4215 391 4287 tatis,
413 4215 469 4274 ubi
492 4231 575 4274 nunc
596 4221 683 4274 ortus
704 4214 784 4274 foret
807 4221 1012 4288 constructus,
1036 4217 1116 4274 inter
1136 4219 1234 4272 metas
1268 4229 1348 4272 nunc
1383 4213 1511 4288 Georgii
1547 4221 1577 4273 et

311 4317 432 4394 Gasper
451 4317 627 4396 juratorum
651 4365 658 4379 .
684 4365 693 4380 .
716 4327 746 4380 et
769 4321 895 4380 domine
918 4361 1141 4383 ........
1158 4325 1336 4378 nostrorum
1353 4321 1528 4379 concivium
1545 4365 1576 4379 ..

311 4427 503 4500 existentem,
527 4427 660 4501 provide
684 4427 810 4486 domine
832 4429 1030 4500 Margaretha
1053 4431 1161 4485 vocate
1185 4431 1259 4484 tunc
1292 4427 1323 4484 in
1358 4431 1462 4484 tenera
1496 4432 1576 4484 etate

312 4532 475 4590 constitute
498 4539 528 4590 et
550 4533 645 4591 Elene
668 4533 796 4592 filiabus
819 4534 883 4591 suis
908 4533 1075 4605 legavisset
1098 4539 1128 4590 et
1150 4531 1303 4591 donasset.
1328 4532 1366 4590 Et
1390 4533 1463 4606 quia
1487 4547 1576 4607 prea-

311 4641 392 4695 tacta
414 4637 519 4710 Elena,
541 4636 644 4714 junior
667 4639 742 4711 iilia,
766 4655 804 4698 ex
827 4639 886 4696 hoc
909 4639 1014 4697 seculo
1038 4638 1163 4696 decessa
1187 4636 1254 4695 lore
1286 4636 1476 4709 videbatur,¹
1496 4631 1577 4718 (nos)

312 4741 416 4817 ipsum
451 4743 581 4802 totalem
616 4751 720 4804 ortum
753 4761 824 4804 curn
859 4746 977 4804 cunctis
1011 4745 1074 4802 suis
1107 4743 1296 4802 utilitatibus
1327 4748 1356 4800 et
1380 4744 1577 4817 pertinenciis

311 4848 465 4907 universis
487 4855 650 4923 prenotate
672 4850 797 4909 domine
818 4851 1014 4924 Margaretha
1037 4855 1155 4922 vocate,
1177 4849 1286 4908 relicte
1318 4849 1406 4924 olym
1436 4850 1578 4923 Vyncen·

309 4957 390 5027 stan,
423 4959 589 5030 nostreque
623 4955 792 5014 concivisse
826 4971 863 5014 ac
893 4955 932 5014 de
954 4971 1011 5014 suo
1034 4971 1192 5028 consensu,
1217 4955 1346 5014 Nicolao
1369 4954 1436 5014 filio
1459 4971 1515 5016 suo
1539 4973 1577 5014 ex

312 5065 458 5121 annotato
481 5061 680 5135 Vyncenstan
704 5068 869 5137 procreato
893 5068 1055 5121 eteorum
1078 5063 1246 5122 heredibus
1268 5063 1432 5122 statuimus
1448 5068 1477 5120 et
1494 5077 1578 5121 com·

1472 5162 1491 5201 s
