3804 5858
382 413 443 488 488
709 410 782 467 Doc.
799 413 875 485 307.
884 403 963 484 368.
988 441 1029 452 -
1052 417 1108 470 An.
1133 422 1226 487 1492.
1243 420 1332 486 1493.

382 641 441 699 que
464 626 568 684 omnia
592 627 623 683 in
646 625 758 683 litteris
781 623 921 682 ciusdem
946 623 1078 682 condam
1102 623 1221 683 domini
1244 625 1342 683 nostri
1366 627 1448 698 regis
1471 626 1555 684 clare
1578 641 1656 684 con·

380 733 522 790 tinentur.
550 731 650 789 Causa
680 733 784 805 itaque
814 731 882 804 ipsa
906 746 978 788 cum
1009 729 1118 787 eodem
1148 729 1328 788 Valenchek
1352 729 1411 789 fuit
1436 737 1519 788 mota
1542 746 1657 790 coram

379 835 489 912 juratis
512 835 668 913 judicibus
702 837 794 894 huius
826 836 968 906 civitatis,
1004 844 1033 892 et
1062 835 1189 893 tandem
1220 851 1258 894 ex
1296 837 1388 894 certis
1411 837 1656 909 gravaminibus

381 959 475 1018 penes
498 944 751 1002 consvetudinem
775 943 909 1000 civitatis
931 957 987 1015 per
1010 941 1142 998 eundem
1166 940 1296 1000 Gallum
1319 942 1359 999 ari
1383 943 1518 1001 seniores
1539 943 1657 1016 appel·

380 1052 452 1123 lata,
477 1050 584 1124 quiin
608 1048 749 1106 favorem
779 1047 920 1105 eiusdem
949 1046 1128 1104 Valenchek
1150 1047 1320 1105 noluerunt
1341 1063 1409 1106 earn
1433 1045 1569 1122 judicare
1594 1049 1655 1106 sed

381 1163 486 1215 contra
509 1153 702 1214 voluntatem
725 1153 864 1212 eiusdem
887 1151 973 1210 Galli
991 1153 1138 1210 miserant
1153 1167 1223 1210 eam
1246 1167 1303 1229 per
1326 1153 1543 1212 arbitrativam
1561 1169 1652 1211 corn·

379 1263 570 1338 posicionem
593 1259 783 1334 sopiendam,
808 1273 903 1332 quam
933 1257 1196 1331 composicionem
1218 1259 1285 1332 ipse
1308 1259 1486 1317 Valenchelr
1517 1259 1653 1317 minime

380 1373 562 1443 prosecutus
596 1371 650 1436 est,
680 1364 734 1422 secl
766 1379 835 1421 eam
866 1362 959 1421 surda
991 1377 1065 1420 aure
1088 1363 1302 1437 pertransivit;
1327 1364 1452 1422 tandem
1475 1371 1649 1438 propterea

379 1475 446 1548 ipse
475 1473 587 1532 Gallus
617 1471 725 1528 habuit
757 1485 917 1527 recursum
951 1468 991 1526 ad
1014 1469 1206 1527 maiestatem
1227 1469 1354 1542 regiam,
1379 1470 1497 1544 fuitque
1520 1471 1652 1530 manda-

380 1585 447 1637 tum
468 1594 524 1653 per
540 1575 678 1648 eandem,
704 1581 798 1650 prout
813 1575 915 1633 littere
937 1573 1074 1634 eiusdem
1091 1577 1257 1647 continent,
1278 1573 1373 1650 judici
1396 1583 1427 1634 et
1448 1574 1557 1652 juratis
1572 1577 1650 1636 civi·

379 1685 448 1754 bus,
472 1689 506 1740 ut
529 1681 672 1740 fecissent
694 1679 845 1756 judicium
869 1687 899 1738 et
912 1678 1067 1756 justiciam
1089 1681 1233 1752 incausa,
1257 1681 1288 1739 in
1311 1681 1539 1740 restitucionem
1564 1681 1651 1741 same

380 1795 410 1848 et
443 1789 569 1848 honoris
604 1787 742 1846 eiusdem
777 1785 862 1844 Galli
896 1787 1086 1859 exponentis,
1121 1793 1151 1844 et
1185 1787 1344 1860 usquead
1369 1803 1494 1861 presens
1521 1794 1648 1862 tempus

379 1895 475 1954 nichil
499 1900 639 1954 secutum
662 1901 708 1952 est
731 1891 878 1950 ineadem
892 1907 991 1964 causa,
1014 1892 1084 1950 ideo
1106 1893 1302 1968 supplicatur
1313 1893 1350 1964 V,
1374 1894 1394 1951 I.
1418 1894 1457 1952 D.
1481 1909 1539 1968 pro
1555 1903 1647 1967 parte

379 2001 516 2060 eiusdem
541 1999 627 2060 Galli
657 1999 807 2057 institoris
829 1998 1000 2071 humiliter,
1024 2004 1175 2072 quatenus
1198 1998 1307 2057 eadem
1330 1999 1474 2072 dignetur
1497 1999 1649 2057 mandare

378 2105 474 2183 judici
504 2112 534 2166 et
563 2105 672 2181 juratis
703 2105 833 2176 civibus,
863 2111 897 2162 ut
926 2102 1014 2180 juxta
1044 2111 1185 2163 contenta
1219 2105 1392 2164 litterarum
1415 2105 1490 2165 dicti
1512 2099 1649 2164 condam

379 2213 494 2272 Mathie
514 2213 595 2286 regis
611 2227 735 2270 causam
751 2211 881 2270 eandem
904 2219 1095 2270 assumerent
1111 2217 1141 2269 et
1158 2211 1375 2271 terminaretur
1391 2218 1497 2270 contra
1512 2211 1649 2270 eundem

379 2317 558 2377 Valenchek
579 2333 675 2391 quarn
698 2318 796 2375 eciam
820 2326 927 2376 contra
951 2317 1071 2375 dictum
1093 2319 1210 2376 Lucam
1234 2318 1402 2392 Rybarych
1426 2318 1567 2376 concives
1591 2319 1648 2376 ha·

379 2425 486 2496 bium,
510 2439 548 2482 ne
563 2424 631 2498 ipse
647 2423 759 2481 Gallus
776 2423 907 2481 ulterius
924 2439 962 2481 ex
978 2422 1105 2482 infamia
1129 2425 1190 2482 sibi
1213 2423 1301 2482 illata
1324 2425 1355 2482 in
1372 2425 1475 2482 animo
1492 2424 1646 2481 turbetur.

484 2559 651 2610 Protocolum
668 2559 789 2610 civitatis.
807 2560 839 2608 In
857 2559 953 2608 archiv.
972 2558 1032 2611 incl.
1053 2559 1136 2610 Acad.
1156 2559 1251 2611 Scient.
1266 2559 1365 2610 Slavor.
1384 2559 1475 2610 merid.
1494 2560 1531 2611 11.
1551 2561 1577 2610 d.
1598 2571 1647 2626 35.

972 2791 1055 2858 367.

484 2942 566 2990 Anno
588 2953 663 3004 1492.

483 3124 633 3182 Gverales
665 3129 832 3182 conventus
857 3124 884 3181 b.
917 3140 946 3182 v.
981 3123 1096 3182 Mariae
1129 3123 1167 3181 de
1199 3127 1412 3197 promontorio
1451 3127 1646 3200 zagrabiensi

378 3246 472 3304 super
495 3231 593 3301 vinea,
623 3229 726 3300 domu,
749 3229 848 3301 hortu,
872 3230 1073 3303 virgultoque
1096 3229 1197 3287 eidem
1221 3231 1329 3289 vineae
1352 3229 1563 3308 adjacentibus
1587 3249 1646 3306 per

376 3335 528 3420 Jacobum
553 3335 630 3392 olim
654 3334 811 3407 Czopocza
834 3331 897 3409 jam
921 3335 1098 3408 profugum,
1116 3338 1275 3408 possessis,
1292 3342 1385 3410 atque
1407 3338 1439 3396 in
1463 3338 1545 3396 dicto
1570 3353 1645 3413 pro·

378 3442 533 3499 montorio
564 3441 763 3499 Remethensi
794 3442 922 3514 situatis,
945 3441 1079 3514 Georgio
1114 3443 1270 3500 altaristae
1301 3458 1372 3501 arae
1404 3459 1426 3502 s.
1456 3444 1576 3502 Nicolai
1612 3446 1645 3503 in

376 3548 504 3606 ecclesia
533 3563 555 3605 s.
587 3547 682 3604 Marci
712 3547 825 3604 montis
856 3546 1016 3606 Grecensis
1046 3554 1172 3618 erectae}
1206 3563 1263 3621 pro
1286 3564 1340 3606 sex
1364 3547 1427 3608 flor.
1450 3550 1539 3608 salvo
1572 3548 1643 3626 jure

376 3658 531 3725 montano,
553 3654 585 3712 in
608 3653 842 3726 quatuordecim
866 3654 1094 3712 wiennensibus
1117 3654 1257 3714 venditis.

483 3788 544 3839 Act.
571 3803 638 3838 mon.
667 3789 788 3839 Remete.
815 3790 875 3840 fasc.
905 3791 956 3840 111.
982 3805 1018 3840 nr.
1041 3802 1081 3853 30.
1109 3791 1142 3838 Iu
1160 3791 1255 3839 archiv.
1276 3807 1347 3855 regn.
1368 3791 1453 3843 Croat.
1474 3791 1541 3842 Slus.
1563 3792 1641 3842 Dalm

953 3969 1038 4034 368.

490 4108 571 4158 Auno
595 4120 669 4170 1493,
690 4119 731 4171 27.
749 4109 869 4172 januarii.
889 4109 987 4158 Budne,

384 4228 560 4294 Vtadt'slaus‚
596 4226 700 4299 Hung.
736 4235 776 4284 etc
799 4245 861 4302 rex,
884 4228 1013 4285 onrtrr'bus
1035 4228 1196 4286 lrommr'bus
1218 4227 1274 4302 qui
1293 4229 1401 4286 tributa
1424 4239 1528 4302 tenent,
1545 4239 1636 4306 prae·

482 4334 551 4406 cepit
571 4351 605 4388 ne
627 4351 646 4387 a
669 4334 776 4390 cr'au'bus
798 4334 1030 4406 aagrabr'ensibus
1052 4335 1188 4392 tributum
1206 4343 1263 4408 pro
1286 4353 1376 4394 merce
1398 4338 1525 4411 exigant.

1065 4491 1232 4540 .C0mmissio
1251 4494 1355 4558 propria
1372 4493 1470 4543 domini
1490 4495 1565 4558 regis.

477 4635 670 4697 Wladislaus
703 4639 754 4697 dei
775 4637 879 4711 gracia
913 4638 1080 4710 Hungarie,
1115 4638 1269 4712 Bohemie‚
1297 4641 1465 4712 Dalmacie,
1501 4641 1637 4713 Croacie‚

371 4742 476 4815 Rame,
501 4742 616 4817 Seruie,
641 4745 781 4817 Gallicie,
804 4744 997 4816 Lodomerie,
1021 4743 1177 4816 Comanie,
1202 4746 1407 4820 Bulgarieque
1430 4763 1494 4817 rex,
1518 4763 1637 4807 necnon

371 4846 469 4908 Slesie
491 4856 521 4908 et
553 4851 831 4928 Lucemburgensis
861 4850 933 4922 dux,
968 4851 1170 4928 marchioque
1205 4853 1344 4914 Morauie
1377 4859 1407 4912 et
1430 4853 1558 4913 Lusacie
1580 4859 1636 4914 etc.
