3828 5822
685 571 760 630 Doc.
778 567 857 648 306.
880 605 923 616 -
946 573 1003 632 An.
1027 583 1106 652 1477

851 939 941 1006 306.

382 1133 463 1184 Anno
487 1085 561 1198 1477,
581 1143 605 1197 7.
622 1132 705 1197 Junil.
723 1130 823 1184 Budae.

265 1313 293 1372 A
314 1313 445 1384 Mathia,
469 1313 650 1388 Hungan'ue
671 1319 718 1370 etc.
742 1330 817 1386 rege,
835 1311 1031 1387 priuilegium,
1053 1330 1109 1388 quo
1128 1313 1321 1386 constituitur,
1337 1315 1368 1372 in
1383 1311 1528 1396 cusarsa-

357 1437 461 1495 dicium
483 1437 558 1496 crues
579 1436 779 1512 zagrabienses
801 1436 903 1494 uocari
922 1437 962 1494 sit
974 1438 1042 1511 fas,
1064 1436 1216 1497 identidem
1237 1438 1437 1502 conamur.

1103 1627 1258 1678 Commissio
1277 1628 1375 1679 domini
1394 1631 1470 1695 regis.

365 1759 497 1816 Mathias
521 1757 570 1816 dei
593 1757 697 1831 gracia
720 1775 776 1818 rex
798 1759 966 1832 Hungarie‚
991 1757 1137 1818 Bohemie
1160 1762 1217 1818 etc.
1237 1757 1398 1816 Fidelibus
1412 1760 1526 1818 nostris

260 1865 433 1923 venerabili
468 1864 613 1922 ladislao
647 1867 807 1940 preposito
837 1865 984 1938 budensi,
1020 1864 1192 1940 personalis
1227 1865 1385 1938 presencie
1420 1873 1524 1924 nostre

257 1969 487 2042 locumtenenti,
508 1973 583 2030 item
607 1972 781 2046 magnificis
804 1973 942 2047 palatino
965 1977 995 2030 et
1011 1970 1106 2048 judici
1121 1971 1205 2028 curie
1221 1976 1333 2043 nostre,
1350 1973 1524 2046 vestrisque
1562 1995 1566 2005 ·

258 2077 290 2134 in
312 2074 451 2152 judicatu
473 2077 557 2135 vices
580 2079 767 2152 gerentibus,
791 2079 925 2138 salutem
948 2085 978 2136 et
1000 2077 1148 2150 graciam.
1172 2075 1346 2150 Exponitur
1368 2079 1522 2136 maiestati

255 2187 361 2241 nostre
391 2185 423 2242 in
451 2185 592 2258 personis
623 2183 765 2242 fidelium
795 2191 974 2242 nostrorum
1003 2181 1116 2259 judicis
1148 2187 1178 2240 et
1200 2179 1371 2257 juratorum
1397 2184 1523 2263 civium,

255 2301 374 2346 necnon
396 2290 496 2347 tocius
519 2289 749 2349 communitatis
770 2289 903 2348 civitatis
926 2295 1031 2348 nostre
1046 2288 1261 2362 zagrabiensis,
1278 2287 1363 2362 quod
1378 2291 1522 2363 quamvis

254 2393 316 2467 ipsi
338 2395 465 2470 antiqua
488 2397 630 2470 ipsorum
653 2395 799 2455 libertate
822 2395 991 2470 perditos
1014 2410 1103 2467 reges
1126 2394 1360 2468 predecessores
1390 2405 1521 2470 nostroe,

253 2505 283 2557 et
306 2501 403 2558 eciam
426 2518 483 2576 per
505 2507 644 2561 nostram
666 2504 861 2561 maiestatem
885 2503 961 2577 ipsis
984 2517 1127 2562 concessa
1150 2502 1335 2575 requirente,
1359 2501 1439 2561 inter
1473 2517 1520 2561 ce

253 2611 319 2664 tera
341 2592 397 2664 illa
429 2609 628 2682 prerogativa
658 2625 782 2684 semper
811 2610 860 2668 usi
893 2609 1015 2681 fuerint,
1038 2614 1073 2666 ut
1094 2607 1200 2666 nullus
1223 2607 1308 2682 ipsos
1332 2608 1384 2665 vel
1408 2623 1518 2667 eorum

252 2713 386 2771 alterum
410 2715 442 2772 in
465 2717 654 2789 presenciam
677 2731 947 2790 quorumcumque
971 2716 1110 2774 iudicum
1133 2715 1165 2772 in
1188 2729 1313 2772 causam
1340 2713 1520 2774 immediate

232 2820 420 2879 convenire
451 2821 558 2894 possit,
588 2822 647 2880 nisi
680 2823 765 2895 prius
789 2822 878 2880 illam
901 2837 1027 2880 causam
1049 2821 1094 2880 ibi
1116 2821 1148 2878 in
1172 2821 1331 2894 presencia
1353 2817 1465 2895 judicis
1489 2826 1519 2878 et

251 2921 426 3000 juratorum
442 2927 610 2994 suscitaret,
627 2933 657 2985 et
673 2943 798 2986 causam
815 2935 932 2986 motam
952 2925 1086 2998 tandem,
1103 2927 1128 2984 si
1144 2924 1260 3002 judicio
1276 2925 1457 2984 eorumdem
1472 2923 1519 3002 ju-

252 3031 328 3089 dicis
344 3037 374 3090 et
387 3030 562 3109 juratorum
573 3035 743 3092 contentari
759 3033 863 3106 nollet,
876 3047 933 3108 per
946 3033 1029 3091 viam
1041 3033 1266 3107 appellacionis
1278 3033 1309 3090 in
1325 3033 1517 3106 presenciam

251 3137 392 3210 magistri
415 3139 666 3197 thavernicorum
687 3146 866 3198 nostrorum
889 3145 942 3197 aut
958 3139 1153 3214 personalem
1168 3144 1306 3197 nostram
1324 3137 1516 3212 presenciam

251 3242 404 3324 deducere
435 3251 546 3317 posset.
578 3245 695 3304 Tamen
724 3261 806 3304 nunc
836 3245 1020 3304 honorabile
1051 3245 1224 3318 capitulum
1255 3244 1384 3302 ecclesie
1406 3257 1533 3316 zagra·.

251 3349 365 3408 biensis
387 3364 449 3407 non
472 3349 637 3408 advertens
659 3351 838 3409 huiusmodi
861 3352 1001 3425 ipsorum
1017 3351 1203 3421 libertatem,
1221 3349 1358 3424 prelatos
1369 3347 1515 3425 judicem,

250 3459 279 3512 et
302 3459 420 3513 ceteros
442 3456 525 3513 cives
548 3457 646 3530 ipsius
670 3457 803 3516 civitatis
825 3465 930 3516 nostre
951 3455 1158 3530 zagrabiensis
1180 3456 1312 3528 racione,
1336 3460 1370 3512 ut
1390 3455 1514 3527 dicitur,

247 3559 498 3634 interempcionis
521 3561 683 3620 cuiusdam
712 3563 856 3636 hominis,
886 3563 975 3621 brevi
1005 3562 1189 3620 evocacione
1213 3559 1376 3635 mediante,
1408 3562 1439 3619 in
1461 3577 1516 3620 no·

248 3673 344 3725 stram
362 3668 558 3740 personalem
574 3667 753 3728 immediate
770 3669 892 3728 evocari
908 3669 1030 3728 iecisset
1045 3669 1238 3744 presenciam
1253 3675 1282 3726 et
1306 3666 1392 3742 ipsos
1408 3673 1515 3726 contra

248 3774 453 3847 prescriptam
477 3789 586 3832 eorum
608 3775 769 3849 antiquam
792 3775 970 3835 libertatem
993 3774 1219 3833 sentencialiter
1251 3773 1418 3847 aggravari
1442 3790 1513 3849 pre·

247 3879 400 3953 tenderet,
433 3880 516 3938 unde
543 3881 755 3957 supplicatum
797 3882 897 3940 extitit
930 3880 1085 3940 maiestati
1118 3887 1223 3940 nostre
1260 3879 1379 3938 eisdem
1419 3896 1513 3955 supe-

246 3985 335 4043 rinde
358 3987 531 4045 remedium
555 3986 698 4045 adhiberi
721 3993 934 4062 opportunum
942 4006 949 4058 ;
966 3995 997 4046 et
1019 3987 1092 4061 quia
1114 4002 1181 4062 nos,
1205 3987 1260 4060 qui
1282 3985 1422 4044 omniurn
1439 3985 1514 4044 ciri-

245 4097 344 4149 tatum
368 4097 546 4150 nostrarum
569 4109 676 4151 curam
699 4094 845 4166 gerimus,
868 4095 1028 4152 nollumus
1048 4095 1133 4168 ipsos
1157 4093 1240 4152 cives
1262 4097 1384 4150 nostros
1406 4098 1514 4150 contra

244 4197 387 4272 ipsorum
410 4199 590 4257 libertatem
611 4215 668 4273 per
691 4201 873 4273 quempiam
903 4199 1132 4273 regnicolarum
1155 4205 1333 4256 nostrorum
1356 4196 1512 4271 impediri,

244 4302 388 4362 fidelitati
409 4311 511 4363 vestre
535 4305 645 4363 harum
670 4306 749 4364 serie
771 4305 904 4364 firmiter
925 4305 1131 4380 precipientes
1147 4303 1341 4375 mandamus,
1360 4309 1512 4377 quatenus

243 4411 430 4483 premissam
453 4425 579 4469 causam
608 4412 688 4471 inter
718 4411 874 4486 prefatum
898 4411 1072 4484 capitulum
1095 4410 1223 4468 ecclesie
1246 4409 1453 4483 zagrabiensis
1476 4416 1506 4467 et

243 4515 328 4590 ipsos
352 4517 436 4574 cives
459 4521 632 4575 vertentem
653 4516 831 4576 adiudicare
854 4525 906 4576 aut
929 4517 1069 4590 aliquam
1091 4515 1279 4574 sentenciam
1295 4522 1402 4573 contra
1424 4516 1510 4590 ipsos

242 4621 325 4680 cives
347 4627 470 4682 nostros
492 4622 594 4682 eidem
617 4623 755 4698 capitulo
778 4623 942 4683 extradere
970 4623 1061 4681 nullo
1091 4622 1187 4680 modo
1217 4623 1447 4696 presummatis.
1477 4619 1511 4680 Si

242 4727 318 4801 quid
339 4733 444 4786 autem
467 4730 572 4803 ipsum
596 4729 769 4802 capitulum
792 4730 823 4788 in
846 4729 950 4788 medio
974 4729 1115 4804 ipsorum
1138 4728 1253 4786 civium
1284 4743 1375 4801 agere
1405 4728 1508 4800 habet,

240 4833 273 4891 id
296 4835 328 4892 in
350 4835 510 4909 presencia
532 4833 643 4912 judicis
666 4841 697 4894 et
718 4833 893 4912 juratorum
915 4836 1013 4911 ipsius
1037 4835 1171 4894 civitatis
1193 4840 1298 4892 nostre
1313 4833 1423 4893 ordine
1438 4848 1510 4908 pre·

238 4946 364 4998 narrato
379 4945 595 5015 prosequatur,
611 4941 748 5016 exceptis
766 4947 870 5000 tamen
885 4942 986 5000 causis
1002 4941 1119 5000 iactum
1135 4940 1365 5015 possessionum
1381 4943 1508 5012 tangen-

239 5047 331 5121 tibus,
354 5047 403 5107 cui
425 5047 521 5107 iidem
535 5047 631 5125 judex
654 5053 684 5108 et
705 5046 800 5126 jurati
822 5048 973 5108 iudicium
996 5053 1026 5106 et
1048 5047 1202 5105 iusticiam
1225 5045 1507 5118 amministrabunt,
