<?xml version="1.0" encoding="UTF-8"?>
<!DOCTYPE html PUBLIC "-//W3C//DTD XHTML 1.0 Transitional//EN"
    "http://www.w3.org/TR/xhtml1/DTD/xhtml1-transitional.dtd">
<html xmlns="http://www.w3.org/1999/xhtml" xml:lang="en" lang="en">
 <head>
  <title>
</title>
<meta http-equiv="Content-Type" content="text/html;charset=utf-8" />
  <meta name='ocr-system' content='tesseract 3.04.00' />
  <meta name='ocr-capabilities' content='ocr_page ocr_carea ocr_par ocr_line ocrx_word'/>
</head>
<body>
  <div class='ocr_page' id='page_1' title='image "./monumentahistor20laszgoog_0583.png"; bbox 0 0 3828 5822; ppageno 0'>
   <div class='ocr_carea' id='block_1_1' title="bbox 360 549 1192 630">
    <p class='ocr_par' dir='ltr' id='par_1_1' title="bbox 360 549 1192 630">
     <span class='ocr_line' id='line_1_1' title="bbox 360 549 1192 630; baseline -0.008 -14"><span class='ocrx_word' id='word_1_1' title='bbox 360 557 421 630; x_wconf 80' lang='lat'><strong>326</strong></span> <span class='ocrx_word' id='word_1_2' title='bbox 762 553 834 612; x_wconf 85' lang='lat' dir='ltr'><strong>Doc.</strong></span> <span class='ocrx_word' id='word_1_3' title='bbox 858 549 930 630; x_wconf 78' lang='lat'><em>264.</em></span> <span class='ocrx_word' id='word_1_4' title='bbox 955 586 994 596; x_wconf 90' lang='lat'><em>-</em></span> <span class='ocrx_word' id='word_1_5' title='bbox 1019 553 1076 610; x_wconf 83' lang='lat' dir='ltr'><strong>An.</strong></span> <span class='ocrx_word' id='word_1_6' title='bbox 1099 551 1192 628; x_wconf 74' lang='lat'><em>1469.</em></span> 
     </span>
    </p>
   </div>
   <div class='ocr_carea' id='block_1_2' title="bbox 290 765 1623 5078">
    <p class='ocr_par' dir='ltr' id='par_1_2' title="bbox 290 765 1623 5078">
     <span class='ocr_line' id='line_1_2' title="bbox 357 765 1623 843; baseline -0.005 -15"><span class='ocrx_word' id='word_1_7' title='bbox 357 778 496 829; x_wconf 90' lang='lat' dir='ltr'><strong>nostram</strong></span> <span class='ocrx_word' id='word_1_8' title='bbox 528 771 568 826; x_wconf 90' lang='lat' dir='ltr'><strong>ab</strong></span> <span class='ocrx_word' id='word_1_9' title='bbox 592 784 652 827; x_wconf 90' lang='lat' dir='ltr'><strong>nna</strong></span> <span class='ocrx_word' id='word_1_10' title='bbox 675 775 705 826; x_wconf 88' lang='lat' dir='ltr'><strong>et</strong></span> <span class='ocrx_word' id='word_1_11' title='bbox 734 769 818 843; x_wconf 91' lang='lat' dir='ltr'><strong>ipsos</strong></span> <span class='ocrx_word' id='word_1_12' title='bbox 841 767 984 834; x_wconf 83' lang='lat' dir='ltr'><strong>dominos</strong></span> <span class='ocrx_word' id='word_1_13' title='bbox 1006 767 1169 824; x_wconf 90' lang='lat' dir='ltr'><strong>canonicos</strong></span> <span class='ocrx_word' id='word_1_14' title='bbox 1192 766 1230 824; x_wconf 91' lang='lat' dir='ltr'><strong>de</strong></span> <span class='ocrx_word' id='word_1_15' title='bbox 1253 765 1335 824; x_wconf 91' lang='lat' dir='ltr'><strong>dicto</strong></span> <span class='ocrx_word' id='word_1_16' title='bbox 1359 766 1496 840; x_wconf 89' lang='lat' dir='ltr'><strong>capitulo</strong></span> <span class='ocrx_word' id='word_1_17' title='bbox 1519 779 1623 836; x_wconf 87' lang='lat' dir='ltr'><strong>zagra-</strong></span> 
     </span>
     <span class='ocr_line' id='line_1_3' title="bbox 358 869 1622 949; baseline -0.006 -14"><span class='ocrx_word' id='word_1_18' title='bbox 358 877 458 935; x_wconf 90' lang='lat' dir='ltr'><strong>biensi</strong></span> <span class='ocrx_word' id='word_1_19' title='bbox 488 879 576 949; x_wconf 86' lang='lat' dir='ltr'><strong>parte</strong></span> <span class='ocrx_word' id='word_1_20' title='bbox 607 875 647 932; x_wconf 88' lang='lat' dir='ltr'><strong>ab</strong></span> <span class='ocrx_word' id='word_1_21' title='bbox 677 875 777 932; x_wconf 88' lang='lat' dir='ltr'><strong>altera</strong></span> <span class='ocrx_word' id='word_1_22' title='bbox 807 874 848 931; x_wconf 88' lang='lat' dir='ltr'><strong>ab</strong></span> <span class='ocrx_word' id='word_1_23' title='bbox 879 873 956 932; x_wconf 92' lang='lat' dir='ltr'><strong>oiim</strong></span> <span class='ocrx_word' id='word_1_24' title='bbox 980 877 1010 931; x_wconf 89' lang='lat' dir='ltr'><strong>et</strong></span> <span class='ocrx_word' id='word_1_25' title='bbox 1033 871 1153 930; x_wconf 93' lang='lat' dir='ltr'><strong>dudum</strong></span> <span class='ocrx_word' id='word_1_26' title='bbox 1177 878 1241 929; x_wconf 88' lang='lat' dir='ltr'><strong>tam</strong></span> <span class='ocrx_word' id='word_1_27' title='bbox 1267 878 1410 946; x_wconf 85' lang='lat' dir='ltr'><strong>pretextu</strong></span> <span class='ocrx_word' id='word_1_28' title='bbox 1430 869 1622 947; x_wconf 90' lang='lat' dir='ltr'><strong>injuriarum,</strong></span> 
     </span>
     <span class='ocr_line' id='line_1_4' title="bbox 359 977 1622 1054; baseline -0.006 -14"><span class='ocrx_word' id='word_1_29' title='bbox 359 981 577 1054; x_wconf 88' lang='lat' dir='ltr'><strong>dampnorum,</strong></span> <span class='ocrx_word' id='word_1_30' title='bbox 600 984 865 1048; x_wconf 86' lang='lat' dir='ltr'><strong>nocumentorum,</strong></span> <span class='ocrx_word' id='word_1_31' title='bbox 889 979 1037 1050; x_wconf 85' lang='lat' dir='ltr'><strong>rixarum,</strong></span> <span class='ocrx_word' id='word_1_32' title='bbox 1068 979 1364 1048; x_wconf 85' lang='lat' dir='ltr'><strong>controversionum,</strong></span> <span class='ocrx_word' id='word_1_33' title='bbox 1388 977 1622 1045; x_wconf 84' lang='lat' dir='ltr'>dissensionum,</span> 
     </span>
     <span class='ocr_line' id='line_1_5' title="bbox 357 1083 1621 1157; baseline -0.006 -11"><span class='ocrx_word' id='word_1_34' title='bbox 357 1101 475 1147; x_wconf 84' lang='lat' dir='ltr'><strong>necnon</strong></span> <span class='ocrx_word' id='word_1_35' title='bbox 498 1085 756 1156; x_wconf 87' lang='lat' dir='ltr'><strong>differenciarum‚</strong></span> <span class='ocrx_word' id='word_1_36' title='bbox 780 1086 1037 1157; x_wconf 85' lang='lat' dir='ltr'><strong>ryzaniarumque</strong></span> <span class='ocrx_word' id='word_1_37' title='bbox 1060 1084 1206 1141; x_wconf 89' lang='lat' dir='ltr'><strong>hactenus</strong></span> <span class='ocrx_word' id='word_1_38' title='bbox 1229 1089 1258 1140; x_wconf 92' lang='lat' dir='ltr'><strong>et</strong></span> <span class='ocrx_word' id='word_1_39' title='bbox 1282 1099 1379 1157; x_wconf 92' lang='lat' dir='ltr'><strong>usque</strong></span> <span class='ocrx_word' id='word_1_40' title='bbox 1402 1083 1441 1140; x_wconf 92' lang='lat' dir='ltr'><strong>ad</strong></span> <span class='ocrx_word' id='word_1_41' title='bbox 1465 1083 1521 1139; x_wconf 91' lang='lat' dir='ltr'><strong>hec</strong></span> <span class='ocrx_word' id='word_1_42' title='bbox 1544 1090 1621 1139; x_wconf 91' lang='lat' dir='ltr'><strong>tem·</strong></span> 
     </span>
     <span class='ocr_line' id='line_1_6' title="bbox 290 1186 1621 1268; baseline -0.005 -18"><span class='ocrx_word' id='word_1_43' title='bbox 290 1261 294 1268; x_wconf 23' lang='lat'>⁸</span> <span class='ocrx_word' id='word_1_44' title='bbox 358 1207 436 1266; x_wconf 87' lang='lat' dir='ltr'><strong>pora</strong></span> <span class='ocrx_word' id='word_1_45' title='bbox 465 1191 757 1266; x_wconf 87' lang='lat' dir='ltr'><strong>quomodocumque</strong></span> <span class='ocrx_word' id='word_1_46' title='bbox 786 1197 817 1248; x_wconf 93' lang='lat' dir='ltr'><strong>et</strong></span> <span class='ocrx_word' id='word_1_47' title='bbox 847 1191 1115 1263; x_wconf 78' lang='lat' dir='ltr'><strong>qualitercumque</strong></span> <span class='ocrx_word' id='word_1_48' title='bbox 1146 1197 1176 1247; x_wconf 93' lang='lat' dir='ltr'><strong>et</strong></span> <span class='ocrx_word' id='word_1_49' title='bbox 1199 1205 1255 1262; x_wconf 88' lang='lat' dir='ltr'><strong>per</strong></span> <span class='ocrx_word' id='word_1_50' title='bbox 1278 1203 1507 1262; x_wconf 90' lang='lat' dir='ltr'><strong>quemcumque</strong></span> <span class='ocrx_word' id='word_1_51' title='bbox 1527 1189 1559 1245; x_wconf 92' lang='lat' dir='ltr'><strong>in</strong></span> <span class='ocrx_word' id='word_1_52' title='bbox 1582 1186 1621 1244; x_wconf 92' lang='lat' dir='ltr'><strong>ad</strong></span> 
     </span>
     <span class='ocr_line' id='line_1_7' title="bbox 358 1293 1620 1369; baseline -0.005 -13"><span class='ocrx_word' id='word_1_53' title='bbox 358 1297 520 1367; x_wconf 80' lang='lat' dir='ltr'><strong>factarum,</strong></span> <span class='ocrx_word' id='word_1_54' title='bbox 544 1297 705 1355; x_wconf 91' lang='lat' dir='ltr'><strong>illatarum</strong></span> <span class='ocrx_word' id='word_1_55' title='bbox 727 1303 757 1353; x_wconf 90' lang='lat' dir='ltr'><strong>et</strong></span> <span class='ocrx_word' id='word_1_56' title='bbox 779 1301 981 1369; x_wconf 88' lang='lat' dir='ltr'><strong>patratarum,</strong></span> <span class='ocrx_word' id='word_1_57' title='bbox 1006 1294 1095 1353; x_wconf 86' lang='lat' dir='ltr'><strong>factis</strong></span> <span class='ocrx_word' id='word_1_58' title='bbox 1118 1310 1243 1368; x_wconf 92' lang='lat' dir='ltr'><strong>quoque</strong></span> <span class='ocrx_word' id='word_1_59' title='bbox 1266 1293 1472 1368; x_wconf 90' lang='lat' dir='ltr'><strong>potenciariis,</strong></span> <span class='ocrx_word' id='word_1_60' title='bbox 1488 1293 1620 1366; x_wconf 91' lang='lat' dir='ltr'><strong>aliisque</strong></span> 
     </span>
     <span class='ocr_line' id='line_1_8' title="bbox 357 1399 1622 1476; baseline -0.002 -16"><span class='ocrx_word' id='word_1_61' title='bbox 357 1403 519 1476; x_wconf 85' lang='lat' dir='ltr'><strong>quibusvis</strong></span> <span class='ocrx_word' id='word_1_62' title='bbox 535 1403 691 1460; x_wconf 90' lang='lat' dir='ltr'><strong>malorum</strong></span> <span class='ocrx_word' id='word_1_63' title='bbox 708 1403 874 1474; x_wconf 88' lang='lat' dir='ltr'><strong>generibus</strong></span> <span class='ocrx_word' id='word_1_64' title='bbox 897 1416 954 1476; x_wconf 90' lang='lat' dir='ltr'><strong>per</strong></span> <span class='ocrx_word' id='word_1_65' title='bbox 977 1401 1103 1458; x_wconf 90' lang='lat' dir='ltr'><strong>eosdem</strong></span> <span class='ocrx_word' id='word_1_66' title='bbox 1127 1400 1270 1458; x_wconf 92' lang='lat' dir='ltr'><strong>dominos</strong></span> <span class='ocrx_word' id='word_1_67' title='bbox 1293 1399 1455 1457; x_wconf 90' lang='lat' dir='ltr'><strong>canonicos</strong></span> <span class='ocrx_word' id='word_1_68' title='bbox 1476 1399 1514 1458; x_wconf 88' lang='lat' dir='ltr'><strong>de</strong></span> <span class='ocrx_word' id='word_1_69' title='bbox 1537 1400 1622 1473; x_wconf 89' lang='lat' dir='ltr'><strong>capi·</strong></span> 
     </span>
     <span class='ocr_line' id='line_1_9' title="bbox 358 1497 1621 1580; baseline -0.003 -14"><span class='ocrx_word' id='word_1_70' title='bbox 358 1509 426 1566; x_wconf 91' lang='lat' dir='ltr'><strong>tulo</strong></span> <span class='ocrx_word' id='word_1_71' title='bbox 448 1509 640 1580; x_wconf 89' lang='lat' dir='ltr'><strong>zagrabiensi</strong></span> <span class='ocrx_word' id='word_1_72' title='bbox 669 1522 706 1565; x_wconf 93' lang='lat' dir='ltr'><strong>ac</strong></span> <span class='ocrx_word' id='word_1_73' title='bbox 728 1507 767 1564; x_wconf 92' lang='lat' dir='ltr'><strong>ad</strong></span> <span class='ocrx_word' id='word_1_74' title='bbox 792 1497 877 1580; x_wconf 90' lang='lat' dir='ltr'><strong>ipsos</strong></span> <span class='ocrx_word' id='word_1_75' title='bbox 900 1507 1087 1580; x_wconf 81' lang='lat' dir='ltr'><strong>pertinentes</strong></span> <span class='ocrx_word' id='word_1_76' title='bbox 1112 1507 1202 1564; x_wconf 90' lang='lat' dir='ltr'><strong>nobis</strong></span> <span class='ocrx_word' id='word_1_77' title='bbox 1225 1514 1256 1564; x_wconf 90' lang='lat' dir='ltr'><strong>et</strong></span> <span class='ocrx_word' id='word_1_78' title='bbox 1279 1505 1360 1564; x_wconf 90' lang='lat' dir='ltr'><strong>dicte</strong></span> <span class='ocrx_word' id='word_1_79' title='bbox 1383 1505 1500 1563; x_wconf 91' lang='lat' dir='ltr'><strong>civitati</strong></span> <span class='ocrx_word' id='word_1_80' title='bbox 1524 1521 1621 1579; x_wconf 91' lang='lat' dir='ltr'><strong>usque</strong></span> 
     </span>
     <span class='ocr_line' id='line_1_10' title="bbox 355 1611 1622 1686; baseline -0.003 -14"><span class='ocrx_word' id='word_1_81' title='bbox 355 1614 388 1672; x_wconf 89' lang='lat' dir='ltr'><strong>in</strong></span> <span class='ocrx_word' id='word_1_82' title='bbox 419 1615 605 1672; x_wconf 90' lang='lat' dir='ltr'><strong>hodiernum</strong></span> <span class='ocrx_word' id='word_1_83' title='bbox 636 1612 720 1671; x_wconf 88' lang='lat' dir='ltr'><strong>diem</strong></span> <span class='ocrx_word' id='word_1_84' title='bbox 752 1612 960 1686; x_wconf 83' lang='lat' dir='ltr'><strong>quovismodo</strong></span> <span class='ocrx_word' id='word_1_85' title='bbox 990 1612 1088 1670; x_wconf 90' lang='lat' dir='ltr'><strong>illatis</strong></span> <span class='ocrx_word' id='word_1_86' title='bbox 1119 1618 1149 1670; x_wconf 92' lang='lat' dir='ltr'><strong>et</strong></span> <span class='ocrx_word' id='word_1_87' title='bbox 1179 1612 1324 1684; x_wconf 86' lang='lat' dir='ltr'><strong>irrogatis</strong></span> <span class='ocrx_word' id='word_1_88' title='bbox 1353 1619 1383 1669; x_wconf 88' lang='lat' dir='ltr'><strong>et</strong></span> <span class='ocrx_word' id='word_1_89' title='bbox 1412 1611 1570 1683; x_wconf 85' lang='lat' dir='ltr'><strong>signanter</strong></span> <span class='ocrx_word' id='word_1_90' title='bbox 1590 1612 1622 1668; x_wconf 89' lang='lat' dir='ltr'><strong>in</strong></span> 
     </span>
     <span class='ocr_line' id='line_1_11' title="bbox 356 1713 1622 1790; baseline -0.002 -13"><span class='ocrx_word' id='word_1_91' title='bbox 356 1718 437 1778; x_wconf 83' lang='lat' dir='ltr'><strong>facto</strong></span> <span class='ocrx_word' id='word_1_92' title='bbox 467 1719 798 1778; x_wconf 81' lang='lat' dir='ltr'><strong>excommunicacionis</strong></span> <span class='ocrx_word' id='word_1_93' title='bbox 828 1719 990 1776; x_wconf 90' lang='lat' dir='ltr'><strong>cuiusdam</strong></span> <span class='ocrx_word' id='word_1_94' title='bbox 1017 1719 1179 1786; x_wconf 87' lang='lat' dir='ltr'><strong>sentencie,</strong></span> <span class='ocrx_word' id='word_1_95' title='bbox 1210 1718 1287 1776; x_wconf 90' lang='lat' dir='ltr'><strong>olim</strong></span> <span class='ocrx_word' id='word_1_96' title='bbox 1318 1733 1375 1790; x_wconf 91' lang='lat' dir='ltr'><strong>per</strong></span> <span class='ocrx_word' id='word_1_97' title='bbox 1406 1716 1539 1774; x_wconf 90' lang='lat' dir='ltr'><strong>condam</strong></span> <span class='ocrx_word' id='word_1_98' title='bbox 1568 1713 1622 1775; x_wconf 91' lang='lat' dir='ltr'><strong>do·</strong></span> 
     </span>
     <span class='ocr_line' id='line_1_12' title="bbox 355 1823 1620 1908; baseline -0.002 -25"><span class='ocrx_word' id='word_1_99' title='bbox 355 1825 475 1883; x_wconf 89' lang='lat' dir='ltr'><strong>minum</strong></span> <span class='ocrx_word' id='word_1_100' title='bbox 504 1826 677 1908; x_wconf 90' lang='lat' dir='ltr'><strong>Johannem</strong></span> <span class='ocrx_word' id='word_1_101' title='bbox 711 1825 894 1899; x_wconf 91' lang='lat' dir='ltr'><strong>episcopum</strong></span> <span class='ocrx_word' id='word_1_102' title='bbox 926 1825 1159 1897; x_wconf 90' lang='lat' dir='ltr'><strong>zagrabiensem</strong></span> <span class='ocrx_word' id='word_1_103' title='bbox 1190 1839 1249 1898; x_wconf 89' lang='lat' dir='ltr'><strong>pro</strong></span> <span class='ocrx_word' id='word_1_104' title='bbox 1280 1833 1369 1898; x_wconf 89' lang='lat' dir='ltr'><strong>parte</strong></span> <span class='ocrx_word' id='word_1_105' title='bbox 1391 1829 1422 1880; x_wconf 92' lang='lat' dir='ltr'><strong>et</strong></span> <span class='ocrx_word' id='word_1_106' title='bbox 1444 1823 1483 1880; x_wconf 92' lang='lat' dir='ltr'><strong>ad</strong></span> <span class='ocrx_word' id='word_1_107' title='bbox 1507 1824 1620 1881; x_wconf 90' lang='lat' dir='ltr'><strong>instan-</strong></span> 
     </span>
     <span class='ocr_line' id='line_1_13' title="bbox 356 1928 1621 2005; baseline -0.002 -17"><span class='ocrx_word' id='word_1_108' title='bbox 356 1931 436 1988; x_wconf 88' lang='lat' dir='ltr'><strong>ciam</strong></span> <span class='ocrx_word' id='word_1_109' title='bbox 466 1931 564 2005; x_wconf 91' lang='lat' dir='ltr'><strong>ipsius</strong></span> <span class='ocrx_word' id='word_1_110' title='bbox 596 1931 725 2004; x_wconf 92' lang='lat' dir='ltr'><strong>capituli</strong></span> <span class='ocrx_word' id='word_1_111' title='bbox 759 1931 964 2002; x_wconf 88' lang='lat' dir='ltr'><strong>zagrabiensis</strong></span> <span class='ocrx_word' id='word_1_112' title='bbox 994 1937 1100 1987; x_wconf 90' lang='lat' dir='ltr'><strong>contra</strong></span> <span class='ocrx_word' id='word_1_113' title='bbox 1127 1945 1184 1988; x_wconf 92' lang='lat' dir='ltr'><strong>nos</strong></span> <span class='ocrx_word' id='word_1_114' title='bbox 1215 1929 1247 1988; x_wconf 95' lang='lat' dir='ltr'><strong>in</strong></span> <span class='ocrx_word' id='word_1_115' title='bbox 1269 1944 1304 1987; x_wconf 89' lang='lat' dir='ltr'><strong>eo</strong></span> <span class='ocrx_word' id='word_1_116' title='bbox 1339 1928 1484 1987; x_wconf 91' lang='lat' dir='ltr'><strong>videlicet</strong></span> <span class='ocrx_word' id='word_1_117' title='bbox 1506 1929 1569 1986; x_wconf 91' lang='lat' dir='ltr'><strong>late</strong></span> <span class='ocrx_word' id='word_1_118' title='bbox 1591 1935 1621 1986; x_wconf 94' lang='lat' dir='ltr'><strong>et</strong></span> 
     </span>
     <span class='ocr_line' id='line_1_14' title="bbox 355 2034 1621 2116; baseline -0.001 -23"><span class='ocrx_word' id='word_1_119' title='bbox 355 2034 526 2108; x_wconf 84' lang='lat' dir='ltr'><strong>fulminate,</strong></span> <span class='ocrx_word' id='word_1_120' title='bbox 551 2043 585 2094; x_wconf 93' lang='lat' dir='ltr'><strong>ut</strong></span> <span class='ocrx_word' id='word_1_121' title='bbox 599 2035 658 2095; x_wconf 87' lang='lat' dir='ltr'><strong>filii</strong></span> <span class='ocrx_word' id='word_1_122' title='bbox 680 2038 778 2094; x_wconf 88' lang='lat' dir='ltr'><strong>nostri</strong></span> <span class='ocrx_word' id='word_1_123' title='bbox 803 2051 901 2110; x_wconf 90' lang='lat' dir='ltr'><strong>usque</strong></span> <span class='ocrx_word' id='word_1_124' title='bbox 917 2042 1061 2109; x_wconf 88' lang='lat' dir='ltr'><strong>quartam</strong></span> <span class='ocrx_word' id='word_1_125' title='bbox 1076 2037 1309 2108; x_wconf 84' lang='lat' dir='ltr'><strong>generacionem</strong></span> <span class='ocrx_word' id='word_1_126' title='bbox 1325 2035 1365 2093; x_wconf 92' lang='lat' dir='ltr'><strong>ad</strong></span> <span class='ocrx_word' id='word_1_127' title='bbox 1386 2036 1491 2116; x_wconf 81' lang='lat' dir='ltr'><strong>nullos</strong></span> <span class='ocrx_word' id='word_1_128' title='bbox 1504 2035 1621 2109; x_wconf 87' lang='lat' dir='ltr'><strong>gradus</strong></span> 
     </span>
     <span class='ocr_line' id='line_1_15' title="bbox 355 2140 1620 2216; baseline -0.001 -16"><span class='ocrx_word' id='word_1_129' title='bbox 355 2156 391 2200; x_wconf 89' lang='lat' dir='ltr'><strong>ac</strong></span> <span class='ocrx_word' id='word_1_130' title='bbox 413 2141 545 2216; x_wconf 89' lang='lat' dir='ltr'><strong>ordines,</strong></span> <span class='ocrx_word' id='word_1_131' title='bbox 570 2142 779 2216; x_wconf 89' lang='lat' dir='ltr'><strong>beneficiaque</strong></span> <span class='ocrx_word' id='word_1_132' title='bbox 802 2147 832 2200; x_wconf 92' lang='lat' dir='ltr'><strong>et</strong></span> <span class='ocrx_word' id='word_1_133' title='bbox 854 2140 947 2200; x_wconf 84' lang='lat' dir='ltr'><strong>leuda</strong></span> <span class='ocrx_word' id='word_1_134' title='bbox 970 2143 1111 2216; x_wconf 91' lang='lat' dir='ltr'><strong>ipsorum</strong></span> <span class='ocrx_word' id='word_1_135' title='bbox 1133 2143 1164 2200; x_wconf 89' lang='lat' dir='ltr'><strong>in</strong></span> <span class='ocrx_word' id='word_1_136' title='bbox 1191 2140 1294 2199; x_wconf 89' lang='lat' dir='ltr'><strong>medio</strong></span> <span class='ocrx_word' id='word_1_137' title='bbox 1311 2143 1490 2214; x_wconf 91' lang='lat' dir='ltr'><strong>promoveri</strong></span> <span class='ocrx_word' id='word_1_138' title='bbox 1513 2149 1543 2199; x_wconf 90' lang='lat' dir='ltr'><strong>et</strong></span> <span class='ocrx_word' id='word_1_139' title='bbox 1565 2157 1620 2216; x_wconf 92' lang='lat' dir='ltr'><strong>op·</strong></span> 
     </span>
     <span class='ocr_line' id='line_1_16' title="bbox 355 2247 1619 2320; baseline 0 -16"><span class='ocrx_word' id='word_1_140' title='bbox 355 2248 452 2306; x_wconf 90' lang='lat' dir='ltr'><strong>tinere</strong></span> <span class='ocrx_word' id='word_1_141' title='bbox 481 2263 544 2306; x_wconf 91' lang='lat' dir='ltr'><strong>non</strong></span> <span class='ocrx_word' id='word_1_142' title='bbox 574 2249 745 2320; x_wconf 90' lang='lat' dir='ltr'><strong>potuissent</strong></span> <span class='ocrx_word' id='word_1_143' title='bbox 775 2263 830 2305; x_wconf 88' lang='lat' dir='ltr'><strong>nec</strong></span> <span class='ocrx_word' id='word_1_144' title='bbox 860 2247 1039 2319; x_wconf 90' lang='lat' dir='ltr'><strong>valuissent,</strong></span> <span class='ocrx_word' id='word_1_145' title='bbox 1069 2247 1142 2318; x_wconf 93' lang='lat' dir='ltr'><strong>litis,</strong></span> <span class='ocrx_word' id='word_1_146' title='bbox 1166 2247 1364 2306; x_wconf 87' lang='lat' dir='ltr'><strong>dissensionis</strong></span> <span class='ocrx_word' id='word_1_147' title='bbox 1389 2254 1419 2305; x_wconf 91' lang='lat' dir='ltr'><strong>et</strong></span> <span class='ocrx_word' id='word_1_148' title='bbox 1441 2255 1619 2305; x_wconf 89' lang='lat' dir='ltr'><strong>controver-</strong></span> 
     </span>
     <span class='ocr_line' id='line_1_17' title="bbox 353 2352 1614 2427; baseline 0.001 -17"><span class='ocrx_word' id='word_1_149' title='bbox 353 2353 448 2412; x_wconf 90' lang='lat' dir='ltr'><strong>sionis</strong></span> <span class='ocrx_word' id='word_1_150' title='bbox 477 2355 625 2427; x_wconf 90' lang='lat' dir='ltr'><strong>materie,</strong></span> <span class='ocrx_word' id='word_1_151' title='bbox 655 2354 833 2427; x_wconf 90' lang='lat' dir='ltr'><strong>invidieque</strong></span> <span class='ocrx_word' id='word_1_152' title='bbox 862 2352 986 2412; x_wconf 84' lang='lat' dir='ltr'><strong>fomites</strong></span> <span class='ocrx_word' id='word_1_153' title='bbox 1019 2361 1049 2411; x_wconf 90' lang='lat' dir='ltr'><strong>et</strong></span> <span class='ocrx_word' id='word_1_154' title='bbox 1076 2354 1213 2411; x_wconf 89' lang='lat' dir='ltr'><strong>rancoris</strong></span> <span class='ocrx_word' id='word_1_155' title='bbox 1246 2353 1369 2412; x_wconf 89' lang='lat' dir='ltr'><strong>malicie</strong></span> <span class='ocrx_word' id='word_1_156' title='bbox 1395 2361 1503 2412; x_wconf 85' lang='lat' dir='ltr'><strong>exorte</strong></span> <span class='ocrx_word' id='word_1_157' title='bbox 1537 2352 1614 2422; x_wconf 71' lang='lat' dir='ltr'><strong>fuis,-</strong></span> 
     </span>
     <span class='ocr_line' id='line_1_18' title="bbox 354 2459 1615 2532; baseline -0.002 -14"><span class='ocrx_word' id='word_1_158' title='bbox 354 2466 421 2518; x_wconf 88' lang='lat' dir='ltr'><strong>sent</strong></span> <span class='ocrx_word' id='word_1_159' title='bbox 443 2474 479 2518; x_wconf 91' lang='lat' dir='ltr'><strong>ac</strong></span> <span class='ocrx_word' id='word_1_160' title='bbox 502 2459 621 2518; x_wconf 90' lang='lat' dir='ltr'><strong>diucius</strong></span> <span class='ocrx_word' id='word_1_161' title='bbox 643 2460 791 2518; x_wconf 88' lang='lat' dir='ltr'><strong>ventilate</strong></span> <span class='ocrx_word' id='word_1_162' title='bbox 814 2465 844 2517; x_wconf 89' lang='lat' dir='ltr'><strong>et</strong></span> <span class='ocrx_word' id='word_1_163' title='bbox 866 2465 1023 2532; x_wconf 88' lang='lat' dir='ltr'><strong>protracte</strong></span> <span class='ocrx_word' id='word_1_164' title='bbox 1045 2459 1222 2518; x_wconf 86' lang='lat' dir='ltr'><strong>extitissent.</strong></span> <span class='ocrx_word' id='word_1_165' title='bbox 1248 2459 1365 2518; x_wconf 85' lang='lat' dir='ltr'><strong>Tamen</strong></span> <span class='ocrx_word' id='word_1_166' title='bbox 1388 2474 1444 2517; x_wconf 92' lang='lat' dir='ltr'><strong>nos</strong></span> <span class='ocrx_word' id='word_1_167' title='bbox 1467 2475 1539 2517; x_wconf 92' lang='lat' dir='ltr'><strong>cum</strong></span> <span class='ocrx_word' id='word_1_168' title='bbox 1563 2459 1615 2517; x_wconf 87' lang='lat' dir='ltr'><strong>eis·</strong></span> 
     </span>
     <span class='ocr_line' id='line_1_19' title="bbox 355 2563 1620 2640; baseline 0.002 -19"><span class='ocrx_word' id='word_1_169' title='bbox 355 2563 428 2622; x_wconf 93' lang='lat' dir='ltr'><strong>dem</strong></span> <span class='ocrx_word' id='word_1_170' title='bbox 450 2565 584 2623; x_wconf 90' lang='lat' dir='ltr'><strong>dominis</strong></span> <span class='ocrx_word' id='word_1_171' title='bbox 614 2567 767 2624; x_wconf 88' lang='lat' dir='ltr'><strong>canonicis</strong></span> <span class='ocrx_word' id='word_1_172' title='bbox 798 2565 837 2624; x_wconf 91' lang='lat' dir='ltr'><strong>de</strong></span> <span class='ocrx_word' id='word_1_173' title='bbox 867 2565 950 2624; x_wconf 90' lang='lat' dir='ltr'><strong>dicto</strong></span> <span class='ocrx_word' id='word_1_174' title='bbox 981 2566 1119 2640; x_wconf 90' lang='lat' dir='ltr'><strong>capitulo</strong></span> <span class='ocrx_word' id='word_1_175' title='bbox 1142 2566 1336 2638; x_wconf 88' lang='lat' dir='ltr'><strong>zagrabiensi</strong></span> <span class='ocrx_word' id='word_1_176' title='bbox 1359 2566 1508 2637; x_wconf 91' lang='lat' dir='ltr'><strong>volentes,</strong></span> <span class='ocrx_word' id='word_1_177' title='bbox 1533 2565 1620 2639; x_wconf 92' lang='lat' dir='ltr'><strong>cupi·</strong></span> 
     </span>
     <span class='ocr_line' id='line_1_20' title="bbox 354 2671 1618 2746; baseline 0 -19"><span class='ocrx_word' id='word_1_178' title='bbox 354 2677 500 2744; x_wconf 90' lang='lat' dir='ltr'><strong>entesque</strong></span> <span class='ocrx_word' id='word_1_179' title='bbox 522 2677 552 2730; x_wconf 94' lang='lat' dir='ltr'><strong>et</strong></span> <span class='ocrx_word' id='word_1_180' title='bbox 567 2672 693 2731; x_wconf 90' lang='lat' dir='ltr'><strong>omnino</strong></span> <span class='ocrx_word' id='word_1_181' title='bbox 709 2672 917 2731; x_wconf 88' lang='lat' dir='ltr'><strong>desiderantes</strong></span> <span class='ocrx_word' id='word_1_182' title='bbox 940 2672 1054 2730; x_wconf 90' lang='lat' dir='ltr'><strong>amodo</strong></span> <span class='ocrx_word' id='word_1_183' title='bbox 1076 2671 1221 2745; x_wconf 89' lang='lat' dir='ltr'><strong>deinceps</strong></span> <span class='ocrx_word' id='word_1_184' title='bbox 1243 2687 1279 2730; x_wconf 93' lang='lat' dir='ltr'><strong>ac</strong></span> <span class='ocrx_word' id='word_1_185' title='bbox 1302 2673 1509 2746; x_wconf 90' lang='lat' dir='ltr'><strong>imposterum</strong></span> <span class='ocrx_word' id='word_1_186' title='bbox 1532 2671 1618 2745; x_wconf 88' lang='lat' dir='ltr'><strong>pacis</strong></span> 
     </span>
     <span class='ocr_line' id='line_1_21' title="bbox 354 2775 1617 2852; baseline 0 -18"><span class='ocrx_word' id='word_1_187' title='bbox 354 2781 385 2834; x_wconf 92' lang='lat' dir='ltr'><strong>et</strong></span> <span class='ocrx_word' id='word_1_188' title='bbox 400 2777 574 2836; x_wconf 87' lang='lat' dir='ltr'><strong>amenitatis</strong></span> <span class='ocrx_word' id='word_1_189' title='bbox 590 2778 830 2852; x_wconf 87' lang='lat' dir='ltr'><strong>pulchritudine,</strong></span> <span class='ocrx_word' id='word_1_190' title='bbox 845 2792 964 2836; x_wconf 88' lang='lat' dir='ltr'><strong>necnon</strong></span> <span class='ocrx_word' id='word_1_191' title='bbox 980 2777 1191 2850; x_wconf 88' lang='lat' dir='ltr'><strong>tranquilitate</strong></span> <span class='ocrx_word' id='word_1_192' title='bbox 1207 2776 1277 2848; x_wconf 86' lang='lat' dir='ltr'><strong>frui,</strong></span> <span class='ocrx_word' id='word_1_193' title='bbox 1301 2777 1404 2850; x_wconf 92' lang='lat' dir='ltr'><strong>potiri,</strong></span> <span class='ocrx_word' id='word_1_194' title='bbox 1421 2775 1617 2850; x_wconf 90' lang='lat' dir='ltr'><strong>gaudereque</strong></span> 
     </span>
     <span class='ocr_line' id='line_1_22' title="bbox 354 2881 1618 2958; baseline 0 -18"><span class='ocrx_word' id='word_1_195' title='bbox 354 2887 384 2940; x_wconf 92' lang='lat' dir='ltr'><strong>et</strong></span> <span class='ocrx_word' id='word_1_196' title='bbox 406 2897 597 2956; x_wconf 90' lang='lat' dir='ltr'><strong>permanere,</strong></span> <span class='ocrx_word' id='word_1_197' title='bbox 620 2885 724 2943; x_wconf 90' lang='lat' dir='ltr'><strong>omnia</strong></span> <span class='ocrx_word' id='word_1_198' title='bbox 748 2885 899 2958; x_wconf 89' lang='lat' dir='ltr'><strong>premissa</strong></span> <span class='ocrx_word' id='word_1_199' title='bbox 915 2884 946 2942; x_wconf 91' lang='lat' dir='ltr'><strong>in</strong></span> <span class='ocrx_word' id='word_1_200' title='bbox 959 2883 1145 2942; x_wconf 91' lang='lat' dir='ltr'><strong>alterutrum</strong></span> <span class='ocrx_word' id='word_1_201' title='bbox 1169 2891 1276 2940; x_wconf 91' lang='lat' dir='ltr'><strong>mutua</strong></span> <span class='ocrx_word' id='word_1_202' title='bbox 1299 2881 1510 2940; x_wconf 89' lang='lat' dir='ltr'><strong>vicissitudine</strong></span> <span class='ocrx_word' id='word_1_203' title='bbox 1526 2881 1618 2955; x_wconf 81' lang='lat' dir='ltr'><strong>facta,</strong></span> 
     </span>
     <span class='ocr_line' id='line_1_23' title="bbox 354 2967 1620 3064; baseline 0.002 -19"><span class='ocrx_word' id='word_1_204' title='bbox 354 2993 486 3062; x_wconf 90' lang='lat' dir='ltr'><strong>patrata,</strong></span> <span class='ocrx_word' id='word_1_205' title='bbox 508 2990 735 3063; x_wconf 90' lang='lat' dir='ltr'><strong>commissaque</strong></span> <span class='ocrx_word' id='word_1_206' title='bbox 757 2996 787 3047; x_wconf 90' lang='lat' dir='ltr'><strong>et</strong></span> <span class='ocrx_word' id='word_1_207' title='bbox 809 2995 916 3047; x_wconf 86' lang='lat' dir='ltr'><strong>exorta</strong></span> <span class='ocrx_word' id='word_1_208' title='bbox 939 2967 1075 3062; x_wconf 81' lang='lat' dir='ltr'><strong>dampna</strong></span> <span class='ocrx_word' id='word_1_209' title='bbox 1090 2985 1212 3064; x_wconf 86' lang='lat' dir='ltr'><strong>juribus</strong></span> <span class='ocrx_word' id='word_1_210' title='bbox 1235 2989 1348 3046; x_wconf 91' lang='lat' dir='ltr'><strong>nostris</strong></span> <span class='ocrx_word' id='word_1_211' title='bbox 1372 2989 1620 3062; x_wconf 85' lang='lat' dir='ltr'><strong>possessionariis</strong></span> 
     </span>
     <span class='ocr_line' id='line_1_24' title="bbox 354 3093 1618 3168; baseline 0.001 -16"><span class='ocrx_word' id='word_1_212' title='bbox 354 3093 532 3152; x_wconf 83' lang='lat' dir='ltr'><strong>sedavimus</strong></span> <span class='ocrx_word' id='word_1_213' title='bbox 563 3101 593 3152; x_wconf 90' lang='lat' dir='ltr'><strong>et</strong></span> <span class='ocrx_word' id='word_1_214' title='bbox 624 3095 807 3168; x_wconf 71' lang='lat' dir='ltr'><strong>sopivimus</strong></span> <span class='ocrx_word' id='word_1_215' title='bbox 838 3109 874 3152; x_wconf 89' lang='lat' dir='ltr'><strong>ac</strong></span> <span class='ocrx_word' id='word_1_216' title='bbox 905 3094 943 3152; x_wconf 92' lang='lat' dir='ltr'><strong>de</strong></span> <span class='ocrx_word' id='word_1_217' title='bbox 975 3100 1005 3152; x_wconf 91' lang='lat' dir='ltr'><strong>et</strong></span> <span class='ocrx_word' id='word_1_218' title='bbox 1028 3109 1122 3168; x_wconf 90' lang='lat' dir='ltr'><strong>super</strong></span> <span class='ocrx_word' id='word_1_219' title='bbox 1144 3094 1284 3152; x_wconf 89' lang='lat' dir='ltr'><strong>articulis</strong></span> <span class='ocrx_word' id='word_1_220' title='bbox 1307 3109 1343 3152; x_wconf 92' lang='lat' dir='ltr'><strong>ac</strong></span> <span class='ocrx_word' id='word_1_221' title='bbox 1365 3094 1515 3153; x_wconf 90' lang='lat' dir='ltr'><strong>clausulis</strong></span> <span class='ocrx_word' id='word_1_222' title='bbox 1538 3094 1618 3153; x_wconf 85' lang='lat' dir='ltr'><strong>inira</strong></span> 
     </span>
     <span class='ocr_line' id='line_1_25' title="bbox 354 3199 1618 3274; baseline 0.002 -16"><span class='ocrx_word' id='word_1_223' title='bbox 354 3199 549 3258; x_wconf 89' lang='lat' dir='ltr'><strong>declarandis</strong></span> <span class='ocrx_word' id='word_1_224' title='bbox 574 3207 605 3258; x_wconf 91' lang='lat' dir='ltr'><strong>et</strong></span> <span class='ocrx_word' id='word_1_225' title='bbox 627 3200 725 3259; x_wconf 91' lang='lat' dir='ltr'><strong>lacius</strong></span> <span class='ocrx_word' id='word_1_226' title='bbox 747 3200 932 3274; x_wconf 89' lang='lat' dir='ltr'><strong>specificatis</strong></span> <span class='ocrx_word' id='word_1_227' title='bbox 955 3199 1134 3258; x_wconf 91' lang='lat' dir='ltr'><strong>huiusmodi</strong></span> <span class='ocrx_word' id='word_1_228' title='bbox 1157 3215 1267 3274; x_wconf 89' lang='lat' dir='ltr'><strong>pacem</strong></span> <span class='ocrx_word' id='word_1_229' title='bbox 1291 3205 1321 3258; x_wconf 86' lang='lat' dir='ltr'><strong>et</strong></span> <span class='ocrx_word' id='word_1_230' title='bbox 1342 3201 1470 3258; x_wconf 87' lang='lat' dir='ltr'><strong>firmam</strong></span> <span class='ocrx_word' id='word_1_231' title='bbox 1493 3215 1618 3260; x_wconf 91' lang='lat' dir='ltr'><strong>concor·</strong></span> 
     </span>
     <span class='ocr_line' id='line_1_26' title="bbox 353 3305 1618 3380; baseline 0.002 -18"><span class='ocrx_word' id='word_1_232' title='bbox 353 3305 438 3363; x_wconf 91' lang='lat' dir='ltr'><strong>diam</strong></span> <span class='ocrx_word' id='word_1_233' title='bbox 461 3321 533 3364; x_wconf 90' lang='lat' dir='ltr'><strong>cum</strong></span> <span class='ocrx_word' id='word_1_234' title='bbox 556 3307 633 3380; x_wconf 89' lang='lat' dir='ltr'><strong>ipsis</strong></span> <span class='ocrx_word' id='word_1_235' title='bbox 650 3305 784 3364; x_wconf 89' lang='lat' dir='ltr'><strong>dominis</strong></span> <span class='ocrx_word' id='word_1_236' title='bbox 808 3305 846 3363; x_wconf 92' lang='lat' dir='ltr'><strong>de</strong></span> <span class='ocrx_word' id='word_1_237' title='bbox 870 3305 952 3363; x_wconf 93' lang='lat' dir='ltr'><strong>dicto</strong></span> <span class='ocrx_word' id='word_1_238' title='bbox 976 3306 1117 3379; x_wconf 89' lang='lat' dir='ltr'><strong>capitulo</strong></span> <span class='ocrx_word' id='word_1_239' title='bbox 1140 3305 1333 3378; x_wconf 88' lang='lat' dir='ltr'><strong>zagrabiensi</strong></span> <span class='ocrx_word' id='word_1_240' title='bbox 1356 3315 1504 3380; x_wconf 89' lang='lat' dir='ltr'><strong>perpetue</strong></span> <span class='ocrx_word' id='word_1_241' title='bbox 1527 3307 1618 3366; x_wconf 86' lang='lat' dir='ltr'><strong>duva-</strong></span> 
     </span>
     <span class='ocr_line' id='line_1_27' title="bbox 352 3411 1618 3487; baseline 0.002 -19"><span class='ocrx_word' id='word_1_242' title='bbox 352 3417 455 3470; x_wconf 90' lang='lat' dir='ltr'><strong>turam</strong></span> <span class='ocrx_word' id='word_1_243' title='bbox 477 3411 648 3470; x_wconf 81' lang='lat' dir='ltr'><strong>immunius</strong></span> <span class='ocrx_word' id='word_1_244' title='bbox 670 3411 800 3470; x_wconf 86' lang='lat' dir='ltr'><strong>fecimus</strong></span> <span class='ocrx_word' id='word_1_245' title='bbox 823 3418 854 3469; x_wconf 93' lang='lat' dir='ltr'><strong>et</strong></span> <span class='ocrx_word' id='word_1_246' title='bbox 876 3411 1103 3470; x_wconf 87' lang='lat' dir='ltr'><strong>stabilivimus:</strong></span> <span class='ocrx_word' id='word_1_247' title='bbox 1127 3412 1204 3470; x_wconf 90' lang='lat' dir='ltr'><strong>Item</strong></span> <span class='ocrx_word' id='word_1_248' title='bbox 1229 3412 1342 3485; x_wconf 89' lang='lat' dir='ltr'><strong>primo,</strong></span> <span class='ocrx_word' id='word_1_249' title='bbox 1366 3411 1451 3486; x_wconf 89' lang='lat' dir='ltr'><strong>quod</strong></span> <span class='ocrx_word' id='word_1_250' title='bbox 1466 3413 1527 3487; x_wconf 94' lang='lat' dir='ltr'><strong>ipsi</strong></span> <span class='ocrx_word' id='word_1_251' title='bbox 1564 3412 1618 3471; x_wconf 90' lang='lat' dir='ltr'><strong>do·</strong></span> 
     </span>
     <span class='ocr_line' id='line_1_28' title="bbox 352 3516 1617 3592; baseline 0 -15"><span class='ocrx_word' id='word_1_252' title='bbox 352 3518 430 3577; x_wconf 88' lang='lat' dir='ltr'><strong>mini</strong></span> <span class='ocrx_word' id='word_1_253' title='bbox 459 3516 498 3576; x_wconf 94' lang='lat' dir='ltr'><strong>de</strong></span> <span class='ocrx_word' id='word_1_254' title='bbox 530 3516 612 3576; x_wconf 92' lang='lat' dir='ltr'><strong>dicto</strong></span> <span class='ocrx_word' id='word_1_255' title='bbox 643 3519 782 3592; x_wconf 91' lang='lat' dir='ltr'><strong>capitulo</strong></span> <span class='ocrx_word' id='word_1_256' title='bbox 814 3518 1013 3591; x_wconf 88' lang='lat' dir='ltr'><strong>zagrabiensi,</strong></span> <span class='ocrx_word' id='word_1_257' title='bbox 1045 3519 1248 3592; x_wconf 89' lang='lat' dir='ltr'><strong>ipsorumque</strong></span> <span class='ocrx_word' id='word_1_258' title='bbox 1282 3518 1438 3576; x_wconf 89' lang='lat' dir='ltr'><strong>tributarii</strong></span> <span class='ocrx_word' id='word_1_259' title='bbox 1460 3534 1519 3592; x_wconf 94' lang='lat' dir='ltr'><strong>pro</strong></span> <span class='ocrx_word' id='word_1_260' title='bbox 1542 3525 1617 3578; x_wconf 88' lang='lat' dir='ltr'><strong>tem·</strong></span> 
     </span>
     <span class='ocr_line' id='line_1_29' title="bbox 352 3621 1619 3696; baseline 0.003 -16"><span class='ocrx_word' id='word_1_261' title='bbox 352 3637 430 3696; x_wconf 90' lang='lat' dir='ltr'><strong>pore</strong></span> <span class='ocrx_word' id='word_1_262' title='bbox 460 3638 517 3695; x_wconf 93' lang='lat' dir='ltr'><strong>per</strong></span> <span class='ocrx_word' id='word_1_263' title='bbox 546 3621 671 3680; x_wconf 88' lang='lat' dir='ltr'><strong>eosdem</strong></span> <span class='ocrx_word' id='word_1_264' title='bbox 703 3624 868 3694; x_wconf 88' lang='lat' dir='ltr'><strong>constituti,</strong></span> <span class='ocrx_word' id='word_1_265' title='bbox 898 3623 1052 3682; x_wconf 89' lang='lat' dir='ltr'><strong>tributum</strong></span> <span class='ocrx_word' id='word_1_266' title='bbox 1082 3624 1113 3681; x_wconf 89' lang='lat' dir='ltr'><strong>in</strong></span> <span class='ocrx_word' id='word_1_267' title='bbox 1144 3622 1213 3681; x_wconf 83' lang='lat' dir='ltr'><strong>foro</strong></span> <span class='ocrx_word' id='word_1_268' title='bbox 1244 3623 1370 3682; x_wconf 89' lang='lat' dir='ltr'><strong>annuali</strong></span> <span class='ocrx_word' id='word_1_269' title='bbox 1399 3639 1453 3682; x_wconf 90' lang='lat' dir='ltr'><strong>seu</strong></span> <span class='ocrx_word' id='word_1_270' title='bbox 1474 3624 1619 3684; x_wconf 91' lang='lat' dir='ltr'><strong>nundinis</strong></span> 
     </span>
     <span class='ocr_line' id='line_1_30' title="bbox 353 3727 1619 3805; baseline 0.004 -20"><span class='ocrx_word' id='word_1_271' title='bbox 353 3728 386 3786; x_wconf 87' lang='lat' dir='ltr'><strong>iu</strong></span> <span class='ocrx_word' id='word_1_272' title='bbox 417 3727 496 3786; x_wconf 87' lang='lat' dir='ltr'><strong>festo</strong></span> <span class='ocrx_word' id='word_1_273' title='bbox 533 3729 630 3787; x_wconf 90' lang='lat' dir='ltr'><strong>sancti</strong></span> <span class='ocrx_word' id='word_1_274' title='bbox 653 3729 748 3787; x_wconf 87' lang='lat' dir='ltr'><strong>Marci</strong></span> <span class='ocrx_word' id='word_1_275' title='bbox 783 3729 983 3802; x_wconf 86' lang='lat' dir='ltr'><strong>ewangeliste</strong></span> <span class='ocrx_word' id='word_1_276' title='bbox 1017 3743 1052 3786; x_wconf 90' lang='lat' dir='ltr'><strong>ac</strong></span> <span class='ocrx_word' id='word_1_277' title='bbox 1086 3729 1155 3787; x_wconf 92' lang='lat' dir='ltr'><strong>aliis</strong></span> <span class='ocrx_word' id='word_1_278' title='bbox 1189 3728 1300 3786; x_wconf 89' lang='lat' dir='ltr'><strong>diebus</strong></span> <span class='ocrx_word' id='word_1_279' title='bbox 1333 3735 1403 3788; x_wconf 92' lang='lat' dir='ltr'><strong>ante</strong></span> <span class='ocrx_word' id='word_1_280' title='bbox 1426 3737 1457 3788; x_wconf 93' lang='lat' dir='ltr'><strong>et</strong></span> <span class='ocrx_word' id='word_1_281' title='bbox 1480 3739 1551 3805; x_wconf 91' lang='lat' dir='ltr'><strong>post</strong></span> <span class='ocrx_word' id='word_1_282' title='bbox 1573 3747 1619 3790; x_wconf 89' lang='lat' dir='ltr'><strong>se·</strong></span> 
     </span>
     <span class='ocr_line' id='line_1_31' title="bbox 353 3833 1617 3910; baseline 0.002 -19"><span class='ocrx_word' id='word_1_283' title='bbox 353 3834 528 3908; x_wconf 91' lang='lat' dir='ltr'><strong>quentibus,</strong></span> <span class='ocrx_word' id='word_1_284' title='bbox 552 3841 681 3908; x_wconf 85' lang='lat' dir='ltr'><strong>excepta</strong></span> <span class='ocrx_word' id='word_1_285' title='bbox 696 3833 857 3893; x_wconf 84' lang='lat' dir='ltr'><strong>dumtaxat</strong></span> <span class='ocrx_word' id='word_1_286' title='bbox 880 3841 1026 3892; x_wconf 89' lang='lat' dir='ltr'><strong>consveta</strong></span> <span class='ocrx_word' id='word_1_287' title='bbox 1049 3835 1195 3908; x_wconf 91' lang='lat' dir='ltr'><strong>porcione</strong></span> <span class='ocrx_word' id='word_1_288' title='bbox 1219 3833 1359 3892; x_wconf 91' lang='lat' dir='ltr'><strong>eiusdem</strong></span> <span class='ocrx_word' id='word_1_289' title='bbox 1381 3835 1503 3907; x_wconf 87' lang='lat' dir='ltr'><strong>tributi,</strong></span> <span class='ocrx_word' id='word_1_290' title='bbox 1519 3837 1617 3910; x_wconf 91' lang='lat' dir='ltr'><strong>vulgo</strong></span> 
     </span>
     <span class='ocr_line' id='line_1_32' title="bbox 352 3939 1618 4016; baseline 0.004 -19"><span class='ocrx_word' id='word_1_291' title='bbox 352 3939 550 4014; x_wconf 86' lang='lat' dir='ltr'><strong>fylarschyna</strong></span> <span class='ocrx_word' id='word_1_292' title='bbox 581 3948 699 4012; x_wconf 88' lang='lat' dir='ltr'><strong>vocata,</strong></span> <span class='ocrx_word' id='word_1_293' title='bbox 729 3941 820 3999; x_wconf 91' lang='lat' dir='ltr'><strong>nobis</strong></span> <span class='ocrx_word' id='word_1_294' title='bbox 852 3946 881 3998; x_wconf 89' lang='lat' dir='ltr'><strong>et</strong></span> <span class='ocrx_word' id='word_1_295' title='bbox 912 3939 992 3998; x_wconf 90' lang='lat' dir='ltr'><strong>dicte</strong></span> <span class='ocrx_word' id='word_1_296' title='bbox 1023 3941 1141 3998; x_wconf 91' lang='lat' dir='ltr'><strong>civitati</strong></span> <span class='ocrx_word' id='word_1_297' title='bbox 1173 3941 1374 4014; x_wconf 91' lang='lat' dir='ltr'><strong>proveniente</strong></span> <span class='ocrx_word' id='word_1_298' title='bbox 1405 3948 1437 4000; x_wconf 91' lang='lat' dir='ltr'><strong>et</strong></span> <span class='ocrx_word' id='word_1_299' title='bbox 1458 3949 1618 4016; x_wconf 90' lang='lat' dir='ltr'><strong>spectante</strong></span> 
     </span>
     <span class='ocr_line' id='line_1_33' title="bbox 352 4047 1618 4122; baseline 0.003 -19"><span class='ocrx_word' id='word_1_300' title='bbox 352 4061 476 4120; x_wconf 90' lang='lat' dir='ltr'><strong>semper</strong></span> <span class='ocrx_word' id='word_1_301' title='bbox 498 4047 586 4104; x_wconf 90' lang='lat' dir='ltr'><strong>salva</strong></span> <span class='ocrx_word' id='word_1_302' title='bbox 608 4053 795 4118; x_wconf 91' lang='lat' dir='ltr'><strong>remanente,</strong></span> <span class='ocrx_word' id='word_1_303' title='bbox 827 4047 975 4121; x_wconf 90' lang='lat' dir='ltr'><strong>recipere,</strong></span> <span class='ocrx_word' id='word_1_304' title='bbox 1005 4054 1190 4120; x_wconf 86' lang='lat' dir='ltr'><strong>extorquere</strong></span> <span class='ocrx_word' id='word_1_305' title='bbox 1221 4051 1252 4105; x_wconf 87' lang='lat' dir='ltr'><strong>et</strong></span> <span class='ocrx_word' id='word_1_306' title='bbox 1274 4047 1398 4120; x_wconf 84' lang='lat' dir='ltr'><strong>exigere</strong></span> <span class='ocrx_word' id='word_1_307' title='bbox 1420 4053 1566 4122; x_wconf 91' lang='lat' dir='ltr'><strong>poterunt</strong></span> <span class='ocrx_word' id='word_1_308' title='bbox 1588 4057 1618 4107; x_wconf 92' lang='lat' dir='ltr'><strong>et</strong></span> 
     </span>
     <span class='ocr_line' id='line_1_34' title="bbox 353 4151 1618 4227; baseline 0.003 -19"><span class='ocrx_word' id='word_1_309' title='bbox 353 4152 509 4210; x_wconf 87' lang='lat' dir='ltr'><strong>valebunt</strong></span> <span class='ocrx_word' id='word_1_310' title='bbox 539 4152 627 4224; x_wconf 88' lang='lat' dir='ltr'><strong>Item,</strong></span> <span class='ocrx_word' id='word_1_311' title='bbox 659 4152 742 4227; x_wconf 92' lang='lat' dir='ltr'><strong>qnod</strong></span> <span class='ocrx_word' id='word_1_312' title='bbox 771 4153 898 4211; x_wconf 90' lang='lat' dir='ltr'><strong>antelati</strong></span> <span class='ocrx_word' id='word_1_313' title='bbox 924 4152 1042 4210; x_wconf 91' lang='lat' dir='ltr'><strong>domini</strong></span> <span class='ocrx_word' id='word_1_314' title='bbox 1073 4151 1112 4210; x_wconf 91' lang='lat' dir='ltr'><strong>de</strong></span> <span class='ocrx_word' id='word_1_315' title='bbox 1143 4151 1225 4210; x_wconf 92' lang='lat' dir='ltr'><strong>dicto</strong></span> <span class='ocrx_word' id='word_1_316' title='bbox 1256 4152 1393 4226; x_wconf 86' lang='lat' dir='ltr'><strong>capitulo</strong></span> <span class='ocrx_word' id='word_1_317' title='bbox 1428 4153 1618 4225; x_wconf 89' lang='lat' dir='ltr'><strong>zagrabiensi</strong></span> 
     </span>
     <span class='ocr_line' id='line_1_35' title="bbox 352 4257 1617 4333; baseline 0.003 -19"><span class='ocrx_word' id='word_1_318' title='bbox 352 4258 555 4332; x_wconf 89' lang='lat' dir='ltr'><strong>ipsorumque</strong></span> <span class='ocrx_word' id='word_1_319' title='bbox 584 4259 741 4318; x_wconf 92' lang='lat' dir='ltr'><strong>tributarii</strong></span> <span class='ocrx_word' id='word_1_320' title='bbox 764 4257 802 4316; x_wconf 89' lang='lat' dir='ltr'><strong>de</strong></span> <span class='ocrx_word' id='word_1_321' title='bbox 826 4260 970 4317; x_wconf 90' lang='lat' dir='ltr'><strong>curribus</strong></span> <span class='ocrx_word' id='word_1_322' title='bbox 991 4265 1022 4317; x_wconf 92' lang='lat' dir='ltr'><strong>et</strong></span> <span class='ocrx_word' id='word_1_323' title='bbox 1044 4260 1132 4332; x_wconf 90' lang='lat' dir='ltr'><strong>equis</strong></span> <span class='ocrx_word' id='word_1_324' title='bbox 1155 4275 1213 4333; x_wconf 92' lang='lat' dir='ltr'><strong>per</strong></span> <span class='ocrx_word' id='word_1_325' title='bbox 1235 4261 1319 4317; x_wconf 91' lang='lat' dir='ltr'><strong>cives</strong></span> <span class='ocrx_word' id='word_1_326' title='bbox 1341 4263 1372 4318; x_wconf 88' lang='lat' dir='ltr'><strong>et</strong></span> <span class='ocrx_word' id='word_1_327' title='bbox 1395 4259 1617 4319; x_wconf 88' lang='lat' dir='ltr'><strong>inhabitatores</strong></span> 
     </span>
     <span class='ocr_line' id='line_1_36' title="bbox 354 4365 1617 4440; baseline 0.002 -17"><span class='ocrx_word' id='word_1_328' title='bbox 354 4365 434 4424; x_wconf 89' lang='lat' dir='ltr'><strong>dicte</strong></span> <span class='ocrx_word' id='word_1_329' title='bbox 463 4365 597 4423; x_wconf 89' lang='lat' dir='ltr'><strong>civitatis</strong></span> <span class='ocrx_word' id='word_1_330' title='bbox 630 4367 671 4424; x_wconf 90' lang='lat' dir='ltr'><strong>ab</strong></span> <span class='ocrx_word' id='word_1_331' title='bbox 708 4367 821 4425; x_wconf 87' lang='lat' dir='ltr'><strong>exteris</strong></span> <span class='ocrx_word' id='word_1_332' title='bbox 851 4367 994 4440; x_wconf 87' lang='lat' dir='ltr'><strong>partibus</strong></span> <span class='ocrx_word' id='word_1_333' title='bbox 1025 4366 1190 4440; x_wconf 88' lang='lat' dir='ltr'><strong>apreciatis</strong></span> <span class='ocrx_word' id='word_1_334' title='bbox 1220 4375 1250 4424; x_wconf 93' lang='lat' dir='ltr'><strong>et</strong></span> <span class='ocrx_word' id='word_1_335' title='bbox 1273 4366 1312 4424; x_wconf 93' lang='lat' dir='ltr'><strong>ad</strong></span> <span class='ocrx_word' id='word_1_336' title='bbox 1335 4366 1438 4440; x_wconf 90' lang='lat' dir='ltr'><strong>ipsam</strong></span> <span class='ocrx_word' id='word_1_337' title='bbox 1460 4365 1617 4425; x_wconf 89' lang='lat' dir='ltr'><strong>civitatem</strong></span> 
     </span>
     <span class='ocr_line' id='line_1_37' title="bbox 352 4470 1617 4545; baseline -0.002 -15"><span class='ocrx_word' id='word_1_338' title='bbox 352 4487 402 4530; x_wconf 88' lang='lat' dir='ltr'><strong>res</strong></span> <span class='ocrx_word' id='word_1_339' title='bbox 435 4477 466 4530; x_wconf 89' lang='lat' dir='ltr'><strong>et</strong></span> <span class='ocrx_word' id='word_1_340' title='bbox 498 4473 581 4530; x_wconf 89' lang='lat' dir='ltr'><strong>bona</strong></span> <span class='ocrx_word' id='word_1_341' title='bbox 616 4488 672 4545; x_wconf 89' lang='lat' dir='ltr'><strong>per</strong></span> <span class='ocrx_word' id='word_1_342' title='bbox 705 4487 761 4530; x_wconf 90' lang='lat' dir='ltr'><strong>nos</strong></span> <span class='ocrx_word' id='word_1_343' title='bbox 797 4472 849 4530; x_wconf 93' lang='lat' dir='ltr'><strong>vel</strong></span> <span class='ocrx_word' id='word_1_344' title='bbox 884 4472 1019 4530; x_wconf 91' lang='lat' dir='ltr'><strong>alterum</strong></span> <span class='ocrx_word' id='word_1_345' title='bbox 1051 4477 1195 4530; x_wconf 87' lang='lat' dir='ltr'><strong>nostrum</strong></span> <span class='ocrx_word' id='word_1_346' title='bbox 1229 4478 1425 4545; x_wconf 87' lang='lat' dir='ltr'><strong>comparatas</strong></span> <span class='ocrx_word' id='word_1_347' title='bbox 1456 4477 1487 4528; x_wconf 92' lang='lat' dir='ltr'><strong>et</strong></span> <span class='ocrx_word' id='word_1_348' title='bbox 1520 4470 1617 4528; x_wconf 89' lang='lat' dir='ltr'><strong>addu-</strong></span> 
     </span>
     <span class='ocr_line' id='line_1_38' title="bbox 353 4575 1616 4650; baseline -0.001 -15"><span class='ocrx_word' id='word_1_349' title='bbox 353 4577 475 4649; x_wconf 87' lang='lat' dir='ltr'><strong>cendas,</strong></span> <span class='ocrx_word' id='word_1_350' title='bbox 506 4577 631 4636; x_wconf 91' lang='lat' dir='ltr'><strong>nullum</strong></span> <span class='ocrx_word' id='word_1_351' title='bbox 663 4579 825 4650; x_wconf 90' lang='lat' dir='ltr'><strong>tributum,</strong></span> <span class='ocrx_word' id='word_1_352' title='bbox 854 4577 1016 4636; x_wconf 89' lang='lat' dir='ltr'><strong>nullamve</strong></span> <span class='ocrx_word' id='word_1_353' title='bbox 1047 4578 1244 4636; x_wconf 89' lang='lat' dir='ltr'><strong>tributariam</strong></span> <span class='ocrx_word' id='word_1_354' title='bbox 1275 4577 1470 4635; x_wconf 86' lang='lat' dir='ltr'><strong>exaccionem</strong></span> <span class='ocrx_word' id='word_1_355' title='bbox 1492 4575 1616 4649; x_wconf 89' lang='lat' dir='ltr'><strong>habere,</strong></span> 
     </span>
     <span class='ocr_line' id='line_1_39' title="bbox 352 4681 1617 4760; baseline -0.001 -18"><span class='ocrx_word' id='word_1_356' title='bbox 352 4684 537 4758; x_wconf 86' lang='lat' dir='ltr'><strong>exigereque</strong></span> <span class='ocrx_word' id='word_1_357' title='bbox 559 4689 589 4743; x_wconf 93' lang='lat' dir='ltr'><strong>et</strong></span> <span class='ocrx_word' id='word_1_358' title='bbox 611 4685 749 4760; x_wconf 91' lang='lat' dir='ltr'><strong>recipere</strong></span> <span class='ocrx_word' id='word_1_359' title='bbox 773 4700 833 4742; x_wconf 92' lang='lat' dir='ltr'><strong>non</strong></span> <span class='ocrx_word' id='word_1_360' title='bbox 856 4689 1001 4759; x_wconf 91' lang='lat' dir='ltr'><strong>poterunt</strong></span> <span class='ocrx_word' id='word_1_361' title='bbox 1023 4699 1079 4742; x_wconf 91' lang='lat' dir='ltr'><strong>nec</strong></span> <span class='ocrx_word' id='word_1_362' title='bbox 1102 4683 1252 4742; x_wconf 90' lang='lat' dir='ltr'><strong>valebunt</strong></span> <span class='ocrx_word' id='word_1_363' title='bbox 1275 4681 1370 4741; x_wconf 92' lang='lat' dir='ltr'><strong>modo</strong></span> <span class='ocrx_word' id='word_1_364' title='bbox 1385 4681 1525 4757; x_wconf 84' lang='lat' dir='ltr'><strong>aliquali</strong></span> <span class='ocrx_word' id='word_1_365' title='bbox 1548 4683 1617 4741; x_wconf 91' lang='lat' dir='ltr'><strong>Hoc</strong></span> 
     </span>
     <span class='ocr_line' id='line_1_40' title="bbox 353 4775 1616 4864; baseline -0.002 -17"><span class='ocrx_word' id='word_1_366' title='bbox 353 4791 453 4848; x_wconf 90' lang='lat' dir='ltr'><strong>eciam</strong></span> <span class='ocrx_word' id='word_1_367' title='bbox 476 4790 560 4850; x_wconf 91' lang='lat' dir='ltr'><strong>clare</strong></span> <span class='ocrx_word' id='word_1_368' title='bbox 590 4789 756 4862; x_wconf 91' lang='lat' dir='ltr'><strong>declarato,</strong></span> <span class='ocrx_word' id='word_1_369' title='bbox 781 4775 865 4863; x_wconf 92' lang='lat' dir='ltr'><strong>quod</strong></span> <span class='ocrx_word' id='word_1_370' title='bbox 888 4790 914 4849; x_wconf 92' lang='lat' dir='ltr'><strong>si</strong></span> <span class='ocrx_word' id='word_1_371' title='bbox 943 4790 1004 4864; x_wconf 92' lang='lat' dir='ltr'><strong>ipsi</strong></span> <span class='ocrx_word' id='word_1_372' title='bbox 1034 4789 1154 4848; x_wconf 91' lang='lat' dir='ltr'><strong>domini</strong></span> <span class='ocrx_word' id='word_1_373' title='bbox 1183 4788 1222 4846; x_wconf 93' lang='lat' dir='ltr'><strong>de</strong></span> <span class='ocrx_word' id='word_1_374' title='bbox 1245 4788 1328 4847; x_wconf 92' lang='lat' dir='ltr'><strong>dicto</strong></span> <span class='ocrx_word' id='word_1_375' title='bbox 1351 4787 1489 4862; x_wconf 89' lang='lat' dir='ltr'><strong>capitulo</strong></span> <span class='ocrx_word' id='word_1_376' title='bbox 1511 4803 1616 4862; x_wconf 82' lang='lat' dir='ltr'><strong>zagra-</strong></span> 
     </span>
     <span class='ocr_line' id='line_1_41' title="bbox 352 4894 1616 4970; baseline -0.003 -14"><span class='ocrx_word' id='word_1_377' title='bbox 352 4897 460 4968; x_wconf 88' lang='lat' dir='ltr'><strong>biensi,</strong></span> <span class='ocrx_word' id='word_1_378' title='bbox 491 4901 544 4954; x_wconf 91' lang='lat' dir='ltr'><strong>aut</strong></span> <span class='ocrx_word' id='word_1_379' title='bbox 576 4897 733 4954; x_wconf 86' lang='lat' dir='ltr'><strong>tributarii</strong></span> <span class='ocrx_word' id='word_1_380' title='bbox 763 4912 872 4954; x_wconf 91' lang='lat' dir='ltr'><strong>eorum</strong></span> <span class='ocrx_word' id='word_1_381' title='bbox 896 4910 953 4970; x_wconf 92' lang='lat' dir='ltr'><strong>pro</strong></span> <span class='ocrx_word' id='word_1_382' title='bbox 984 4901 1126 4970; x_wconf 89' lang='lat' dir='ltr'><strong>tempore</strong></span> <span class='ocrx_word' id='word_1_383' title='bbox 1149 4895 1316 4966; x_wconf 90' lang='lat' dir='ltr'><strong>constituti,</strong></span> <span class='ocrx_word' id='word_1_384' title='bbox 1339 4910 1434 4969; x_wconf 90' lang='lat' dir='ltr'><strong>super</strong></span> <span class='ocrx_word' id='word_1_385' title='bbox 1456 4894 1616 4969; x_wconf 81' lang='lat' dir='ltr'><strong>aliquibus</strong></span> 
     </span>
     <span class='ocr_line' id='line_1_42' title="bbox 352 4985 1616 5078; baseline -0.002 -17"><span class='ocrx_word' id='word_1_386' title='bbox 352 5003 447 5061; x_wconf 91' lang='lat' dir='ltr'><strong>rebus</strong></span> <span class='ocrx_word' id='word_1_387' title='bbox 477 5018 534 5078; x_wconf 91' lang='lat' dir='ltr'><strong>per</strong></span> <span class='ocrx_word' id='word_1_388' title='bbox 562 5017 617 5061; x_wconf 90' lang='lat' dir='ltr'><strong>nos</strong></span> <span class='ocrx_word' id='word_1_389' title='bbox 646 5004 696 5060; x_wconf 93' lang='lat' dir='ltr'><strong>vel</strong></span> <span class='ocrx_word' id='word_1_390' title='bbox 728 5003 861 5060; x_wconf 91' lang='lat' dir='ltr'><strong>alterum</strong></span> <span class='ocrx_word' id='word_1_391' title='bbox 891 5007 1033 5060; x_wconf 90' lang='lat' dir='ltr'><strong>nostrum</strong></span> <span class='ocrx_word' id='word_1_392' title='bbox 1055 5002 1096 5058; x_wconf 91' lang='lat' dir='ltr'><strong>ab</strong></span> <span class='ocrx_word' id='word_1_393' title='bbox 1119 4985 1240 5072; x_wconf 86' lang='lat' dir='ltr'><strong>exteris,</strong></span> <span class='ocrx_word' id='word_1_394' title='bbox 1264 5007 1297 5058; x_wconf 92' lang='lat' dir='ltr'><strong>ut</strong></span> <span class='ocrx_word' id='word_1_395' title='bbox 1320 5001 1520 5076; x_wconf 85' lang='lat' dir='ltr'><strong>premittitur,</strong></span> <span class='ocrx_word' id='word_1_396' title='bbox 1544 5015 1616 5074; x_wconf 83' lang='lat' dir='ltr'><strong>par·</strong></span> 
     </span>
    </p>
   </div>
   <div class='ocr_carea' id='block_1_3' title="bbox 0 0 1918 5822">
    <p class='ocr_par' dir='ltr' id='par_1_3' title="bbox 0 0 1918 5822">
     <span class='ocr_line' id='line_1_43' title="bbox 0 0 1918 5822; baseline 0 1"><span class='ocrx_word' id='word_1_397' title='bbox 0 0 1918 5822; x_wconf 95' lang='lat' dir='ltr'><strong> </strong></span> 
     </span>
    </p>
   </div>
  </div>
 </body>
</html>
