3930 5802
419 527 476 582 ¹72
836 513 909 569 ουτ.
933 525 1001 586 125.
1024 545 1068 555 —
1091 513 1148 569 Aa.
1171 525 1264 587 1439.

414 735 518 802 tatem,
533 731 711 802 cunctisque
726 731 790 788 suis
804 730 1001 804 pertinenciis
1021 736 1051 786 et
1067 728 1263 800 utilitatibus,
1280 730 1392 802 quovis
1414 731 1540 788 nomine
1561 731 1679 788 voeatis

414 835 534 909 pretate
555 836 685 894 ecclesie
718 837 910 909 zagrabiensi
943 851 1062 894 necnon
1084 836 1177 893 altari
1209 843 1314 894 sancte
1335 837 1436 894 crucis
1458 843 1620 910 prenotato
1643 843 1674 895 et

413 949 635 1016 cenaequenter
658 943 808 1000 moderno
840 943 953 1000 rectori
976 942 1115 1000 eiusdem
1149 942 1265 1012 altaris,
1288 941 1414 1016 suisque
1448 944 1679 1001 sumessoribus

412 1049 586 1106 rectoribus
615 1051 647 1108 iu
681 1057 867 1124 perpetuum
899 1048 1080 1107 duxerimus
1102 1048 1333 1118 conferendum,
1365 1049 1562 1123 velimusque
1592 1051 1678 1124 ipsos

413 1155 444 1212 in
466 1153 640 1213 dominium
670 1155 852 1214 earumdem
876 1171 932 1228 per
951 1161 1094 1212 nostrum
1127 1161 1157 1211 et
1188 1161 1327 1212 vestrum
1361 1155 1503 1213 homines
1525 1157 1679 1228 legittime

414 1259 514 1319 tacere
535 1263 698 1320 introduci
727 1261 824 1334 Igitur
846 1260 990 1318 fidelitati
1005 1269 1107 1318 vestre
1131 1260 1264 1318 firmiter
1280 1259 1461 1319 mandantes
1477 1263 1678 1336 precipimus,

413 1375 564 1442 quatenus
586 1373 725 1426 vestrum
748 1369 879 1426 mittatis
901 1367 1061 1424 hominem
1085 1381 1143 1439 pro
1178 1367 1355 1426 testimonio
1386 1366 1591 1440 fidedignum,
1615 1382 1679 1442 quo

413 1481 555 1548 presente
575 1474 731 1557 Johannes
753 1475 806 1532 vel
829 1473 983 1545 Nicolaus,
1007 1473 1066 1531 filii
1081 1472 1227 1545 Gregorii
1249 1471 1288 1530 de
1310 1471 1437 1547 Gepevv,
1459 1480 1513 1532 aut
1535 1474 1678 1544 Michael,

415 1581 499 1638 filius
523 1579 644 1640 Nicolai
667 1580 706 1638 de
728 1581 881 1654 Kysgora,
905 1582 971 1638 sive
1002 1579 1195 1650 Dominicus,
1225 1579 1311 1638 filius
1340 1579 1479 1638 ladislai
1500 1579 1540 1638 de
1562 1579 1678 1639 Broko-

412 1701 527 1758 nowce,
549 1688 620 1746 aliis
642 1689 831 1758 absentibus,
854 1687 950 1745 homo
981 1691 1096 1756 noster,
1119 1685 1161 1742 ad
1195 1685 1289 1744 iacies
1322 1685 1534 1759 predictarum
1557 1701 1676 1760 posses·

412 1793 535 1850 sionum
558 1809 595 1851 ac
629 1793 785 1868 porcionis
818 1793 1059 1867 possessionarie
1081 1806 1200 1850 necnon
1233 1792 1353 1862 tributi,
1387 1798 1679 1865 consequenterque

414 1895 496 1974 juris'
514 1901 612 1959 nostri
639 1901 716 1974 regii
738 1901 771 1958 in
800 1898 919 1958 eisdem
952 1897 1061 1970 habiti,
1095 1898 1205 1956 vicinis
1227 1905 1259 1956 et
1280 1899 1502 1956 commetaneis
1524 1899 1588 1957 suis
1610 1899 1678 1956 uni-

415 2007 511 2064 versis
532 2006 611 2064 inibi
632 2006 785 2078 legittime
806 2006 983 2064 convocatis
1005 2013 1035 2062 et
1058 2005 1254 2078 presentibus
1283 2003 1466 2076 accedendo,
1500 2004 1676 2063 introducat

413 2111 567 2185 prefatam
590 2112 752 2170 ecclesiam
776 2126 893 2170 necnon
916 2112 1014 2168 altare
1032 2109 1256 2184 supradictum,
1271 2117 1554 2184 consequenterque
1577 2117 1677 2170 recto·

412 2233 480 2278 rem
502 2218 642 2277 eiusdem
665 2219 697 2276 in
719 2217 893 2276 dominium
916 2217 1110 2290 ipsammet
1133 2215 1326 2286 eorumdem,
1349 2223 1527 2290 statuatque
1551 2215 1677 2276 easdem

413 2329 444 2381 et
466 2325 549 2398 ipsas
572 2324 690 2382 eisdem
705 2324 856 2398 premisse
870 2329 976 2382 nostre
996 2322 1175 2381 donacionis
1190 2323 1283 2380 titulo
1300 2327 1452 2398 perpetuo
1468 2322 1677 2396 possidendas,

413 2431 523 2489 sinon
546 2429 661 2490 fuerint
682 2429 926 2500 contradictum
948 2428 1190 2488 contradictores
1201 2443 1286 2501 vero,
1302 2430 1330 2487 si
1347 2429 1401 2502 qui
1423 2429 1545 2500 fuerint,
1567 2434 1677 2488 evocet

414 2537 500 2611 ipsos
522 2543 629 2596 contra
651 2535 809 2612 prelatum
832 2541 984 2595 rectorem
1008 2537 1040 2594 in
1063 2537 1258 2610 presenciam
1278 2537 1367 2609 regni
1390 2537 1489 2594 nostri
1511 2535 1676 2594 &lenonie

413 2643 487 2702 bani
516 2644 548 2702 in
577 2643 684 2702 sedem
717 2643 952 2723 zagrabiensem
986 2641 1026 2700 ad
1060 2642 1229 2700 terminum
1251 2647 1488 2716 competentem,
1519 2643 1677 2700 racionem

412 2748 666 2808 contradiccionis
688 2764 798 2808 eorum
820 2748 1005 2819 reddituros,
1022 2755 1052 2806 et
1075 2753 1147 2822 post
1163 2750 1220 2806 hec
1234 2747 1415 2807 huiusmodi
1432 2747 1674 2808 introduccionis

413 2861 444 2913 et
466 2857 644 2914 statucionis
667 2857 779 2914 seriem
802 2871 874 2914 cum
891 2854 1153 2913 contradictorum
1169 2859 1200 2913 et
1214 2859 1426 2928 evocatorum,
1441 2855 1469 2914 si
1484 2856 1539 2929 qui
1554 2854 1676 2925 suerint,

412 2962 586 3020 vicinorum
609 2967 640 3022 et
658 2969 953 3032 commetaneorum,
969 2963 1024 3036 qui
1039 2963 1189 3036 premisse
1204 2963 1368 3020 statucioni
1383 2962 1563 3034 intererunt,
1577 2962 1676 3020 nomi·

412 3069 503 3126 nibus
525 3073 556 3126 et
577 3070 711 3128 termino
726 3069 890 3142 assignat0,
906 3067 1008 3127 eidem
1032 3069 1113 3126 bano
1130 3083 1217 3126 more
1239 3068 1332 3126 solito
1347 3067 1535 3128 rescribatis.
1559 3067 1675 3125 Datum

412 3173 535 3233 Posouii
558 3173 691 3233 infesto
714 3175 969 3257 beatiJohannis
1003 3179 1108 3232 autem
1123 3181 1248 3248 portam
1272 3175 1412 3233 latinam.
1444 3176 1535 3232 Anno
1558 3173 1676 3231 domini

411 3280 581 3340 millesimo
604 3280 909 3356 quadringentesimo
931 3281 1088 3338 tricesimo
1111 3294 1202 3339 nono.

518 3417 541 3466 E
560 3423 720 3482 transumpto
738 3417 846 3482 capituli
867 3417 1007 3466 dasmensis
1025 3417 1058 3465 de
1076 3432 1144 3466 anno
1166 3419 1239 3480 1481.
1257 3419 1289 3466 In
1307 3417 1461 3469 membrana
1481 3420 1513 3467 In
1531 3418 1600 3470 arch.
1619 3433 1675 3468 ven.

411 3505 488 3569 capit.
507 3505 608 3568 aagrab.
628 3505 692 3556 Act.
711 3521 767 3571 cap.
786 3513 838 3558 ant.
859 3506 921 3558 fasc.
941 3518 966 3554 2.
986 3521 1023 3556 nr.
1044 3518 1086 3572 35.

1005 3736 1084 3803 125.

517 3881 597 3930 Anno
619 3891 694 3943 1439,
711 3879 735 3931 6.
753 3881 835 3944 Junii.
856 3865 971 3935 Casurae,

416 3987 580 4065 Capitulum
602 3989 743 4048 tamense
762 3992 882 4048 nuntiat
901 3992 1057 4065 capitulum
1078 3989 1200 4064 aagrab.
1225 3991 1256 4046 in
1272 3991 1486 4065 usumfructum
1502 3987 1676 4046 donatarum

402 4097 622 4171 possessionum,
653 4115 728 4171 quae
758 4105 899 4154 vocantur
926 4097 1084 4172 Krab'evec
1111 4104 1159 4154 etc.
1182 4092 1263 4154 nullo
1292 4096 1498 4154 contradictore
1518 4101 1676 4169 apparente

929 4222 986 4261 esse
1003 4203 1163 4269 irrrluctum.

517 4346 698 4420 Capitulum
721 4348 849 4406 ecclesie
872 4348 1069 4406 chasmensis.
1105 4347 1259 4406 Omnibus
1290 4346 1406 4404 Christi
1435 4345 1582 4404 fidelibus
1611 4351 1676 4404 tam

412 4453 608 4528 presentibus
632 4469 727 4526 quarn
763 4453 875 4512 futuris
905 4455 1101 4528 presencium
1135 4453 1282 4512 noticiam
1304 4452 1457 4511 habituris
1490 4451 1622 4510 salutem
1644 4453 1676 4511 in

414 4560 555 4617 omnium
587 4559 752 4617 salvatore.
787 4559 836 4617 Ad
870 4560 1088 4618 universorum
1118 4561 1264 4618 noticiam
1294 4561 1406 4617 harum
1429 4559 1507 4616 serie
1529 4557 1676 4616 volumus

411 4665 583 4740 pervenire,
607 4665 692 4740 quod
713 4681 770 4724 nos
799 4667 918 4726 litteras
947 4667 1135 4724 serenissimi
1169 4667 1319 4740 principis
1344 4671 1374 4724 et
1407 4665 1534 4737 domini,
1558 4663 1676 4724 domini

414 4772 538 4830 Alberti
561 4771 611 4830 dei
642 4773 745 4845 gracia
775 4773 989 4830 Romanorum
1023 4773 1113 4846 regis,
1138 4789 1262 4847 semper
1295 4771 1426 4844 augusti,
1450 4787 1486 4830 ac
1508 4771 1674 4845 Hungarie,

412 4877 568 4950 Bohemie,
603 4879 775 4949 Dalmacie,
799 4879 926 4937 Croacie
961 4885 1018 4937 etc.
1050 4880 1132 4952 regis
1154 4886 1183 4936 et
1206 4879 1293 4936 ducis
1321 4879 1445 4936 Austrie
1467 4884 1524 4937 etc.
1559 4877 1674 4935 domini

410 4985 508 5044 nostri
523 4985 674 5044 naturalis
686 4985 924 5045 introductorias
936 4991 966 5044 et
981 4987 1158 5046 statutorias
1173 4987 1325 5060 nobisque
1343 4985 1533 5060 preceptorie
1548 4983 1675 5058 loqueu-
