3930 5802
382 537 442 594 rsa
806 523 879 580 Dor.
902 531 967 600 117.
994 554 1029 566 -
1056 522 1111 580 An.
1136 519 1229 602 1438.

379 737 556 796 execucioni
575 736 675 795 iacere
693 735 881 796 demandare
902 736 1109 810 dignaremur.
1129 737 1193 797 Nos
1210 739 1305 812 igitur
1324 738 1503 798 huiusmodi
1515 735 1639 813 peticio·

377 843 470 902 nibus
492 839 580 919 justis
602 851 632 900 et
655 842 767 902 debitis
789 847 965 915 annuentes,
988 843 1117 902 eandem
1148 843 1388 920 disposicionem
1417 851 1448 904 et
1478 843 1641 904 arbitrium

379 948 481 1024 quoad
494 963 602 1009 omnes
614 948 761 1008 articulos
774 954 804 1006 et
817 948 972 1007 clausulas
984 954 1178 1024 acceptantes
1191 955 1221 1008 et
1233 952 1451 1025 approbantes,
1464 948 1643 1026 prescriptis

377 1055 556 1114 hominibus
571 1055 684 1113 nostris
699 1071 757 1129 per
770 1053 928 1129 predictos
941 1056 1038 1114 banos
1057 1060 1179 1115 nostros
1194 1056 1235 1116 ad
1253 1059 1406 1131 premissa
1422 1055 1582 1131 deputatis,
1606 1054 1638 1112 in

377 1162 517 1235 personis
529 1159 711 1220 eorumdem
724 1161 877 1218 banorum
891 1162 1115 1220 committimus
1127 1162 1315 1236 exequenda,
1325 1163 1503 1222 mandantes
1515 1159 1640 1232 eisdem,

378 1271 528 1341 quatenus
546 1267 608 1340 ipsi
623 1271 762 1340 pretacto
777 1271 889 1324 octavo
912 1265 962 1324 die
985 1265 1055 1325 sesti
1078 1267 1172 1326 Pasce
1195 1267 1322 1341 domini,
1340 1270 1480 1343 proxime
1502 1265 1637 1338 affuturi,

377 1371 556 1430 addictam
580 1371 764 1446 Zagrabiam
785 1371 1004 1445 conveniendo,
1028 1373 1135 1447 ibique
1165 1389 1272 1432 coram
1295 1375 1436 1450 predicto
1464 1373 1641 1432 testimonio

377 1478 508 1552 capituli
529 1478 719 1537 chasmensis
742 1483 772 1536 et
787 1475 943 1554 judicibus
959 1479 1114 1537 nobilium
1130 1480 1229 1555 ipsius
1244 1481 1408 1540 comitatus
1424 1478 1640 1552 zagrabiensis‚

377 1585 529 1658 premissa
551 1585 656 1642 omnia
678 1585 763 1642 iuxta
787 1583 1027 1658 disposicionem
1050 1591 1249 1660 prenaratam
1272 1587 1383 1660 exequi
1411 1585 1549 1656 debeant,
1572 1584 1642 1642 bre·

376 1705 512 1764 remque
534 1691 702 1748 terminum
725 1705 783 1764 pro
806 1688 1020 1748 satisfaccione
1042 1695 1072 1748 et
1095 1691 1254 1751 solucione
1275 1693 1398 1752 racione
1417 1691 1641 1766 premissorum

376 1794 487 1854 fiendis
511 1778 698 1870 deputando.
720 1796 759 1853 Et
781 1801 853 1871 post
875 1795 933 1853 hec
955 1797 1068 1856 seriem
1091 1798 1233 1856 omnium
1263 1799 1485 1873 premissorum
1507 1803 1538 1854 et
1561 1795 1642 1870 quit·

377 1901 453 1975 quid
486 1903 518 1960 in
552 1902 712 1976 premissis
745 1907 849 1960 actum
884 1900 978 1960 fucrit
1011 1907 1042 1961 et
1074 1909 1216 1962 secutum
1250 1921 1308 1980 per
1330 1904 1446 1964 dictum
1468 1901 1642 1977 capitulum

377 2008 556 2066 chasmeuse
579 2012 609 2065 et
632 2006 770 2081 prefatos
784 2005 902 2083 judices
916 2008 1072 2068 nobilium
1087 2009 1252 2070 comitatus
1266 2009 1472 2085 zagrabiensis
1487 2007 1642 2080 antedicti,

378 2117 483 2171 nostre
505 2112 641 2171 fideliter
662 2113 793 2172 rescribi
815 2113 962 2172 volumus
981 2115 1142 2174 maiestati.
1172 2117 1290 2175 Datum
1321 2115 1404 2175 Bude
1434 2114 1511 2174 feria
1547 2114 1643 2172 tercia

377 2219 524 2296 proxima
545 2223 618 2293 post
636 2217 826 2277 dominicam
850 2219 1018 2280 invocavit.
1050 2222 1140 2280 Anno
1163 2221 1282 2282 domini
1304 2222 1472 2282 millesimo
1496 2219 1642 2296 quadrin-

375 2327 547 2400 gentesimo
570 2327 727 2385 tricesimo
749 2332 869 2385 octavo.

482 2463 506 2512 E
524 2467 685 2528 mansumpto
703 2461 811 2528 capituli
830 2461 995 2523 ehamensis,
1023 2464 1056 2514 de
1074 2480 1141 2516 anno
1171 2467 1246 2530 1438,
1271 2473 1300 2517 ut
1324 2466 1399 2518 inira
1428 2465 1493 2516 Doc.
1524 2465 1582 2516 118.
1609 2464 1643 2512 In

376 2550 472 2603 archiv.
492 2550 538 2604 lib.
556 2567 609 2617 reg.
628 2552 676 2604 civ.
695 2551 797 2616 aagrab.

982 2742 1050 2815 117.

482 2905 564 2957 Anno
585 2905 660 2970 1438,
681 2903 721 2958 16.
739 2903 838 2970 aprilis.
858 2904 953 2958 Albae.

383 3033 487 3092 Coram
516 3041 654 3115 curvanda
682 3031 896 3109 cruciferorum
918 3033 952 3092 de
972 3034 1059 3107 Alba,
1080 3036 1236 3110 capitulum
1258 3031 1447 3111 zagrabr'ensc
1468 3036 1643 3094 intercesser-

376 3160 439 3200 nem
460 3143 548 3218 sacri,
576 3159 612 3200 ne
641 3159 679 3200 ex
707 3140 878 3216 quibusdam
900 3142 989 3216 regib
1022 3142 1124 3201 Ιϋτιήε
1145 3142 1312 3200 Fndrrr‘cus
1333 3149 1363 3202 et
1388 3143 1512 3214 tunm,
1534 3143 1642 3201 nobiles

525 3248 629 3321 Cilrae,
650 3249 683 3308 in
704 3250 796 3307 castri
814 3249 943 3308 Mrdvcd
955 3251 1158 3324 possessionem
1180 3250 1353 3308 claudestina
1376 3251 1502 3308 verrem.

482 3391 546 3450 Nos
569 3397 738 3451 conventus
760 3391 991 3452 cruciferorum
1016 3393 1128 3452 domus
1151 3393 1315 3469 hospitalis
1337 3393 1421 3452 beati
1453 3393 1535 3466 regis
1569 3390 1636 3451 Ste-

377 3499 474 3572 phani
489 3498 528 3557 de
544 3498 635 3557 Alba.
658 3500 808 3558 Memorie
825 3500 1090 3573 commendamus,
1112 3499 1196 3574 quod
1220 3498 1395 3576 Stephanus
1418 3499 1579 3558 sublectos
1593 3513 1641 3556 za·

376 3605 549 3678 grabiensis
580 3606 612 3664 in
641 3619 774 3679 persona
808 3606 1002 3664 honorabilis
1035 3607 1165 3681 capituli
1199 3605 1328 3665 ecclesie
1361 3605 1569 3680 zagrabiensis
1602 3603 1641 3663 ad

375 3717 514 3770 nostram
537 3711 743 3786 personaliter
765 3712 891 3769 veniens
914 3713 1115 3786 presenciam,
1145 3727 1203 3788 per
1243 3711 1372 3771 modum
1407 3712 1642 3786 protestacionis

376 3818 468 3876 nobis
491 3815 666 3890 significare
688 3817 808 3874 curavit
830 3817 862 3874 in
884 3817 967 3876 hunc
997 3819 1144 3878 modum:
1176 3817 1335 3893 quomodo
1369 3818 1563 3877 honorabilis
1593 3817 1643 3876 vir

376 3924 524 3996 magister
545 3923 700 4007 Johannes
724 3921 763 3980 de
786 3920 915 3995 Somlio,
938 3925 1101 3983 canonicus
1124 3925 1252 3984 ecclesie
1273 3925 1419 3998 albensis,
1442 3925 1550 3998 vigore
1566 3938 1641 3997 qua·

374 4029 520 4087 rumdam
545 4029 720 4087 litterarum
735 4029 898 4102 regalium,
922 4045 983 4088 una
1005 4047 1076 4090 cum
1100 4033 1225 4091 homine
1245 4031 1331 4105 regio
1349 4032 1461 4090 missus
1477 4045 1535 4105 pro
1556 4029 1641 4088 testi·

375 4136 482 4194 monio
503 4135 566 4194 tide
588 4133 692 4209 digno,
723 4136 957 4194 statutoriarum
992 4136 1168 4197 illustribus
1191 4137 1386 4213 principibus
1416 4137 1575 4196 Friderico
1611 4141 1642 4195 et

378 4241 485 4301 Virico
508 4243 574 4300 eius
596 4246 677 4314 nato,
700 4241 867 4300 comitibus
890 4241 978 4315 Cilie,
1002 4244 1197 4318 Ortenburgc
1220 4249 1251 4303 et
1272 4242 1410 4317 Zagorie,
1426 4258 1520 4317 super
1535 4248 1637 4301 castro

378 4348 500 4407 Medwe
523 4363 595 4406 cum
617 4348 681 4406 suis
704 4349 900 4422 pertinenciis
921 4356 951 4406 et
973 4349 1044 4409 aliis
1074 4351 1329 4425 possessionibus,
1360 4350 1413 4424 qui
1437 4348 1563 4424 quidem
1589 4364 1636 4407 re·

374 4455 444 4528 gius
467 4461 496 4512 et
520 4453 594 4513 dicti
617 4454 747 4529 capituli
768 4455 905 4514 albensis
927 4457 1077 4528 homines,
1100 4471 1162 4515 non
1177 4457 1353 4514 convocatis
1379 4457 1488 4516 vicinis
1511 4461 1542 4515 et
1556 4470 1640 4514 com·

376 4561 534 4633 metaneis,
556 4562 602 4619 uti
624 4561 657 4619 in
679 4560 794 4619 talibus
816 4561 943 4620 solitum
967 4567 1058 4621 estet
1082 4568 1272 4634 consuetum,
1285 4561 1384 4621 dictos
1407 4563 1535 4621 comites
1557 4561 1640 4620 clan-

375 4666 492 4726 destine
515 4666 555 4725 ad
579 4667 753 4726 dominium
776 4667 985 4742 predictarum
1008 4669 1238 4743 possessionum
1267 4669 1398 4744 pretacti
1428 4669 1558 4743 capituli
1592 4681 1640 4726 aa·

376 4773 558 4847 grabiensis,
581 4773 667 4848 ipsos
688 4774 729 4832 ab
753 4775 839 4847 olim,
862 4774 948 4850 cujus
971 4776 1134 4835 hominum
1156 4775 1308 4834 memoria
1329 4790 1392 4834 non
1421 4774 1533 4846 existit,
1557 4774 1640 4848 paci·

374 4879 434 4940 fica
457 4881 650 4956 possessione
671 4897 707 4939 ac
730 4881 881 4955 legittima
903 4883 1049 4952 tensione,
1072 4881 1118 4940 uti
1141 4879 1262 4952 dicitur,
1293 4882 1480 4952 statuissent,
1503 4881 1535 4940 in
1570 4895 1640 4954 pre-

373 4986 523 5047 iudicium
546 4993 577 5046 et
600 4986 750 5046 damnum
780 4987 910 5061 pretacti
941 4988 1071 5062 capituli
1104 4987 1311 5062 aagrabiensis
1345 4985 1439 5046 ualde
1479 5001 1637 5061 magnum.
