3804 5858
827 518 897 574 Doc.
915 511 993 593 378.
1019 547 1058 559 —
1084 515 1140 573 An.
1164 527 1254 592 1495.

1010 743 1097 812 378.

514 905 595 954 Anno
617 916 690 970 1495,
714 915 752 964 19.
772 903 902 952 februarii.
925 903 1091 954 Viroviticae.

417 1076 582 1134 Vladislaus
604 1075 705 1149 Hung.
728 1084 769 1133 etc
790 1093 852 1146 rex,
874 1073 1128 1150 caprulozagrab.
1152 1074 1280 1144 mandat,
1305 1081 1339 1132 ut
1358 1074 1493 1132 sacellum
1515 1091 1538 1132 s.
1554 1073 1683 1146 spiritus

511 1183 541 1239 in
563 1182 637 1239 bona
659 1177 799 1256 quattuor
819 1182 973 1240 sessionum
988 1182 1223 1258 jobagionalium
1244 1180 1425 1238 redditorum
1448 1178 1572 1237 inducat.

514 1343 707 1402 wladislaus
724 1343 772 1401 dei
796 1344 900 1416 gracia
923 1359 978 1401 rex
1001 1345 1160 1418 Hungarie
1182 1351 1212 1402 et
1236 1343 1384 1402 Bohemie
1407 1347 1463 1400 etc.
1486 1340 1679 1399 Honorabili

412 1450 550 1526 capitulo
581 1450 709 1508 ecclesie
738 1451 946 1523 zagrabiensis
976 1451 1109 1508 salutern
1139 1457 1172 1508 et
1195 1451 1342 1524 graciam.
1370 1448 1450 1506 Cum
1472 1463 1528 1506 nos
1550 1447 1602 1505 illi
1627 1461 1678 1504 re·

411 1557 558 1636 missioni,
575 1557 765 1632 restitucioni
788 1563 818 1614 et
841 1557 1148 1632 perpetualidacioni,
1171 1573 1265 1632 quam
1288 1557 1392 1615 fidelis
1415 1560 1518 1614 noster
1539 1554 1678 1612 illustris

406 1663 562 1746 Johannes
585 1662 747 1736 Coruinus,
770 1664 899 1736 Opawie
923 1669 953 1721 et
974 1663 1159 1736 Lypthowie
1183 1664 1246 1721 dux
1270 1671 1325 1722 etc.
1344 1663 1382 1720 de
1395 1659 1582 1736 quibusdam
1597 1675 1677 1733 qua·

408 1773 479 1828 tuor
510 1769 699 1826 sessionibus
730 1767 980 1844 jobagionalihus
1013 1771 1043 1828 in
1082 1771 1274 1843 possessione
1299 1768 1528 1828 Chernomercz
1552 1775 1676 1838 vocata,

406 1874 439 1934 in
461 1875 608 1935 comitatu
631 1875 823 1946 zagrabiensi
845 1876 967 1946 habitis,
991 1870 1043 1952 (ad
1072 1875 1250 1949 cappellam
1274 1875 1371 1934 sancti
1394 1865 1533 1949 spiritus)
1557 1873 1589 1929 in
1614 1887 1675 1946 pa-

406 1981 512 2040 rochia
546 1981 691 2054 plebanie
714 1982 841 2039 ecclesie
872 1983 961 2040 beate
985 1983 1179 2054 Margarethe
1213 1981 1341 2055 virginis
1365 1981 1397 2039 in
1419 1979 1570 2038 suburbio
1594 1979 1676 2036 clvi-

407 2087 478 2144 tatis
509 2087 622 2144 montis
653 2085 815 2144 Grecensis
846 2087 973 2145 fundate
1004 2089 1236 2161 pertinentibus,
1269 2087 1378 2160 vigore
1411 2093 1565 2163 certarum
1587 2084 1676 2142 litle-

406 2209 511 2250 rarum
542 2207 670 2250 suarum
709 2192 809 2250 eidem
840 2194 970 2266 capelle,
1002 2194 1203 2267 eiusdemque
1238 2194 1410 2251 rectoribus
1440 2207 1499 2270 pro
1529 2199 1676 2264 tempore

405 2299 576 2356 constitutis
599 2297 705 2356 fecisse
728 2299 904 2370 dinoscitur,
929 2303 1068 2358 nostrum
1091 2301 1212 2372 regium
1236 2314 1418 2358 consensum
1442 2297 1674 2374 prebuerimus;

406 2411 436 2462 et
450 2404 670 2462 nichilominus
697 2407 794 2462 toturn
809 2411 839 2462 et
862 2419 954 2462 omne
967 2405 1014 2462 ius
1037 2411 1178 2463 nostrum
1193 2407 1323 2478 regium,
1341 2405 1367 2463 si
1382 2404 1467 2478 quod
1483 2405 1515 2462 in
1552 2402 1675 2465 eisdem

407 2516 540 2588 quatuor
574 2510 762 2568 sessionibus
797 2508 1048 2585 jobagionalibus
1085 2497 1355 2586 qualitercumque
1389 2510 1586 2581 haberemus,
1616 2515 1677 2568 aut

407 2615 516 2676 eedem
545 2621 686 2674 nostram
717 2632 755 2674 ex
786 2617 1035 2690 quibuscumque
1068 2618 1175 2686 causis,
1199 2619 1267 2690 viis,
1291 2617 1393 2676 modis
1415 2611 1458 2696 (et
1482 2609 1676 2696 racionibus)

408 2727 626 2780 concernerent
649 2723 849 2794 maiestatem,
882 2723 975 2780 simul
999 2740 1073 2783 cum
1093 2724 1216 2804 cunctis
1239 2723 1407 2782 earundem
1430 2723 1617 2782 utilitatibus
1641 2729 1676 2782 et

407 2827 603 2903 pertinenciis
633 2833 803 2887 memorate
833 2829 954 2902 capelle
984 2831 1081 2888 sancti
1114 2831 1241 2904 spiritus
1270 2835 1301 2889 et
1330 2828 1469 2888 eiusdem
1500 2829 1675 2888 rectoribus

409 2934 538 3008 prefatis
561 2927 692 3012 (vigore)
717 2935 911 3009 presencium
933 2937 1166 3010 contulerimus,
1190 2937 1386 3010 velimusque
1407 2934 1537 2994 eandem
1561 2935 1591 2994 in
1615 2933 1673 2992 do·

407 3041 539 3101 minium
563 3040 743 3100 earumdem
766 3058 823 3118 per
852 3049 994 3100 nostrum
1017 3047 1047 3101 et
1070 3050 1208 3102 vestrum
1231 3045 1372 3102 homines
1393 3042 1546 3116 legittime
1569 3039 1677 3100 facere

409 3147 570 3206 introduci.
594 3147 695 3222 Super
719 3163 781 3220 quo
796 3148 940 3207 fidelitati
955 3156 1058 3208 vestre
1081 3151 1285 3225 precipientes
1308 3149 1501 3221 mandamus,
1520 3155 1676 3224 quatenus

406 3259 547 3313 vestrum
577 3254 706 3311 mittatis
737 3255 895 3312 hominem
927 3269 984 3328 pro
1006 3257 1182 3315 testimonio
1206 3257 1407 3330 fidedignum,
1434 3271 1496 3330 quo
1520 3259 1674 3330 presente,

407 3360 581 3435 Stephanus
604 3361 723 3418 Kasnar
747 3360 784 3418 de
820 3360 1014 3435 Glawnycza,
1052 3363 1102 3422 vel
1124 3364 1232 3422 Petrus
1260 3363 1298 3422 de
1322 3365 1470 3434 Marenen,
1494 3367 1547 3420 aut
1569 3360 1671 3419 Geor·

407 3468 475 3542 gius
495 3467 533 3524 de
555 3465 735 3542 Schytaryo,
757 3468 826 3525 aliis
849 3469 1037 3544 absentibus,
1060 3472 1155 3530 homo
1177 3477 1290 3544 noster,
1313 3470 1353 3528 ad
1376 3469 1469 3528 iacies
1493 3469 1669 3544 prescripto

412 3573 614 3647 possessionis
631 3573 855 3633 Chernomercz
871 3585 1090 3652 consequenter
1107 3578 1320 3654 predictarum
1343 3583 1479 3653 quatuor
1498 3577 1673 3634 sessionum

409 3678 654 3756 jobagionalium
686 3680 763 3738 inibi
794 3683 980 3755 habitarum,
1003 3685 1112 3744 vicinis
1134 3691 1165 3743 et
1186 3685 1408 3744 commetaneis
1430 3683 1494 3742 suis
1516 3682 1673 3740 universis

413 3785 564 3858 legittime
595 3787 771 3846 convocatis
803 3793 832 3845 et
863 3790 1057 3862 presentibus
1088 3791 1275 3862 accedentes,
1298 3789 1474 3850 introducat
1497 3788 1669 3847 discretum

411 3891 594 3950 Michaelem
617 3891 789 3965 plebanum
813 3886 906 3970 (dicte
922 3897 1050 3955 ecclesie
1063 3898 1151 3956 beate
1169 3889 1375 3976 Margarethe)
1392 3896 1529 3970 virginis,
1545 3894 1674 3954 nomine

409 3998 490 4056 dicte
514 3997 635 4070 capelle
658 3998 689 4056 in
712 3997 884 4058 dominium
916 4003 1106 4075 earumdem,
1128 4009 1304 4078 statuatque
1327 4003 1452 4062 easdem
1476 4000 1577 4082 eidem
1598 4017 1673 4076 pre·

406 4105 501 4162 misso
523 4103 599 4180 juris
622 4105 713 4162 titulo
737 4106 797 4164 sibi
810 4106 1013 4180 incumbente,
1038 4117 1188 4183 perpetuo
1211 4109 1421 4185 possidendas,
1437 4110 1463 4168 si
1485 4123 1546 4167 non
1570 4107 1669 4166 fuerit

406 4210 638 4270 contradictum.
663 4209 912 4271 Contradictores
936 4229 1018 4286 vero,
1042 4215 1137 4289 siqui
1161 4215 1285 4288 fuerint,
1301 4215 1549 4274 evoceteosdem
1562 4219 1672 4274 contra

408 4322 589 4376 annotatum
620 4317 803 4376 Michaelem
834 4319 1005 4392 plebanum
1038 4321 1076 4377 ad
1101 4322 1268 4380 terminum
1292 4327 1521 4396 competentem
1544 4323 1576 4380 in
1597 4337 1671 4396 pre·

408 4424 542 4483 senciam
573 4424 646 4481 bani
673 4426 771 4483 nostri
794 4425 833 4483 ad
863 4427 1031 4486 terminum
1054 4433 1290 4501 competentem,
1315 4429 1472 4486 racionem
1496 4427 1667 4487 contradic

409 4529 505 4590 cionis
541 4546 649 4588 eorum
682 4531 877 4603 reddituros;
908 4538 1031 4608 etpost
1060 4535 1116 4592 hec
1151 4533 1331 4592 huiusmodi
1363 4533 1602 4594 introduccionis
1631 4515 1670 4592 'et

407 4637 585 4696 statucionis
608 4639 720 4697 seriem
744 4654 814 4696 cum
847 4640 1108 4698 contradictorum
1130 4645 1160 4698 et
1181 4646 1391 4713 evocatorum,
1415 4641 1517 4716 siqui
1541 4639 1669 4712 luerint,

406 4745 642 4820 vicinorumque
666 4749 697 4804 et
719 4751 1013 4819 commetaneorum,
1029 4747 1083 4820 qui
1107 4747 1257 4821 premisse
1280 4749 1444 4808 statucioni
1467 4747 1666 4807 interfuerint

405 4852 592 4923 nominibus,
623 4851 819 4925 terminoque
857 4853 1020 4926 assignato,
1044 4851 1145 4911 eidem
1168 4853 1250 4912 bano
1272 4859 1379 4913 nostro
1402 4869 1459 4913 suo
1494 4853 1588 4912 modo
1618 4871 1668 4914 re·

404 4959 553 5017 scribatis.
580 4957 696 5017 Datum
720 4958 751 5016 in
775 4957 892 5034 oppido
922 4959 1099 5018 Werewcze
1123 4958 1200 5018 seria
1224 4961 1332 5034 quinta
1362 4961 1506 5035 proxima
1529 4965 1599 5020 ante
1621 4959 1668 5020 ie·
