3948 5804
693 567 767 624 Dec.
791 563 841 627 60.
865 563 913 624 or.
938 563 987 627 62.
1011 601 1052 610 -
1077 568 1132 624 Aa.
1160 582 1247 644 1452.
1560 587 1592 638 7¹

332 782 506 855 presencia,
529 783 642 840 harum
664 786 841 840 nostrarum
873 783 980 855 vigore
1010 787 1040 840 et
1070 783 1247 841 testimonio
1277 783 1447 841 literarum.
1480 783 1596 849 Datum

335 886 412 945 feria
435 887 531 946 tercia
555 888 699 961 proxima
722 895 794 962 post
818 887 931 946 testum
954 889 1149 946 Ascensionis
1178 889 1305 947 domini.
1338 891 1428 946 Anno
1459 889 1599 947 eiusdem

335 992 504 1051 millesimo
528 993 834 1067 quadringentesimo
856 995 1012 1053 tricesimo
1035 994 1178 1054 secundo.

439 1144 573 1209 Originale
591 1146 618 1194 in
638 1147 736 1194 charta.
764 1146 791 1194 A
812 1151 883 1209 tergo
911 1145 1048 1210 vestigium
1076 1147 1194 1211 impressi
1220 1145 1308 1210 sigilli.
1336 1149 1367 1196 In
1387 1147 1457 1202 arch.
1481 1147 1525 1198 lib.
1545 1163 1600 1211 reg.

333 1233 403 1284 civit.
423 1234 524 1299 zagrab.

934 1411 999 1477 60.

439 1497 519 1546 Anno
541 1509 616 1560 1432.

396 1623 532 1699 Injun'ne
552 1643 571 1680 a
593 1625 718 1698 capitulo
741 1625 858 1698 aagrcb.
882 1625 992 1683 civibus
1019 1624 1207 1682 Grecensibus
1228 1627 1337 1695 illatae,
1360 1627 1538 1700 referuntur.

440 1767 526 1840 Item,
557 1769 589 1826 in
620 1784 699 1827 anno
729 1767 847 1826 domini
878 1769 1048 1827 millesimo
1079 1768 1309 1828 ccccxxxii.
1340 1777 1481 1846 tempore
1505 1771 1600 1846 primi

333 1869 486 1948 judicatus
521 1874 614 1947 Petri,
648 1874 707 1934 filii
741 1876 839 1947 Pauli,
873 1875 953 1934 feria
986 1881 1072 1934 sexta
1095 1877 1241 1948 proxima
1264 1887 1334 1934 ante
1357 1867 1471 1934 festum
1495 1885 1598 1936 sancte

335 1979 529 2052 Margarethe
563 1980 694 2054 virginis
724 1987 754 2039 et
784 1982 921 2040 martiris
945 1980 1070 2052 Christi,
1094 1981 1287 2040 honorabilis
1311 1981 1442 2040 condam
1464 1983 1521 2052 vir,
1545 1982 1599 2041 do-

334 2085 438 2142 minus
461 2085 609 2144 Nicolaus
632 2086 671 2145 de
694 2087 791 2160 Cyna,
816 2088 981 2145 canonicus
1014 2087 1143 2145 ecclesie
1173 2088 1381 2160 zagrabiensis
1411 2087 1596 2162 supradicte,

335 2206 373 2249 ex
396 2192 474 2250 scitu
509 2197 539 2251 et
574 2193 734 2252 voluntate
764 2193 862 2251 tocius
892 2194 1020 2268 capituli
1043 2193 1171 2252 ecclesie
1194 2193 1400 2267 zagrabiensis
1424 2193 1594 2268 quemdam

334 2297 441 2355 civem
463 2298 597 2357 civitatis
621 2299 760 2373 predicte
782 2300 814 2358 in
829 2300 881 2358 via
896 2300 1023 2374 publica
1039 2301 1071 2358 in
1086 2300 1242 2359 territorio
1259 2299 1332 2358 dicti
1355 2301 1484 2373 capituli
1506 2316 1593 2373 repe·

336 2403 453 2476 riendo,
478 2407 603 2463 nomine
631 2408 780 2480 Marcum,
797 2406 982 2478 carnificem,
998 2407 1101 2464 tilium
1117 2405 1252 2479 Georgii,
1269 2407 1386 2480 absque
1402 2406 1487 2463 omni
1504 2407 1597 2480 culpa

334 2525 390 2567 sua
412 2509 498 2569 diris,
512 2513 681 2570 verberum
706 2521 736 2570 et
758 2513 926 2571 vulnerum
949 2513 1051 2587 plagis
1073 2512 1233 2584 affecisset,
1262 2512 1405 2586 potencia
1435 2511 1597 2570 mediante.

334 2616 401 2674 Lite
424 2623 529 2676 tamen
553 2619 633 2676 inter
656 2618 741 2692 ipsos
765 2619 848 2677 cives
870 2625 900 2677 et
923 2619 1096 2693 capitulum
1119 2617 1281 2692 pendente.

438 2755 628 2804 Documentum
656 2754 861 2807 transactionale.
889 2756 922 2804 In
945 2755 1040 2806 archiv.
1060 2770 1117 2806 ren.
1137 2754 1221 2819 Capit.
1241 2754 1341 2818 zagrab.
1361 2754 1423 2805 Act.
1443 2753 1526 2818 Capit.
1547 2760 1599 2805 ant.

332 2842 394 2896 fasc.
417 2854 456 2894 ιο,
476 2858 512 2894 nr.
536 2842 575 2892 16.

942 3023 997 3087 61.

442 3162 522 3210 Anno
545 3174 619 3225 1432,
642 3174 680 3213 12.
701 3161 861 3227 septembris.
881 3162 955 3212 Senis
974 3163 1002 3210 in
1020 3160 1104 3213 Italia.

439 3289 621 3364 Capitulum
645 3307 752 3349 coram
775 3289 974 3364 Sigismundo
1007 3292 1147 3364 queritur
1178 3297 1284 3349 contra
1316 3291 1483 3362 civitatem,
1515 3291 1599 3364 qnod

332 3404 429 3455 terras
453 3398 589 3472 capituli,
613 3399 770 3471 signanter
792 3399 823 3456 in
846 3399 1092 3471 possessionibus
1108 3398 1236 3456 Raboch
1260 3403 1290 3455 et
1314 3395 1492 3472 Geremlye,
1516 3399 1599 3455 ultra

333 3509 431 3562 metas
454 3519 585 3577 percos
608 3505 743 3562 abolitas
767 3509 969 3578 occupassent
991 3510 1022 3562 et
1045 3504 1122 3561 alias
1152 3497 1279 3579 injurias
1304 3501 1439 3560 subditis
1463 3510 1493 3560 et
1517 3504 1599 3576 capi·

332 3610 399 3667 tulo
420 3609 577 3668 inferrent.
599 3610 747 3668 Prohibet
771 3612 829 3669 ista
851 3611 969 3669 civitati
992 3609 1208 3683 sigismundus
1232 3617 1262 3668 et
1278 3608 1387 3668 scribit
1403 3623 1435 3665 se
1451 3607 1600 3668 mandare

334 3715 469 3798 Johanni
494 3717 640 3791 episcopo
663 3717 856 3789 zagrabiensi
879 3722 910 3774 et
939 3717 1107 3786 Hermam,
1139 3718 1220 3776 bano
1254 3717 1445 3786 sclavoniae,
1480 3716 1600 3773 eomiti-

335 3821 456 3894 busque
480 3828 510 3879 et
532 3823 767 3880 vicecomitibus
791 3823 955 3880 comitatus
978 3822 1195 3894 zagrabiensis,
1219 3829 1252 3880 ut
1275 3839 1327 3882 eos
1351 3827 1518 3882 coerceant.

438 3959 544 4021 Georgii
564 3957 734 4008 Marcelovid:
755 3960 874 4022 Regesta
892 3966 1021 4024 utsupra.

936 4169 996 4234 62.

440 4311 521 4359 Anno
544 4323 619 4373 1432.

433 4441 468 4498 In
491 4442 608 4498 octavis
631 4441 727 4499 sancti
751 4441 921 4513 Michaelis,
943 4441 1094 4514 Georgius
1119 4442 1282 4499 canonicus
1314 4441 1524 4514 zagrabiensis
1554 4441 1600 4499 in·

332 4545 535 4620 qnisicionem
558 4549 772 4605 chasmensem
795 4563 903 4606 coram
927 4547 1049 4607 Matheo
1080 4546 1118 4604 de
1148 4547 1272 4619 Paloch,
1296 4545 1397 4623 judice
1423 4547 1526 4606 curiae
1550 4564 1598 4604 re-

329 4654 397 4726 giae
421 4658 526 4710 contra
550 4654 708 4712 civitatem
730 4655 893 4728 proposuit
916 4653 946 4712 in
970 4654 1080 4711 merito
1103 4655 1245 4727 occupati
1269 4654 1349 4712 Otok
1375 4667 1474 4729 1427,
1499 4668 1593 4727 quam

329 4774 390 4818 non
414 4769 655 4834 comparentem,
679 4760 806 4818 mandat
820 4758 913 4836 judex
931 4760 1163 4818 chasmensibus
1181 4761 1385 4834 proclamare.
1409 4760 1523 4817 Datum
1550 4757 1598 4831 36,

331 4865 381 4923 die
405 4867 530 4925 termini
553 4867 738 4941 praenotati.

436 5001 549 5065 Georgii
570 5001 741 5058 Marcelovid;
762 5002 880 5066 Regesta
898 5009 927 5050 ut
947 5016 1031 5065 supra.
