3930 5802
722 521 796 580 Doc.
819 517 888 580 162.
911 555 955 566 —
977 521 1033 580 An.
1056 533 1145 599 1452.
1506 540 1543 581 aa
1550 539 1567 598 3

307 741 392 798 tibus
426 739 592 813 prescripti
631 737 810 796 monasterii
844 738 934 795 beate
967 739 1064 796 Marte
1100 739 1230 812 virginis
1265 737 1569 814 quomodocumque,

308 847 579 922 qualitercumque
612 845 792 904 relictarum
825 849 856 902 et
891 843 1084 916 donatarum,
1120 844 1242 919 prefato
1278 844 1405 903 domino
1442 843 1572 902 Nicolao

309 952 460 1012 moderno
482 952 620 1028 plebano
643 957 674 1010 et
703 951 818 1010 futuris
841 951 993 1009 universis
1017 951 1160 1025 plebanis
1182 969 1243 1027 per
1274 951 1400 1011 eosdem
1434 952 1573 1024 abbates,

308 1060 495 1119 modernum
515 1065 545 1118 et
560 1059 689 1131 futuros,
706 1074 831 1132 semper
847 1057 961 1116 debere
983 1059 1122 1132 persolvi
1145 1059 1241 1133 pleno
1263 1073 1335 1116 cum
1351 1058 1472 1130 effectu,
1486 1057 1573 1116 adiu·

309 1166 449 1225 dicamus
472 1171 503 1224 et
525 1182 582 1240 per
604 1165 660 1224 has
683 1170 804 1224 nostras
839 1163 1021 1222 diffinitivas
1059 1165 1229 1223 sentencias
1264 1159 1332 1223 dari
1366 1170 1396 1222 et
1432 1163 1573 1238 persolvi

309 1272 423 1330 debere
438 1273 679 1346 pronunciamus
690 1277 721 1330 et
736 1270 921 1329 mandamus
944 1285 1002 1345 pro
1017 1287 1098 1329 nunc
1113 1275 1144 1328 et
1165 1270 1312 1330 omnibus
1327 1270 1439 1328 futuris
1454 1275 1573 1344 tempo·

310 1379 419 1438 ribus:
441 1379 476 1437 In
497 1380 622 1437 nomine
645 1378 751 1453 patris,
775 1381 805 1436 et
828 1375 895 1448 filii,
923 1380 953 1434 et
986 1376 1115 1451 spiritus
1148 1376 1253 1438 sancti
1276 1377 1386 1436 Amen.
1421 1376 1574 1450 Quocirca

309 1484 401 1542 vobis
424 1483 558 1544 dominis
575 1484 718 1559 plebanis
735 1482 928 1557 supradictis,
941 1496 1059 1541 necnon
1073 1483 1227 1541 universis
1243 1487 1273 1540 et
1292 1483 1423 1556 singulis
1439 1482 1574 1543 dominis

309 1591 453 1664 plebanis
476 1596 507 1648 et
529 1590 731 1648 ecclesiarum
767 1589 995 1662 parochialium
1017 1589 1200 1660 rectoribus,
1222 1589 1426 1663 ipsorumque
1449 1591 1574 1649 vicariis

308 1711 363 1756 seu
386 1697 667 1756 locumtenentibus
690 1696 886 1771 presencium
907 1695 1055 1754 noticiam
1078 1694 1240 1766 habituris,
1257 1693 1296 1752 ad
1313 1709 1392 1768 quos
1415 1701 1574 1769 presentes

309 1804 516 1878 pervenerint,
537 1803 589 1861 vel
614 1803 668 1876 qui
692 1802 888 1876 presentibus
911 1800 1032 1859 fueritis
1060 1801 1210 1874 requisiti,
1246 1806 1300 1858 aut
1321 1800 1402 1860 alter
1433 1809 1572 1861 vestrum

309 1909 402 1968 fuerit
424 1910 600 1984 requisitus,
622 1910 654 1968 in
676 1909 794 1967 virtute
817 1913 921 1966 sancte
943 1907 1123 1966 obediencie
1147 1913 1177 1964 et
1199 1908 1259 1965 sub
1294 1908 1573 1967 excommunicaci-

309 2017 377 2074 onis
399 2031 488 2091 pena,
512 2031 608 2088 quam
630 2016 657 2074 si
679 2030 766 2072 secus
789 2013 922 2073 feceritis
945 2015 977 2072 in
1000 2028 1056 2072 vos
1090 2019 1125 2071 et·
1156 2019 1296 2071 vestrum
1333 2015 1506 2087 quemlibet
1529 2014 1574 2074 fe·

309 2122 407 2180 rimus
429 2122 462 2181 in
490 2121 551 2180 hiis
584 2121 719 2196 scriptis,
754 2120 887 2179 firmiter
913 2120 1105 2194 precipimus
1127 2125 1158 2177 et
1192 2118 1386 2192 mandamus,
1424 2126 1574 2194 quatenus

311 2231 451 2286 vestrum
474 2227 611 2286 universi
634 2227 854 2286 universaliter
876 2231 906 2284 et
928 2225 1045 2299 singuli
1067 2225 1275 2300 singulariter,
1299 2226 1354 2300 qui
1378 2227 1574 2300 presentibus

310 2333 429 2392 fueritis
451 2334 600 2406 requisiti,
624 2338 677 2392 aut
700 2333 779 2392 alter
802 2339 942 2392 vestrum
975 2332 1069 2391 fuerit
1091 2333 1268 2406 requisitus,
1302 2333 1384 2391 circa
1417 2333 1574 2408 prefatum

310 2438 472 2498 dominum
495 2441 645 2498 Mathiam
667 2440 815 2498 abbatem
849 2439 1034 2497 modernum
1058 2445 1088 2499 et
1120 2438 1241 2498 futuros
1275 2439 1405 2498 abbates
1437 2441 1575 2499 annotati

310 2545 490 2604 monasterii
510 2546 601 2604 beate
623 2547 719 2604 Marie
752 2546 891 2619 virginis,
925 2545 952 2603 si
986 2544 1081 2604 fuerit
1113 2551 1335 2620 opportunum,
1370 2547 1575 2620 personaliter

310 2651 471 2724 accedatis,
494 2653 642 2726 ipsosque
665 2654 764 2711 verbo
787 2656 894 2712 nostro
917 2652 1087 2711 salubriter
1110 2653 1324 2724 ammoneatis,
1348 2658 1382 2711 ut
1408 2653 1469 2728 ipsi
1493 2652 1574 2712 infra

309 2759 450 2833 spacium
473 2759 652 2833 quindecim
675 2759 798 2818 dierum
821 2774 839 2817 a
862 2758 913 2816 die
936 2758 1120 2816 municionis
1143 2751 1219 2832 ipsis
1254 2758 1356 2816 fiende
1392 2759 1574 2819 immediate

310 2865 601 2940 computandorum,
620 2879 755 2938 quorum
778 2866 915 2939 quinque
938 2879 996 2939 pro
1020 2864 1132 2938 primo,
1157 2864 1295 2938 quinque
1309 2879 1369 2939 pro
1392 2867 1527 2925 secundo
1544 2872 1575 2925 et

309 2970 448 3045 reliquos
472 2973 609 3045 quinque
632 2971 698 3030 dies
721 2987 779 3046 pro
802 2973 898 3030 tercio
921 2975 952 3028 et
974 2970 1170 3045 premptorio
1193 2970 1327 3029 termino
1358 2985 1394 3028 ac
1428 2973 1573 3031 canonica

310 3079 484 3136 municione
507 3077 624 3136 eisdem
656 3077 859 3150 assignamus
884 3077 923 3134 de
946 3077 1092 3135 omnibus
1116 3083 1146 3134 et
1168 3075 1299 3149 singulis
1321 3077 1577 3151 obvencionibus,

311 3183 523 3256 legacionibus
553 3184 803 3258 quibuscumque
826 3189 856 3242 et
879 3184 1147 3258 qualitercumque
1180 3183 1300 3240 invita
1326 3183 1380 3240 vel
1412 3183 1444 3242 in
1466 3187 1575 3244 mortis

312 3289 443 3348 articulo
466 3295 521 3348 aut
542 3290 575 3348 in
596 3289 777 3348 infirmitate
801 3290 976 3348 decedentis
997 3306 1054 3364 per
1070 3289 1292 3376 parrochianos
1304 3291 1441 3348 annotati
1457 3291 1575 3351 domini

311 3395 433 3455 Nicolai
447 3401 501 3454 aut
515 3411 728 3455 successorum
750 3413 878 3455 suorum
901 3411 1112 3471 quoscumque
1135 3394 1215 3454 datis
1251 3395 1303 3452 vel
1336 3395 1456 3454 donatis
1479 3412 1514 3456 ac
1530 3397 1575 3457 di·

312 3503 422 3575 missis,
437 3503 565 3576 plenam
588 3509 618 3561 et
640 3503 853 3561 omnimodam
876 3502 1036 3578 impendat
1059 3502 1112 3560 vel
1135 3501 1316 3577 impendere
1338 3502 1471 3562 debeant
1487 3505 1574 3564 satis·

312 3608 492 3668 faccionem.
515 3609 578 3682 Qui
600 3610 627 3668 si
649 3609 787 3682 fecerint,
811 3611 890 3668 bene
913 3609 1049 3684 quidem,
1073 3608 1213 3682 alioquin
1236 3608 1351 3683 elapsis
1374 3608 1463 3667 dictis
1487 3611 1576 3684 quin·

313 3715 423 3774 decim.
439 3715 558 3788 diebus,
582 3715 741 3790 prefatum
765 3715 928 3775 dominum
963 3716 1114 3774 Mathiam
1148 3715 1296 3772 abbatem
1330 3714 1516 3774 modernum
1539 3733 1577 3776 ex

310 3837 392 3879 nunc
415 3827 509 3896 prout
531 3838 570 3880 ex
593 3827 674 3894 tunc,
697 3829 727 3881 et
750 3839 787 3881 ex
811 3827 884 3881 tunc
908 3829 1001 3898 prout
1024 3839 1062 3880 ex
1085 3837 1166 3880 nunc
1182 3827 1213 3878 et
1228 3835 1335 3880 omnes
1358 3837 1430 3880 suos
1458 3839 1576 3882 succes·

312 3942 397 3986 sores
420 3929 550 3987 abbates
582 3929 731 3988 videlicet
767 3929 899 4004 predicti
934 3929 1113 3988 monasterii
1148 3929 1237 3986 beate
1266 3927 1371 3999 Marie,
1406 3929 1432 3987 si
1454 3945 1576 3988 necesse

313 4032 405 4092 fuerit
428 4039 459 4092 et
482 4034 630 4109 predictis
652 4035 797 4109 plebanis
821 4035 950 4093 ecclesie
973 4035 1070 4093 sancti
1094 4035 1190 4092 Marci
1205 4032 1379 4108 predictam
1395 4035 1576 4093 canonicam

313 4139 491 4212 porcionem
516 4157 569 4198 seu
604 4147 749 4214 quartam
772 4141 810 4200 de
833 4142 923 4200 bonis
946 4147 976 4200 et
998 4142 1092 4199 rebus
1115 4139 1301 4214 supradictis
1336 4139 1410 4197 dare
1440 4141 1576 4214 abnega-

312 4246 422 4318 verint,
445 4247 576 4318 singulis
599 4247 709 4304 diebus
732 4247 896 4306 dominicis
919 4254 949 4305 et
972 4246 1091 4306 festivis
1115 4249 1146 4305 in
1172 4248 1286 4304 vestris
1317 4246 1465 4317 ecclesiis,
1500 4246 1575 4306 dum

313 4351 413 4408 maior
436 4351 604 4410 multitudo
628 4353 740 4426 populi
763 4352 803 4411 ad
827 4354 934 4411 divina
956 4352 1110 4411 audienda
1133 4353 1321 4424 convenerit,
1345 4351 1477 4426 pulsatis
1494 4368 1575 4411 cam·

313 4457 411 4530 panis,
435 4457 572 4516 candelis
595 4459 730 4516 accensis
760 4473 796 4516 ac
827 4459 941 4518 eisdem
979 4460 1120 4518 extinctis
1153 4460 1237 4518 etin
1272 4465 1387 4516 terram
1418 4459 1575 4533 proiectis,

312 4562 508 4638 pedibusque
542 4563 729 4622 conculcatis
765 4566 797 4623 in
831 4567 954 4638 signum
988 4563 1218 4623 malediccionis
1255 4568 1365 4636 eterne,
1389 4563 1516 4637 publice
1546 4571 1576 4622 et

313 4669 475 4729 manifeste
496 4671 768 4730 excommunicetis
789 4678 820 4730 et
842 4673 1124 4730 excommunicatos
1147 4669 1213 4730 fore
1238 4670 1434 4746 pronucietis,
1450 4669 1576 4728 eosdem

313 4776 476 4836 dominum
498 4779 648 4836 Mathiam
671 4779 818 4836 abbatem
842 4777 1027 4844 modernum
1051 4783 1081 4835 et
1104 4777 1225 4836 futuros
1248 4776 1378 4834 abbates
1408 4791 1426 4833 a
1460 4775 1577 4835 Christi

313 4883 460 4942 fidelibus
484 4883 629 4943 facientes
652 4885 753 4942 arcius
776 4885 896 4956 evitari,
919 4885 1008 4942 nulla
1041 4885 1171 4943 sollacia
1204 4889 1313 4942 nature
1346 4883 1481 4940 humane
1504 4898 1576 4941 cum

314 4990 358 5047 eis
381 4990 568 5064 peragendo
592 4997 644 5049 aut
675 4991 877 5049 elemosinam
908 5007 961 5050 seu
1001 4991 1177 5064 hospicium
1212 4977 1474 5060 administrand03
1498 5003 1576 5062 quos
