3930 5802
732 552 804 610 Doc.
830 565 899 626 132.
926 583 965 594 -
991 551 1047 608 An
1072 563 1159 627 1441.
1516 551 1574 619 185

418 773 464 837 (A
484 775 580 836 tergo).
616 767 759 826 Providis
795 773 826 825 ei
860 767 1092 842 circumspectis
1126 764 1229 842 judici,
1265 765 1383 836 iuratis,
1407 765 1578 838 ceterisque

310 877 431 935 civibus
454 881 485 935 et
507 876 563 934 toti
584 875 800 933 communitati
821 878 926 932 nostre
949 874 1083 932 civitatis
1107 873 1221 931 montis
1256 871 1418 930 Grecensis
1454 871 1493 928 de
1522 871 1578 928 Za·

310 984 429 1056 grabia,
452 982 601 1040 fidelibus
623 981 736 1038 nostris
758 981 876 1038 sincere
899 979 1030 1038 dilectis.

416 1099 550 1170 Originale
568 1099 596 1148 in
614 1098 710 1150 charta.
738 1099 766 1148 A
793 1104 867 1163 tergo
894 1098 1047 1164 impressum
1065 1103 1105 1148 cst
1123 1095 1245 1162 sigillum.
1270 1099 1302 1148 In
1321 1096 1435 1148 archivio
1454 1096 1501 1148 lib.
1522 1112 1575 1159 reg.

312 1189 359 1242 civ.
379 1189 479 1254 zagrab.

905 1307 982 1376 132.

417 1435 498 1485 Anno
521 1447 595 1498 1441,
619 1445 657 1487 11.
677 1433 746 1485 maii.
766 1433 914 1497 Zagrabiae.

318 1528 423 1587 Coram
445 1528 570 1601 capitulo
592 1526 710 1600 zogrob.
740 1525 884 1599 Georgius
899 1526 1049 1602 presbyter
1070 1545 1175 1600 agnem
1197 1527 1360 1600 quemdam,
1376 1526 1471 1601 quiin
1488 1525 1578 1582 Novo

312 1618 384 1676 oilla
417 1617 490 1674 situs
522 1623 573 1688 est,
605 1633 643 1672 cx
685 1613 868 1674 Constantini
900 1617 1025 1689 episcopi
1056 1615 1213 1674 Rcsncnsir
1242 1622 1406 1674 testamento
1436 1614 1530 1671 altari
1556 1631 1578 1670 r.

516 1704 638 1762 Mariae
660 1703 861 1777 Magdalenoc
883 1704 914 1760 in
936 1705 1050 1762 ecclesia
1072 1704 1236 1762 cathedrali
1255 1704 1373 1762 exhibet.

417 1831 481 1889 Nos
501 1831 675 1905 capitulum
697 1831 824 1889 ecclesie
847 1832 1062 1904 zagrabiensis.
1086 1831 1204 1890 Notum
1225 1831 1356 1889 iacimus
1379 1836 1484 1888 tenore
1507 1845 1573 1904 pre·

312 1937 459 2007 sencium,
483 1937 599 2010 quibus
620 1936 747 2011 expedit
769 1937 928 1996 universis.
953 1937 1044 2010 Quod
1068 1937 1220 1996 discretus
1243 1937 1293 1996 vir
1315 1937 1460 1995 dominus
1482 1935 1578 1993 Geor·

313 2044 382 2116 gius
404 2043 559 2117 presbiter
581 2047 611 2101 et
633 2042 811 2118 predicator
833 2042 872 2099 de
895 2043 1044 2116 Meglech.
1069 2042 1199 2102 diocesis
1237 2047 1341 2101 nostre
1371 2042 1578 2116 ragrabiensis

313 2163 349 2206 ac
372 2149 520 2222 magister
550 2149 658 2206 altaris
681 2149 771 2207 beate
787 2149 883 2206 Marte
898 2147 1082 2222 Magdalene
1105 2150 1138 2207 in
1160 2149 1301 2224 predicta
1323 2149 1451 2208 ecclesia
1473 2153 1578 2206 nostra

313 2255 471 2313 existentis
487 2259 518 2313 et
533 2255 641 2326 habiti,
657 2271 715 2328 per
729 2255 948 2312 honorabilem
964 2255 1068 2313 virum
1086 2254 1247 2314 dominum
1264 2256 1391 2313 Petrum
1407 2255 1578 2329 plebanum

313 2360 442 2420 ecclesie
464 2363 562 2419 sancti
584 2361 732 2443 Johannis
756 2360 795 2419 de
817 2361 907 2419 Nova
930 2362 1008 2419 villa
1031 2367 1136 2420 nostra
1159 2362 1210 2420 hic
1233 2361 1384 2436 Zagrabie
1407 2362 1516 2419 habita
1539 2377 1575 2419 ac

315 2469 498 2527 canonicum
521 2468 650 2526 ecclesie
673 2468 1002 2541 quinqueecelesiensis
1033 2439 1159 2528 necnon·
1174 2473 1370 2527 executorem
1402 2469 1579 2526 testamenti

313 2573 472 2650 quondam
505 2573 669 2633 reverendi
705 2575 737 2632 in
773 2573 897 2632 Christo
932 2575 1030 2647 patris
1063 2573 1192 2658 domiui
1226 2573 1419 2632 Constantini
1439 2573 1578 2648 episcopi

313 2681 469 2740 rosnensis
489 2686 518 2740 et
544 2680 620 2739 dum
643 2681 772 2739 vixisset
793 2681 902 2738 vicarii
919 2680 950 2739 in
964 2680 1198 2754 pontificalibus
1213 2680 1342 2739 ecclesie
1363 2684 1469 2738 nostre
1483 2679 1578 2754 preli·

312 2787 384 2844 bate
405 2786 567 2860 generalis,
589 2803 661 2844 cum
686 2787 795 2844 ceteris
811 2787 874 2843 suis
887 2787 1139 2845 coexecutoribus
1155 2801 1213 2862 pro
1229 2785 1329 2844 salute
1352 2786 1454 2844 anime
1481 2786 1578 2861 ipsius

312 2892 470 2966 quondam
504 2892 623 2951 domini
645 2892 838 2951 Constantini
857 2893 996 2967 episcopi
1014 2893 1168 2952 rosnensis
1201 2897 1340 2951 nostram
1374 2893 1579 2966 personaliter

313 2973 438 3056 veniens
459 3000 491 3057 in
512 3000 713 3073 presenciam,
737 2985 893 3056 donressus
917 3003 962 3058 est
985 2999 1112 3058 oraculo
1136 2999 1207 3058 vire
1236 2999 1322 3057 vocis
1356 3013 1410 3056 sue
1443 2999 1476 3056 in
1497 3000 1579 3057 hunc

312 3104 458 3162 modum:
476 3105 634 3178 quomodo
648 3106 715 3178 ipse
731 3104 861 3163 domum
883 3121 937 3164 seu
960 3105 1052 3164 civile
1072 3121 1163 3164 suum
1188 3107 1371 3180 empticium
1394 3106 1426 3164 in
1438 3105 1578 3180 predicta

312 3209 391 3269 villa
413 3215 518 3269 nostra
540 3226 622 3269 nova
645 3211 725 3270 inter
748 3209 881 3270 fundum
897 3226 950 3270 seu
973 3212 1066 3270 civile
1077 3212 1272 3271 honorabilis
1289 3212 1431 3284 magistri
1447 3209 1574 3284 Georgii

313 3315 352 3374 de
373 3315 501 3389 Roycha
521 3317 597 3374 socii
619 3321 649 3374 et
665 3317 862 3376 concanonici
874 3317 981 3388 nostri,
997 3333 1036 3376 ex
1052 3333 1122 3390 una,
1142 3333 1178 3376 ac
1200 3317 1331 3376 domum
1354 3315 1577 3391 prebendalem

313 3437 408 3496 quam
430 3437 512 3480 nunc
534 3421 685 3480 discretus
716 3423 900 3480 Valentinus
935 3424 1090 3498 presbiter
1111 3423 1149 3482 de
1181 3423 1304 3496 Besene,
1339 3424 1427 3482 chori
1449 3423 1578 3482 ecclesie

312 3532 416 3586 nostre
438 3527 577 3603 predicte
599 3528 825 3602 prebendarius
849 3545 887 3587 ex
902 3534 1009 3587 nostra
1024 3530 1197 3588 collacione
1212 3529 1392 3604 possideret,
1416 3530 1456 3588 ab
1480 3529 1577 3588 altera

312 3634 463 3708 partibus,
486 3634 667 3692 existentem
692 3639 722 3692 et
755 3635 907 3706 habitum,
943 3653 1015 3694 cum
1045 3638 1191 3696 omnibus
1226 3638 1289 3700 suis
1323 3636 1519 3710 pertinenciis
1541 3652 1577 3694 ac

311 3739 441 3798 edificiis
464 3739 640 3812 domorum,
663 3755 782 3799 necnon
805 3746 874 3799 orto
897 3741 977 3800 inira
999 3759 1098 3817 usque
1121 3743 1252 3802 fluvium
1276 3742 1463 3816 Cirlrwenylr
1486 3757 1574 3800 voca-

311 3852 380 3904 tum
411 3861 444 3904 se
478 3845 725 3921 protendentem,
760 3846 882 3921 prefato
917 3847 1044 3907 domino
1078 3849 1170 3908 Petro
1205 3849 1363 3908 executori
1401 3849 1577 3908 testamenti

312 3954 470 4027 prenotati
502 3957 532 4010 et
554 3969 613 4028 per
636 3968 826 4026 consequens
850 3953 888 4011 ad
912 3954 1011 4012 altare
1033 3971 1124 4012 suum
1146 3955 1235 4013 beate
1266 3956 1363 4013 Marte
1393 3954 1577 4028 Magdalene

312 4062 520 4132 prenotatum‚
544 4074 602 4134 pro
625 4060 736 4132 viginti
758 4059 882 4118 florenis
906 4061 1103 4134 vendidisset,
1127 4061 1297 4136 tradidiset‚
1321 4067 1352 4120 et
1382 4063 1576 4134 assignasset,

313 4181 394 4222 nunc
417 4169 451 4222 ut
474 4164 639 4239 prefertur,
662 4181 719 4240 per
749 4167 854 4240 ipsum
885 4166 1049 4226 dominum
1079 4167 1253 4241 Georgium
1286 4168 1515 4243 predicatorem
1546 4174 1576 4226 et

312 4277 438 4330 cunctos
471 4286 543 4330 suos
581 4287 773 4331 successores
808 4274 974 4348 magistros
1011 4273 1119 4332 altaris
1152 4275 1242 4333 beate
1276 4275 1372 4333 Marte
1394 4273 1577 4348 Magdalene

310 4377 467 4450 prelibati,
490 4383 643 4452 perpetuo
665 4383 695 4438 et
717 4380 965 4439 irrevocabiliter
996 4380 1177 4454 tenendum,
1202 4380 1434 4456 possidendum,
1458 4381 1576 4455 pariter

312 4488 340 4541 st
364 4483 552 4543 habendum.
578 4484 698 4542 Harum
720 4491 899 4544 nostrarum
923 4486 1020 4560 sigilli
1042 4486 1140 4545 nostri
1162 4487 1351 4562 appensione
1385 4487 1576 4560 signatarum

282 4667 283 4670 Ἴ
312 4590 422 4663 vigore
445 4594 475 4648 et
498 4573 674 4649 testimonio
697 4591 872 4650 litterarum
897 4592 1059 4651 mediante.
1075 4592 1192 4651 Datum
1209 4593 1284 4651 feria
1301 4594 1408 4668 quinta
1431 4593 1574 4669 proxima

312 4701 383 4771 post
406 4695 521 4754 festum
545 4696 753 4769 apparicionis
777 4697 860 4756 beati
883 4698 1042 4770 Michaelis
1058 4698 1244 4772 archangeli.
1260 4701 1351 4758 Anno
1366 4697 1485 4757 domini
1505 4697 1576 4756 rnil-

310 4801 421 4860 lesimo
445 4799 751 4874 quadringentesimo
773 4802 1013 4876 quadragesimo
1036 4805 1147 4878 primo.

418 4918 552 4984 Originnle
571 4919 598 4968 in
616 4920 770 4971 membrana.
790 4921 910 4986 Sigillum
930 4923 1010 4975 deest.
1030 4925 1100 4972 Zona
1118 4923 1214 4974 sericea
1232 4923 1302 4972 rubri
1321 4929 1347 4972 et
1360 4923 1469 4973 violacei
1481 4923 1575 4974 cdloris

310 5009 416 5076 pendet.
434 5010 467 5058 In
486 5007 555 5060 arch.
575 5023 632 5060 ren.
652 5009 728 5075 oepit.
747 5012 847 5076 cagrab.
867 5009 929 5064 Act.
948 5027 1004 5080 cap.
1023 5019 1075 5062 ant.
1094 5013 1156 5062 iasc.
1176 5012 1218 5065 76.
1238 5029 1277 5066 nr.
1299 5025 1338 5080 17.
