3932 5806
689 569 764 628 Doc.
786 578 854 644 255.
874 599 916 612 -
937 567 995 626 An.
1019 561 1109 644 1467.
1470 579 1532 642 3¹3

270 787 458 862 supradictis
470 787 504 848 in
527 785 641 846 virtute
656 789 760 846 sancte
774 783 954 844 obediencie
977 787 1008 842 et
1022 781 1081 842 sub
1097 782 1429 858 excommunicacionis
1445 797 1534 857 pens,

270 893 444 956 municione
466 892 613 959 canonica
628 892 788 966 premissa,
805 889 937 951 firmiter
958 888 1159 966 precipiendo
1175 888 1368 964 mandamus,
1385 897 1535 966 quatenus

181 987 185 993 ’
269 998 340 1072 ipso
370 997 421 1058 die
451 997 546 1058 tercio
576 997 709 1072 predicti
732 996 804 1056 testi
826 996 1023 1058 Ascensionis
1045 995 1199 1056 dominice
1222 997 1254 1054 in
1277 996 1406 1060 ecclesia
1427 1002 1534 1056 nostra

270 1104 463 1178 zagrabiensi
485 1105 518 1164 in
538 1102 717 1163 huiusmodi
741 1107 844 1162 sancte
866 1101 975 1162 sinodo
996 1107 1026 1162 et
1048 1103 1114 1162 elus
1136 1101 1343 1166 celebracioni
1364 1103 1449 1164 iuxta
1464 1117 1535 1164 con·

270 1211 434 1271 tinenciam
457 1211 592 1271 aliarum
625 1209 802 1268 litterarum
830 1215 1017 1280 nostrarum,
1040 1208 1140 1280 vobis,
1163 1213 1198 1269 ut
1219 1209 1429 1284 premisimus,
1454 1208 1534 1284 pub·

269 1315 442 1388 licatarum,
473 1331 655 1390 comparere
685 1321 715 1376 el
736 1315 883 1374 interesse
905 1314 1051 1374 debeatis.
1075 1315 1140 1374 Vos
1162 1329 1237 1374 vero
1261 1315 1380 1373 domini
1402 1313 1535 1374 archidi-

269 1422 358 1482 aconi
387 1421 559 1496 supratacti
588 1421 667 1480 hanc
697 1425 836 1482 nostram
868 1421 1126 1496 prorogacionem
1159 1403 1305 1482 omnibus
1336 1420 1481 1496 plebanis
1502 1420 1535 1479 in

271 1527 382 1588 vestris
411 1526 711 1591 archidiaconatibus
741 1525 1093 1588 constitutis'citissime
1123 1527 1286 1602 publicare
1315 1532 1346 1586 et
1375 1525 1535 1594 notificare

270 1633 444 1705 teneamini,
467 1632 555 1692 aliud
576 1648 639 1692 non
660 1632 779 1692 facturi.
796 1633 912 1708 Datum
928 1632 1022 1705 Bude,
1045 1632 1124 1694 teria
1146 1631 1280 1692 secunda
1303 1632 1448 1706 proxima
1464 1637 1535 1705 ante

273 1737 386 1798 festum
411 1740 576 1798 beatorum
597 1739 737 1798 Tiburcli
760 1745 792 1798 et
812 1731 1009 1818 Vale(riani);
1034 1745 1089 1798 etc.

376 1891 529 1944 Memmi&
548 1893 576 1943 in
593 1869 719 1958 glossario
737 1908 832 1944 conevo
860 1894 893 1946 ln
910 1893 1007 1944 archiv.
1026 1891 1087 1947 incl
1106 1892 1184 1944 scau
1210 1892 1306 1945 scient.
1326 1889 1425 1944 slavor.
1444 1889 1534 1940 merid.

377 2068 437 2118 Alis
465 2068 609 2119 insinuatio
638 2074 693 2118 erat
720 2068 788 2118 iacta
822 2084 867 2134 per
893 2068 1026 2118 dominum
1054 2068 1205 2134 episcopum
1232 2065 1383 2117 Osvvaldnm
1409 2065 1443 2115 nd
1469 2063 1535 2114 cele·

270 2153 395 2207 brendam
419 2157 553 2223 synodum,
581 2155 703 2206 videlicet
729 2163 789 2222 post
811 2158 906 2207 testum
930 2155 1001 2206 besti
1025 2155 1151 2222 Stephani
1173 2155 1248 2220 regis,
1267 2155 1310 2204 die
1327 2153 1470 2210 dominico;
1489 2153 1536 2203 sed

270 2246 327 2312 ipse
351 2247 471 2296 dominus
495 2245 632 2311 episcopus
657 2251 763 2295 eatenus
790 2252 930 2311 occupatus
953 2245 1069 2310 negociis
1092 2245 1161 2309 regis
1179 2251 1227 2295 etc.
1247 2243 1297 2294 t'uit
1313 2243 1365 2293 ista
1382 2242 1535 2309 prorogacio
1610 2291 1614 2301 ,

269 2334 345 2392 fucta,
364 2341 497 2399 utsupra,
520 2349 588 2384 enno
612 2333 710 2384 domini
738 2333 970 2388 mcccclxxlr
989 2335 1035 2384 sed
1054 2333 1185 2384 intimacio
1204 2332 1253 2382 luit
1271 2333 1339 2382 facts
1355 2333 1423 2382 circa
1440 2331 1535 2381 festum

271 2423 378 2488 Georgii
396 2423 508 2473 martiris
527 2423 618 2472 eodem
636 2438 712 2476 nnno.

377 2512 453 2569 Item,
473 2524 506 2574 3²
529 2511 674 2561 insinuncio
693 2501 825 2578 spnodalis
842 2511 910 2562 sucta
928 2518 967 2562 est
985 2512 1013 2562 in
1031 2512 1074 2562 die
1092 2512 1193 2562 Methic
1211 2510 1331 2578 aposloli,
1350 2525 1417 2562 enno
1436 2508 1535 2559 domini

271 2597 522 2650 MCCCCLXXIII
540 2599 574 2649 ad
591 2599 773 2649 celebrandum
791 2607 904 2650 sanctum
922 2601 1048 2668 synodum
1066 2585 1264 2665 dominicaque
1276 2599 1415 2650 caniturin
1426 2597 1535 2649 ecclesis

272 2689 483 2750 ›Misericordias
500 2689 625 2758 domini«.
644 2689 736 2740 eodem
753 2705 829 2740 anno.

377 3079 458 3130 Anno
479 3079 554 3144 1467,
575 3092 615 3144 24.
635 3080 732 3146 aprilis.
752 3079 849 3132 Budae.

270 3189 414 3258 Mallias,
437 3190 615 3264 Hungarr'ae
637 3199 685 3249 etc.
709 3211 772 3263 rex,
802 3193 985 3252 exactoribus
1017 3193 1199 3267 vecitgalium
1228 3208 1358 3260 coronae,
1388 3190 1441 3264 qui
1467 3196 1537 3247 sunt

271 3294 445 3370 Zograbicre,
462 3297 616 3376 praecinit,
639 3316 674 3356 ne
689 3305 748 3372 pro
769 3317 858 3358 merce
879 3307 970 3374 supra
983 3299 1198 3374 praescriptum
1221 3317 1240 3354 a
1263 3296 1371 3355 civibus
1385 3297 1532 3374 exigatur.

976 3438 1131 3493 Commissio
1149 3439 1254 3504 propria
1271 3437 1369 3504 domini
1386 3437 1463 3515 regia.

376 3549 508 3606 Mathias
537 3549 589 3608 dei
616 3551 721 3626 gracia
751 3567 806 3610 rex
829 3552 998 3626 Hungarie‚
1022 3551 1193 3616 Dalmacie.
1215 3549 1343 3622 Croscie
1366 3556 1419 3611 etc
1445 3548 1533 3608 Fide·
1563 3629 1565 3632 Ι

270 3653 354 3712 libus
377 3655 491 3718 nostris
512 3657 709 3718 exactoribus
733 3658 935 3731 vectigalium
965 3673 1078 3721 corone
1101 3659 1133 3716 in
1155 3657 1282 3716 civitate
1302 3661 1408 3719 nostra
1429 3671 1534 3732 ragra-

269 3761 377 3834 biensi‚
393 3779 474 3828 nunc
497 3763 670 3822 constitutis
693 3769 724 3822 et
746 3765 777 3822 in
794 3763 934 3826 tuturum
950 3764 1179 3836 constituendis,
1195 3764 1372 3824 salutemet
1388 3765 1533 3843 graciam

270 3867 315 3926 Ex
338 3869 476 3942 querelis
496 3870 720 3930 nonnullorum
743 3870 887 3929 fidelium
909 3877 1091 3931 nostrorum
1109 3872 1285 3946 accepimus
1309 3869 1402 3931 valde
1425 3870 1534 3944 displi-

269 3979 381 4046 center,
405 3975 567 4048 quomodo.
586 3975 703 4036 dictum
726 3978 861 4050 vectigal
884 3993 995 4038 corone
1016 3994 1082 4036 non
1102 3977 1277 4052 secundum¹
1295 3977 1534 4052 disposicionem

270 4079 472 4154 prelatorum,
496 4082 651 4140 baronum
673 4089 703 4141 et
725 4084 881 4142 nobilium
904 4085 992 4158 regni
1014 4085 1113 4142 nostri
1143 4089 1173 4144 et
1193 4089 1336 4144 contenta
1358 4083 1535 4142 litterarum

269 4191 299 4243 et
321 4187 446 4260 registri
469 4189 566 4246 nostri
590 4189 760 4262 superinde
779 4190 863 4258 editi,
888 4190 941 4248 sed
965 4190 1140 4250 adinventis
1163 4189 1295 4250 diversis
1310 4190 1449 4250 abusivis
1464 4205 1534 4250 cau·

269 4293 340 4352 telis
362 4293 454 4366 longe
476 4295 568 4354 aliter
590 4295 772 4369 colligeritis
795 4301 826 4356 et
848 4295 989 4355 laceretis
1014 4296 1170 4372 colligere,
1201 4295 1356 4370 videlicet,
1387 4295 1470 4370 quod
1495 4295 1537 4360 ad

270 4413 480 4482 quascumque
503 4407 606 4474 partes
629 4401 661 4459 in
683 4401 752 4475 ipso
774 4417 870 4476 regno
891 4409 997 4460 nostro
1020 4401 1183 4461 Sciauonie
1205 4402 1336 4474 habitas,
1369 4418 1419 4462 res
1450 4417 1533 4462 mer·

269 4505 454 4571 cimoniales
472 4505 674 4580 deferrentur,
694 4509 916 4582 cuiuscumque
940 4509 1037 4582 precii
1059 4509 1137 4568 tales
1160 4525 1209 4567 res
1232 4509 1405 4582 existerent,
1429 4509 1535 4583 huius·

268 4609 356 4668 modi
377 4612 512 4686 vectigal
535 4613 576 4670 ab
599 4613 717 4672 eisdem
741 4613 882 4672 faceretis
905 4615 1093 4690 extorqueri,
1125 4616 1206 4674 unde
1236 4632 1274 4674 ex
1297 4615 1409 4674 litteris
1432 4621 1464 4674 et
1486 4631 1538 4690 roe

268 4717 366 4789 gistro
389 4719 502 4776 nostris
526 4719 604 4778 bene
627 4719 740 4778 intueri
763 4722 901 4794 potestis,
926 4721 1011 4796 quod
1041 4722 1146 4796 ipsum
1178 4723 1312 4798 vectigal
1343 4736 1456 4780 corone
1486 4737 1535 4782 so·

268 4821 431 4896 lummodo
454 4825 496 4882 ab
519 4824 584 4884 illis
606 4827 708 4897 rebus,
733 4842 793 4901 que
816 4825 855 4885 de
878 4828 937 4886 hoc
957 4843 1053 4900 regno
1075 4835 1182 4886 nostro
1205 4835 1236 4886 et
1259 4834 1363 4903 partes
1385 4828 1446 4889 sibi
1462 4829 1534 4888 sub·

267 4929 360 4988 lectas
384 4930 422 4988 ad
447 4937 551 5006 partes
574 4939 735 4990 extraneas
758 4939 997 5006 exportarentur
1020 4935 1072 4992 vel
1096 4934 1134 4993 de
1157 4934 1274 4994 eisdem
1290 4935 1535 5008 importarentur

266 5034 307 5096 ad
321 5051 454 5112 regnum
470 5043 613 5096 nostrum
635 5038 718 5111 exigi
734 5037 834 5102 debet.
858 5038 962 5117 Quam
985 5039 1027 5112 ob
1049 5055 1119 5102 rem
1141 5039 1285 5118 fidelitati
1303 5047 1404 5118 vestre
1420 5041 1532 5116 harum
