3930 5802
738 581 813 640 Doc.
839 593 907 657 140.
934 595 997 658 ¹41·
1023 615 1063 624 —
1088 582 1143 639 An.
1170 579 1385 659 1445-1446.

1015 783 1099 856 140.

523 931 604 981 Anno
629 944 703 998 1445,
726 944 763 996 17.
784 931 933 982 decembris,
953 931 1101 996 Zagrabiae.

523 1061 705 1136 Capitulum
727 1061 781 1120 dat
802 1063 921 1120 litteras
945 1061 1172 1132 confirmantes,
1196 1061 1280 1135 quod
1313 1062 1498 1120 Ambrosius
1528 1063 1684 1138 presbiter

417 1167 457 1226 de
479 1167 661 1241 Glaunicha,
683 1168 927 1243 praebendarius
949 1167 1158 1240 zagrabiensis
1181 1167 1336 1240 ecclesiae,
1360 1169 1487 1242 cupiens
1519 1169 1684 1243 praedium

416 1289 509 1334 suum
532 1280 562 1332 et
582 1290 655 1333 suae
678 1274 873 1348 praebendae
896 1273 1044 1348 Zepnicza
1068 1278 1205 1345 vocatae,
1227 1274 1434 1348 impopulare‚
1450 1274 1597 1333 omnibus
1611 1275 1683 1333 illo·

416 1379 522 1439 candis
544 1381 723 1440 libertatem
747 1379 840 1452 dedit,
864 1385 897 1438 ut
921 1379 1084 1438 duodecim
1108 1380 1195 1437 annis
1219 1380 1280 1437 sint
1303 1379 1344 1438 ab
1367 1381 1515 1438 omnibus
1537 1380 1682 1452 servitiis,

416 1486 496 1544 taxis
518 1487 613 1546 eliam
635 1485 887 1544 extraordinariis
911 1485 1012 1556 liberi,
1036 1485 1172 1560 demptis
1195 1485 1324 1543 decimis
1348 1485 1436 1543 bladi
1451 1491 1482 1543 et
1499 1485 1682 1544 muneribus
1756 1470 1765 1494 ⁸

415 1591 531 1662 solitis3
554 1597 625 1666 post
648 1591 812 1650 duodecim
833 1605 929 1648 annos
952 1606 1027 1648 vero
1050 1606 1067 1648 a
1092 1591 1233 1664 qualibet
1255 1591 1389 1648 sessione
1412 1592 1534 1650 nonnisi
1549 1597 1683 1666 quatuor

416 1713 527 1772 pensas
550 1697 758 1769 denariorum,
781 1698 812 1755 in
835 1696 914 1754 testo
936 1712 960 1754 s.
985 1695 1113 1768 Georgii
1136 1695 1222 1767 duas,
1246 1702 1276 1754 et
1301 1695 1378 1754 duas
1401 1697 1433 1754 in
1457 1695 1536 1755 festo
1558 1713 1580 1755 s.
1599 1698 1681 1755 Mar·

416 1805 482 1878 tini,
506 1819 541 1862 ac
564 1805 699 1862 decimas
722 1803 811 1862 bladi
833 1803 936 1862 solum
960 1802 999 1860 de
1022 1803 1111 1860 terris
1134 1804 1198 1860 suis
1221 1803 1386 1860 tlacalibus
1410 1808 1441 1860 et
1474 1818 1604 1860 munera
1633 1816 1682 1860 so·

415 1910 480 1980 lita,
503 1911 580 1968 alias
603 1915 707 1969 autem
731 1909 867 1968 decimas
890 1914 977 1966 extra
1000 1908 1127 1966 tlacales
1151 1915 1247 1966 terras
1271 1908 1409 1980 capitulo
1428 1907 1553 1978 cedant,
1577 1913 1682 1966 taram

416 2017 511 2075 etiam
533 2018 651 2090 regiam
677 2031 736 2091 pro
760 2024 900 2090 tempore
923 2015 1088 2074 casualiter
1110 2021 1320 2088 emergentem
1350 2020 1444 2087 atque
1474 2014 1681 2088 capitularem

416 2123 538 2181 solvere
562 2123 727 2180 debebunt.

522 2259 629 2322 Georgii
648 2257 819 2307 Marcelovid:
839 2258 965 2320 Regesta.
984 2263 1114 2320 utsupra.

1012 2481 1082 2551 141.

522 2647 602 2695 Anno
625 2645 699 2709 1446,
721 2659 742 2698 1.
759 2645 878 2710 januarii.
899 2645 1046 2708 Zagrabiue.

416 2771 445 2827 A
472 2769 631 2838 Benedicta,
662 2771 787 2844 episcopo
817 2770 1010 2842 zagrubicnsr',
1045 2772 1187 2830 canont'cis
1219 2771 1452 2846 zagrabr’ensibus
1474 2773 1529 2848 jus
1559 2771 1683 2829 testandi

949 2878 1144 2952 confirmatur.

520 3021 701 3079 Benedictus
725 3019 775 3078 dei
793 3025 822 3077 et
839 3020 1010 3094 apostolice
1027 3023 1109 3082 sedis
1124 3025 1229 3096 gracia
1245 3025 1408 3098 episcopus
1428 3023 1557 3081 ecclesie
1574 3037 1679 3095 zogra-

416 3127 539 3186 biensis.
564 3127 723 3186 Universis
746 3131 776 3183 et
800 3127 930 3199 singulis
963 3127 1078 3186 Christi
1112 3129 1260 3188 fidelibus
1296 3131 1491 3204 presentibus
1514 3135 1544 3187 et
1566 3129 1679 3186 futuris

414 3235 526 3291 harum
550 3235 725 3292 litterarum
747 3239 923 3291 nostrarum
947 3235 1093 3292 noticiam
1116 3237 1270 3294 habituris
1293 3237 1426 3294 salutem
1450 3240 1481 3294 et
1516 3236 1678 3293 celestium

413 3340 589 3413 graciarum
624 3340 804 3398 continuum
838 3340 1070 3412 incrementum,
1095 3342 1134 3400 ad
1181 3349 1363 3417 perpetuam
1398 3343 1443 3400 rei
1477 3342 1674 3400 memoriam.

414 3446 581 3504 Pastoralis
604 3462 677 3504 cura
708 3446 758 3504 cui
780 3445 941 3503 innitimur
963 3463 1002 3503 ex
1025 3449 1090 3504 alto
1112 3457 1141 3505 et
1174 3449 1269 3506 nostri
1299 3447 1394 3506 officii
1429 3447 1533 3506 debita
1563 3447 1678 3505 sollici·

414 3551 497 3624 tudo,
522 3568 583 3626 qua
606 3553 790 3624 insignimur
813 3553 956 3624 inmeriti,
980 3552 1019 3610 ad
1035 3553 1091 3610 illa
1108 3555 1269 3627 potissime
1292 3555 1395 3612 animo
1411 3553 1582 3612 exercenda
1598 3554 1676 3626 vigi-

416 3658 493 3716 lanti
516 3673 573 3716 nos
604 3657 761 3716 attendere
786 3659 898 3730 satagit
928 3675 1067 3732 perque
1091 3675 1254 3718 commune
1277 3662 1402 3732 bonum,
1426 3676 1475 3718 res
1500 3659 1627 3734 publica
1644 3665 1674 3717 et
1737 3711 1744 3724 ,

413 3765 515 3822 cultus
538 3765 636 3822 divini
659 3762 755 3821 officii
770 3765 877 3836 augeri
892 3765 921 3822 in
946 3766 1073 3822 ecclesia
1090 3766 1139 3825 dei
1155 3783 1191 3824 ac
1214 3767 1343 3824 devocio
1366 3765 1479 3842 jugiter
1502 3765 1560 3823 deo
1576 3764 1675 3824 lamu-

413 3870 550 3928 lancium
575 3871 605 3928 in
628 3871 737 3928 eadem
761 3872 978 3928 vehemencius
1001 3879 1031 3929 et
1053 3872 1205 3930 indefesse
1236 3873 1401 3947 provocari
1436 3873 1539 3930 valeat
1574 3881 1603 3930 et
1626 3887 1676 3930 ac·

413 3976 510 4034 cendi.
534 3978 571 4034 Et
594 3978 620 4034 si
642 3977 838 4049 singulorum
861 3977 951 4034 nobis
975 3979 1186 4036 subiectorum
1210 3978 1376 4037 commodo
1400 3995 1495 4052 quam
1519 3985 1549 4036 et
1573 3979 1677 4052 provi·

412 4083 491 4140 sioni
514 4083 710 4155 intendimus,
734 4099 807 4156 erga
830 4091 933 4141 tamen
957 4083 1089 4142 fratrum
1119 4091 1297 4144 nostrorum
1332 4087 1478 4159 quietem,
1513 4100 1591 4159 quos
1630 4085 1674 4142 ni·

411 4190 527 4246 mirum
561 4189 709 4262 ampliori
750 4197 779 4246 et
818 4190 975 4248 sinceriori
1014 4192 1254 4264 complectimur
1286 4193 1408 4264 affectu,
1444 4207 1550 4250 curam
1575 4193 1673 4249 eciam

413 4294 563 4352 debemus
586 4295 766 4368 impendere
789 4296 1017 4368 solliciciorem,
1042 4303 1076 4354 ut
1099 4297 1157 4371 ipsi
1182 4297 1307 4355 uberius
1330 4299 1552 4356 beneficiorum
1586 4297 1675 4356 donis

412 4407 441 4459 et
464 4402 645 4460 libertatum
669 4402 843 4475 privilegiis
866 4401 992 4460 fulcitos
1013 4419 1046 4460 se
1069 4403 1153 4475 ipsos
1176 4405 1312 4462 senciant
1327 4405 1502 4463 securitatis
1526 4404 1628 4477 clipeo
1646 4409 1675 4461 et

410 4515 514 4565 nostre
536 4507 671 4580 presidio
696 4509 896 4582 plenitudinis
919 4509 1135 4579 circumcirca;
1160 4511 1285 4568 tandem
1302 4511 1384 4584 quod
1411 4512 1520 4569 vivant
1537 4511 1675 4584 quiecius

411 4621 441 4671 et
464 4614 653 4688 placabilem
676 4615 809 4672 hostiam
833 4627 891 4688 pro
915 4623 1027 4686 nostra,
1052 4617 1260 4688 vivorumque
1291 4622 1321 4674 et
1356 4623 1552 4674 mortuorum
1574 4617 1674 4674 salute

411 4721 551 4779 omnium
575 4721 671 4778 offere
694 4721 813 4795 possint
841 4723 987 4793 creatori,
1018 4737 1090 4778 nam
1114 4737 1184 4780 cum
1219 4737 1328 4780 eorum
1366 4738 1460 4780 onera
1490 4724 1671 4794 excutimus,

411 4825 486 4885 dum
509 4826 655 4885 scandala
678 4843 885 4900 removemus,
909 4843 965 4886 nos
987 4830 1017 4885 in
1041 4844 1149 4886 eorum
1173 4830 1276 4902 quiete
1301 4831 1491 4903 quiescimus
1514 4835 1544 4887 et
1568 4831 1675 4902 utique

412 4934 558 4994 fovemur
581 4937 612 4992 in
647 4951 733 5009 pace.
757 4935 794 4992 Et
829 4951 899 4992 cum
924 4935 1009 4992 ullus
1042 4935 1095 4992 vix
1130 4935 1287 4993 modernis
1321 4937 1361 4993 sit
1395 4937 1598 5010 temporibus,
1621 4935 1675 5009 qui

412 5057 470 5116 pro
494 5042 693 5100 libertatibus
725 5041 938 5100 ecclesiasticis
961 5049 991 5099 et
1027 5057 1230 5116 personarum
1266 5043 1461 5114 tuicionibus,
1497 5055 1574 5117 quas
1596 5042 1674 5101 ordo
