3828 5822
685 593 757 652 Duc.
782 591 854 671 264.
879 627 919 638 -
945 594 1002 652 An.
1026 589 1118 671 1469.

860 804 948 871 264.

377 946 459 995 Anno
480 944 556 1008 1469,
576 956 600 1008 3.
618 945 740 997 octobris.
760 945 909 1009 Zagrabiae.

301 1074 498 1132 communitas
520 1073 647 1131 civitatis
668 1073 772 1130 montis
800 1070 952 1131 Grecensis
974 1089 1036 1129 cum
1058 1073 1184 1147 capituto
1206 1075 1327 1154 zagrab.
1344 1075 1513 1149 paciscimr.

373 1237 438 1295 Nos
453 1241 519 1295 tota
534 1235 743 1294 communitas
758 1235 884 1306 civium,
900 1234 1076 1292 incolarum
1092 1242 1122 1294 et
1138 1236 1381 1296 inhabitatorum
1398 1237 1532 1296 civitatis

270 1343 384 1403 montis
408 1342 571 1402 Grecensis
596 1341 635 1400 de
657 1338 744 1417 juxta
767 1340 961 1413 Zagrabiam.
985 1341 1138 1400 Omnibus
1162 1342 1277 1402 Christi
1300 1342 1448 1402 fidelibus
1465 1359 1535 1418 pre·

270 1455 389 1508 sentem
420 1449 568 1523 paginam
600 1447 804 1517 cernentibus,
837 1447 964 1520 eiusque
985 1447 1134 1505 noticiam
1156 1448 1319 1516 habituris,
1343 1449 1477 1508 salutem
1503 1450 1534 1508 in

268 1555 376 1615 salutis
408 1555 565 1628 largitore.
596 1553 677 1611 Cum
708 1551 802 1626 igitur
824 1551 922 1610 nichil
945 1553 985 1610 sit
1010 1558 1075 1611 tam
1099 1568 1272 1626 congruum
1297 1555 1433 1614 humane
1456 1554 1531 1614 fidei

268 1663 344 1736 quin
366 1665 396 1720 et
419 1675 515 1735 quam
545 1674 591 1728 ea,
614 1674 675 1733 que
704 1659 784 1716 iuter
814 1657 956 1716 homines
979 1665 1113 1731 aguntur
1133 1659 1225 1718 firma
1247 1665 1278 1719 et
1299 1661 1422 1720 illibata
1445 1663 1532 1720 omni

267 1772 409 1840 tempore
439 1771 668 1836 conserventur,
696 1771 726 1823 et
748 1781 786 1823 ne
809 1765 841 1824 in
871 1765 1064 1823 oblivionem
1088 1764 1167 1824 forte
1201 1773 1362 1841 posterum
1386 1767 1532 1827 devenire

266 1879 420 1948 poterunt,
450 1873 628 1932 litterarum
661 1871 834 1946 patrocinio
868 1869 1045 1930 fulciantur.
1070 1871 1203 1931 Proinde
1234 1872 1273 1930 ad
1312 1873 1531 1932 universorum

268 1985 332 2037 tam
357 1980 553 2054 presencium
584 1993 679 2052 quam
703 1976 882 2036 futurorum
904 1977 1051 2034 noticiam
1074 1977 1185 2036 harum
1209 1979 1288 2037 serie
1311 1979 1459 2037 volumus
1482 1979 1533 2038 de-

268 2085 391 2143 venire:
416 2085 564 2158 quoniam
587 2083 647 2142 hiis
663 2082 773 2141 diebus
797 2081 944 2140 videlicet
965 2087 1035 2156 post
1056 2082 1171 2142 festum
1192 2085 1276 2142 beati
1300 2085 1458 2143 Michaelis
1481 2102 1530 2144 ar·

266 2191 417 2264 changeii,
434 2191 577 2264 proxime
589 2189 780 2264 preteritum,
796 2189 951 2246 sevissimi
966 2189 1069 2260 Turci,
1085 2190 1202 2248 inimici
1217 2190 1373 2262 Crucifixi,
1397 2191 1533 2266 fideique

267 2303 297 2354 et
318 2296 477 2370 religionis
500 2296 665 2354 christiane
695 2299 909 2369 persecutores
938 2300 1031 2368 atque
1054 2295 1266 2356 devastatores
1294 2313 1392 2372 usque
1415 2297 1533 2358 vadum

266 2418 320 2460 seu
343 2407 471 2476 portum
494 2401 582 2460 ssuvii
604 2401 694 2460 Zawe
717 2401 917 2475 aplicuissent
939 2408 970 2459 ct
992 2401 1197 2474 advenissent,
1222 2403 1308 2461 cuius
1331 2403 1417 2463 fluvii
1441 2404 1532 2464 Zawe

265 2523 347 2584 aqua
377 2509 514 2566 muitum
545 2508 724 2568 decreverat
755 2511 787 2567 et
808 2508 976 2565 immorata
998 2509 1150 2581 extiterat,
1174 2509 1230 2566 ubi
1252 2509 1422 2568 multitudo
1452 2510 1533 2570 chri·

265 2615 437 2672 stianorum
466 2615 628 2688 utriusque
650 2630 742 2673 sexus
765 2615 928 2672 hominum
951 2629 989 2672 ex
1013 2614 1068 2672 iila
1092 2621 1182 2689 parte
1205 2615 1304 2690 ipsius
1327 2615 1415 2675 fluvii
1438 2617 1530 2676 Zawe

269 2720 459 2793 fugiencium
493 2722 639 2779 omnibus
664 2721 763 2793 bonis,
795 2735 914 2778 necnon
946 2719 1092 2778 domibus
1123 2729 1154 2780 et
1183 2721 1277 2779 rebus
1308 2724 1471 2781 acrematis
1502 2729 1532 2782 et

268 2825 425 2885 derelictis
448 2827 639 2900 affugissent,
662 2827 829 2901 ipsumque
852 2825 967 2884 fiumen
990 2826 1080 2884 Zawe
1104 2827 1156 2886 vix
1174 2828 1432 2899 transvadassent,
1456 2829 1531 2888 visis

264 2934 362 2992 eciam
393 2939 503 2992 eotunc
527 2933 729 2991 validissimis
752 2948 788 2990 ac
811 2933 1003 3006 impetuosis,
1026 2933 1307 3008 multiplicatisque
1330 2941 1359 2993 et
1390 2936 1526 2994 accensis

265 3040 385 3112 ignium
416 3038 559 3110 flammis,
591 3054 725 3112 quorum
749 3038 873 3096 flamme
896 3038 1057 3112 usquead
1081 3053 1153 3097 aera
1176 3041 1301 3098 celestia
1325 3056 1358 3099 se
1382 3041 1529 3099 subleva·

264 3146 356 3215 bant;
387 3161 424 3202 ex
456 3159 591 3219 quorum
620 3146 794 3204 Turcorum
825 3145 869 3202 sic
901 3145 1118 3219 multiplicatis
1147 3147 1314 3204 insultibus
1338 3151 1367 3205 et
1391 3147 1525 3206 invasio·

262 3251 363 3322 nibus
386 3266 504 3310 necnon
530 3250 807 3322 devastacionibus,
823 3251 913 3309 nobis
935 3256 965 3309 et
982 3252 1038 3309 toti
1061 3252 1278 3310 communitati
1296 3251 1377 3311 dicte
1394 3254 1527 3312 civitatis

264 3361 327 3414 tam
362 3363 492 3432 propter
521 3357 709 3432 paucitatem
742 3357 915 3429 hominum,
949 3372 1044 3430 quam
1078 3363 1109 3415 et
1138 3359 1310 3416 carenciam
1343 3353 1527 3417 victualium

263 3467 364 3521 terror
386 3463 542 3522 maximus
559 3463 770 3521 incumbebat.
787 3462 824 3519 Et
839 3463 898 3520 nisi
913 3468 989 3521 nutu
1002 3463 1231 3536 omnipotentis,
1254 3464 1527 3537 misericordisque

263 3567 321 3642 dei,
337 3569 494 3644 inopinate
517 3569 576 3628 hiis
599 3569 630 3626 in
655 3570 797 3643 proxime
820 3569 1020 3642 sequentibus
1042 3573 1072 3627 et
1094 3569 1202 3627 eiluxis
1225 3568 1344 3641 diebus,
1368 3571 1435 3644 ipse
1464 3575 1529 3629 tor·

262 3691 333 3733 rens
356 3674 443 3733 fluvii
475 3675 566 3732 Zawe
588 3673 767 3733 inundasset
790 3679 820 3732 et
843 3675 1034 3746 accrevisset,
1058 3673 1174 3733 nedum
1197 3675 1288 3734 nobis
1312 3681 1342 3734 et
1364 3677 1437 3735 huic
1452 3677 1527 3736 civi-

262 3783 317 3839 tati
348 3781 402 3840 sed
433 3787 463 3838 et
494 3782 593 3839 eciam
624 3781 682 3838 toti
712 3795 808 3854 regno
832 3781 1007 3854 periculum
1031 3786 1061 3839 et
1083 3781 1217 3840 exicium
1242 3780 1335 3839 finale
1359 3782 1523 3854 ingruebat

262 3893 293 3945 et
316 3887 494 3945 inminebat.
526 3887 564 3944 Et
586 3887 659 3960 quia
680 3885 874 3944 venerabiies
898 3885 1016 3945 domini
1039 3887 1186 3958 canonici,
1210 3887 1366 3962 ceterique
1392 3889 1453 3946 viri
1475 3903 1524 3946 ec·

262 3993 425 4052 clesiastici
453 3992 492 4051 de
523 3992 661 4067 capitulo
692 3993 822 4051 ecclesie
853 3993 1060 4066 zagrabiensis
1083 3993 1224 4052 videntes
1248 3999 1278 4052 et
1301 3995 1527 4068 persencientes

260 4099 403 4173 ipsorum
421 4099 594 4157 Turcorum
618 4099 845 4157 inmanissimas
861 4099 1101 4157 christianorum
1124 4099 1297 4157 invasiones
1320 4105 1350 4157 et
1372 4099 1528 4175 periclita-

261 4206 372 4278 ciones,
395 4205 621 4277 hominumque
636 4203 797 4278 utriusque
816 4221 907 4262 sexus
924 4205 1137 4277 abducciones,
1161 4206 1281 4278 ignium
1304 4208 1335 4263 et
1357 4205 1525 4265 domorum

261 4311 498 4381 combustiones,
522 4310 658 4384 propriis
680 4326 789 4368 eorum
812 4311 844 4368 in
867 4311 1006 4383 personis
1032 4325 1092 4368 una
1116 4325 1188 4368 cum
1211 4309 1342 4382 familia,
1366 4313 1524 4386 armisque

260 4431 296 4474 ac
320 4417 413 4474 rebus
437 4416 587 4489 ethonis,
619 4431 737 4474 necnon
760 4417 948 4474 victualibus
971 4417 1111 4490 ipsorum
1135 4417 1167 4476 in
1190 4417 1343 4475 auxilium
1368 4421 1398 4478 et
1421 4417 1526 4476 deien-

260 4523 379 4581 sionem
404 4529 543 4581 nostram
567 4529 596 4580 et
612 4523 710 4597 ipsius
724 4523 858 4581 civitatis
874 4523 1047 4597 apportatis
1063 4527 1093 4581 et
1104 4523 1255 4596 adductis,
1279 4529 1385 4582 contra
1400 4523 1526 4583 eosdem

260 4643 398 4701 paganos
426 4629 601 4702 pugnaturi,
625 4633 654 4686 et
681 4626 782 4703 ipsam
799 4629 945 4687 civitaten
960 4628 1128 4688 auxiliante
1151 4631 1356 4706 omnipotenti
1379 4637 1526 4704 creatore,

260 4739 325 4792 toto
355 4735 497 4809 ipsorum
530 4734 689 4792 conamine
721 4749 782 4793 una
811 4735 975 4793 nobiscum
1007 4733 1196 4796 defensaturi
1218 4735 1414 4796 advenerant.
1438 4736 1525 4810 Quos

259 4853 315 4898 nos
339 4839 562 4912 favorabiliter,
592 4841 794 4914 hilariterque
817 4845 847 4899 et
866 4841 999 4915 benigne
1021 4847 1268 4916 assumpmentes
1299 4846 1330 4902 et
1360 4843 1393 4902 in
1422 4844 1525 4918 ipsam

259 4945 419 5005 civitatem
449 4961 485 5004 ac
508 4947 541 5006 in
562 4946 702 5006 medium
732 4947 831 5006 nostri
853 4947 1100 5020 intromittentes,
1122 4947 1262 5022 hospicia
1285 4951 1316 5008 et
1336 4947 1447 5007 domos
1469 4963 1524 5007 no·

260 5059 340 5112 stras
371 5051 489 5113 eisdem
520 5054 693 5130 prebentes,
717 5053 790 5114 licet
813 5069 885 5112 curn
908 5055 989 5114 inter
1011 5070 1067 5114 nos
1090 5061 1120 5114 et
1142 5055 1244 5132 ipsam
1267 5055 1523 5116 communitatem
