3948 5804
753 605 828 665 Dor.
855 600 904 682 87.
928 637 971 648 -
995 603 1049 663 An.
1075 615 1164 681 1455·
1520 621 1578 680 113
1628 582 1633 592 Ι

314 813 483 866 ecelesiastici
501 815 683 880 inquisitiones
707 815 807 880 possint
825 815 909 866 iacere
927 821 1016 866 contra
1027 831 1080 869 eos.
1100 843 1135 854 -·
1151 813 1238 880 Judex
1255 811 1316 864 licet
1335 810 1492 864 existimaret
1508 813 1582 880 juxta

314 919 410 954 morem
434 903 515 968 regni,
535 903 647 953 utilitate
665 902 784 966 allegata,
808 903 981 968 juramentum
999 902 1033 970 ad
1051 903 1136 967 capita
1153 903 1247 952 civium
1272 902 1477 968 adjudicandum.
1497 907 1582 952 tamen

313 992 440 1058 judicium
458 1007 550 1042 causae
568 999 595 1042 et
613 991 790 1042 executionem
806 991 950 1042 litterarum
969 991 1150 1056 productarnm
1175 991 1208 1040 ad
1226 997 1329 1040 octavas
1353 1005 1373 1042 s.
1399 989 1536 1046 Michaelis
1553 989 1582 1040 in

316 1079 478 1145 personalem
497 1079 668 1145 praesentiam
686 1079 834 1136 transmisit,
847 1079 988 1144 obligando
1006 1079 1075 1130 cives
1087 1079 1121 1128 ad
1133 1093 1220 1128 earnm
1231 1077 1375 1128 litterarum
1387 1077 1581 1143 productionem

318 1173 387 1226 tunc,
415 1173 444 1218 ut
470 1173 647 1234 representent
676 1168 709 1217 ad
727 1174 830 1218 octavas
862 1167 1027 1233 Epiphaniae
1051 1165 1143 1232 judicii
1168 1166 1268 1218 seriem.
1305 1165 1430 1230 ngrubie
1463 1179 1505 1230 24.
1539 1165 1582 1216 dle

315 1263 461 1307 octavarum
480 1273 500 1309 s.
517 1245 618 1322 Jacobi.

422 1521 503 1572 Anno
525 1535 600 1589 1435,
620 1535 644 1588 7.
663 1522 783 1574 octobris.
922 1433 981 1502 87·

314 1631 530 1708 διζςήεηηιπᾶκς,
550 1633 727 1706 Hunguriae
756 1639 805 1690 etc.
835 1650 899 1702 rex,
921 1631 1120 1691 communitate
1141 1631 1266 1690 civriatr's
1285 1639 1407 1706 rogante
1430 1633 1581 1708 anb'quum

434 1739 525 1798 Belus
547 1739 604 1796 IV.
622 1737 816 1813 priuilegium
838 1737 874 1797 de
895 1737 1073 1796 libertatibus
1094 1739 1123 1796 ei
1141 1738 1274 1796 conccssis
1296 1737 1454 1814 confimat.

419 1880 635 1955 sigismundus
658 1881 709 1940 dei
730 1883 834 1955 gracia
856 1882 1070 1942 Romanorum
1092 1879 1272 1956 imperator,
1288 1897 1412 1957 semper
1423 1885 1581 1966 augustus,

317 2001 353 2046 ac
366 1988 532 2061 Huugarie,
549 1988 705 2060 Bohemie,
728 1987 897 2060 Dalmacie,
914 1987 1050 2060 Croacie,
1066 1988 1172 2060 Reme,
1189 1987 1305 2061 Seruis,
1328 1987 1469 2061 Gallicie,
1481 1987 1581 2046 Lodo·

316 2091 421 2166 merie,
445 2093 601 2166 Comanis,
625 2094 831 2168 Bulgarieque
854 2109 917 2152 rex.
950 2093 1103 2152 Omnibus
1134 2093 1250 2152 Christi
1280 2093 1427 2152 fidelibus
1456 2109 1581 2167 presen-

313 2199 398 2257 tibus
420 2199 537 2275 pariter
559 2205 589 2257 et
614 2198 727 2258 futuris
750 2215 876 2274 presens
906 2199 1059 2275 scriptum
1092 2199 1276 2275 inspecturis
1308 2199 1442 2258 salutem
1472 2199 1504 2257 in
1535 2213 1580 2272 eo,

314 2305 368 2380 qui
389 2311 436 2363 est
458 2306 599 2364 omnium
622 2320 697 2364 vera
721 2305 816 2367 salus.
840 2306 925 2364 Dum
947 2306 1057 2365 fideles
1087 2308 1167 2380 regii
1188 2323 1246 2382 per
1279 2305 1397 2365 donum
1430 2305 1581 2382 principis
1644 2307 1646 2310 ’

313 2411 467 2470 libertatis
483 2410 633 2470 beneficio
656 2415 686 2469 et
709 2411 919 2486 exempcionis
941 2413 1057 2471 solacio
1081 2413 1254 2486 pociuntur,
1271 2417 1344 2471 tunc
1363 2411 1477 2486 regalis
1493 2411 1581 2471 celsi·

316 2515 392 2575 tudo
414 2515 541 2574 laudem
570 2520 602 2576 et
631 2517 916 2590 augmentacionem
941 2517 1067 2577 honoris
1097 2517 1279 2592 adipiseitur
1309 2519 1341 2577 in
1371 2518 1515 2592 presenti,
1549 2519 1581 2576 in

318 2621 424 2681 futuro
447 2627 551 2680 autem
574 2623 709 2696 gloriam
731 2624 878 2698 consequi
908 2629 1030 2698 poterat
1051 2626 1282 2699 sempiternam,
1306 2629 1338 2682 et
1365 2629 1451 2683 tanto
1474 2625 1506 2683 in
1528 2639 1578 2682 su·

313 2740 405 2786 orum
428 2727 642 2787 subiectorum
664 2728 863 2787 multitudine
882 2730 1009 2788 uberius
1032 2731 1194 2804 gloriatur,
1210 2735 1325 2804 quanto
1347 2732 1434 2804 ipsos
1457 2730 1581 2790 directis

315 2833 437 2892 circiter
459 2835 622 2893 oculorum
645 2835 860 2909 conspectibus
894 2835 933 2894 ad
964 2852 1018 2894 sue
1049 2837 1218 2895 maiestatis
1252 2837 1472 2895 excellenciam
1502 2836 1582 2896 vidit

315 2940 470 3014 copiosius
492 2940 647 3014 ampliari.
680 2940 811 2999 Proinde¹
847 2941 887 3000 ad
917 2942 1136 3001 universorum
1164 2947 1227 3000 tam
1259 2943 1454 3017 presencium
1484 2955 1580 3016 quam

313 3043 492 3104 futurorum
523 3045 670 3104 notidam
703 3046 817 3105 harum
854 3048 934 3106 serie
966 3048 1114 3106 volumus
1147 3049 1326 3123 pervenire:
1357 3047 1442 3122 quod
1474 3047 1578 3106 fidelis

314 3157 420 3210 noster
442 3151 585 3235 Jacohus‚
609 3151 694 3210 filius
716 3153 866 3234 Johannis
889 3153 985 3228 Bolye
1008 3159 1039 3213 et
1071 3154 1168 3226 Fryca
1201 3152 1294 3230 jurati
1327 3156 1410 3213 cives
1439 3154 1573 3213 civitatis

314 3257 419 3314 nostre
442 3257 556 3314 montis
579 3255 741 3316 Grecensis
764 3257 803 3316 de
826 3258 978 3333 Zagrabia
1000 3261 1033 3319 in
1054 3261 1197 3334 ipsorum
1220 3275 1256 3319 ac
1277 3258 1397 3336 judicis,
1418 3261 1577 3320 universo·

315 3379 449 3438 rumque
472 3369 502 3421 et
525 3363 719 3438 singulorum
742 3365 867 3439 civium,
890 3366 1064 3426 incolarum
1087 3373 1118 3426 et
1145 3368 1305 3440 hospitum
1332 3366 1471 3426 eiusdem
1502 3365 1576 3426 civi·

313 3469 385 3528 tatis
406 3473 510 3528 nostre
539 3471 688 3545 personis,
718 3473 926 3532 exhibuerunt
956 3479 986 3532 et
1009 3479 1266 3547 presentaverunt
1297 3474 1389 3532 nobis
1424 3471 1575 3548 quasdam

314 3576 434 3634 litteras
448 3583 569 3635 nostras
585 3577 799 3652 privilegiales
817 3579 917 3654 priori
927 3593 1010 3638 novo
1026 3579 1168 3664 dupplici
1183 3579 1335 3638 autentico
1347 3578 1454 3652 sigillo
1464 3584 1580 3651 nostro,

315 3697 378 3755 quo
399 3687 434 3740 ut
456 3697 513 3741 rer
534 3683 694 3757 Huugarie
716 3685 890 3757 utebamur,
914 3691 944 3743 et
966 3685 1090 3758 pridem
1111 3690 1242 3760 propter
1265 3691 1467 3758 augmentum
1496 3684 1581 3742 tituli

316 3789 416 3846 nostri
445 3789 618 3864 imperialis
646 3792 797 3866 susceptis
833 3791 953 3849 coronis
983 3789 1200 3866 imperialibus
1229 3796 1324 3866 rupto
1354 3796 1385 3850 et
1414 3791 1446 3849 in
1475 3795 1580 3866 partes

313 3893 472 3968 dissecato,
495 3896 565 3955 loco
588 3896 735 3957 videlicet
756 3897 842 3956 cuius
864 3897 951 3956 aliud
965 3897 1110 3956 similiter
1125 3898 1315 3956 autenticum
1335 3896 1477 3972 dupplex
1494 3894 1580 3970 sigil-

314 3999 383 4060 lum
405 4015 465 4076 pro
486 4008 593 4062 nostra
623 3987 805 4062 celsitudine
835 4003 939 4079 sculpi
969 4003 1099 4064 fecimus
1132 4009 1163 4062 et
1196 4003 1344 4062 fabricari
1373 4003 1405 4062 in
1434 4001 1581 4077 pendenti

314 4107 517 4182 consignatas,
541 4113 663 4168 tenores
686 4110 896 4184 quarumdam
922 4109 1101 4169 litterarum
1134 4109 1266 4168 condam
1299 4109 1399 4170 incliti
1429 4109 1580 4184 principis

313 4211 432 4272 domini
453 4214 563 4274 Karoli
585 4199 667 4289 regis
689 4216 848 4289 Hungarie
873 4215 1101 4290 predecessoris
1129 4218 1227 4276 nostri
1250 4215 1405 4274 laudande
1427 4216 1579 4274 memorie

313 4320 465 4393 postremi
487 4321 535 4379 sui
557 4320 715 4396 dupplicis
737 4323 885 4380 autentici
906 4322 1004 4395 sigilli
1026 4324 1215 4398 appensione
1242 4323 1444 4396 munitarum,
1469 4321 1581 4380 confir·

312 4425 469 4482 marcium
492 4430 632 4485 tenorem
656 4427 818 4485 cuiusdam
833 4428 992 4502 privilegii
1008 4428 1147 4487 eiusdem
1170 4427 1303 4487 condam
1325 4427 1445 4486 domini
1466 4427 1578 4486 Karoli

311 4531 403 4603 regis,
426 4531 527 4618 veteri
547 4547 603 4591 suo
619 4533 723 4606 sigillo
740 4534 894 4591 autentico
910 4535 1081 4608 consignati
1096 4535 1310 4594 confirmative
1325 4536 1357 4594 in
1375 4551 1408 4594 se
1430 4535 1579 4593 habentes

312 4637 515 4711 privilegium
546 4637 677 4698 condam
711 4637 830 4697 domini
863 4639 944 4712 Bele‚
979 4642 1124 4700 similiter
1156 4642 1238 4714 regis
1275 4641 1443 4714 Hungarie,
1467 4640 1578 4714 proavi

312 4741 410 4816 ipsius
433 4743 566 4801 condam
589 4744 707 4802 domini
729 4743 840 4802 Karoli
861 4747 944 4818 regis
968 4753 999 4804 et
1021 4747 1248 4820 predecessoris
1272 4747 1328 4819 sui,
1351 4747 1402 4822 pie
1436 4743 1579 4804 recorda-

312 4847 420 4923 cionis,
442 4863 536 4923 super
558 4851 756 4909 libertatibus
779 4851 963 4910 eorumdem
984 4851 1104 4928 judicis,
1125 4853 1250 4924 civium,
1274 4853 1434 4927 hospitum
1450 4857 1482 4911 et
1496 4852 1580 4910 inco·
1692 4933 1693 4936 Ἴ

311 4952 415 5012 larum
436 4953 575 5014 eiusdem
597 4956 730 5014 civitatis
753 4958 868 5015 montis
891 4957 1055 5017 Grecensis
1079 4959 1117 5017 de
1139 4959 1292 5033 Zagrabia
1315 4957 1432 5018 eisdem
1454 4973 1577 5018 conces·

312 5060 412 5119 sisae
435 5061 605 5122 collacione
628 5063 790 5122 cuiusdam
813 5069 895 5123 terre
918 5065 999 5123 circa
1022 5070 1162 5124 montem
1185 5065 1288 5124 Greeh
1311 5065 1370 5124 sub
1404 5063 1577 5124 distinccio·

1477 5172 1493 5229 8
