3828 5822
661 608 735 670 Doc.
759 619 827 686 ²72·
853 641 895 654 -
919 610 976 668 An.
1001 619 1090 689 1472·
1438 621 1498 688 337

235 824 359 899 Caerye,
383 825 695 899 Kobilya,Zwih1ya,
711 825 819 896 Narth,
835 825 1027 900 Petrowyna,
1043 825 1264 900 Syllakowyna
1288 832 1319 886 et
1341 828 1502 901 Hraschya

237 937 371 1004 vocatas,
388 932 514 990 omnino
537 931 569 990 in
592 932 740 990 comitatu
765 932 958 1005 zagrabiensi
980 932 1151 1004 existentes,
1167 933 1299 1004 habitas,
1321 933 1353 991 in
1368 948 1502 1008 quarum

235 1037 366 1112 pacifico
401 1036 540 1096 dominio
571 1035 684 1110 prefati
715 1037 798 1094 cives
827 1020 1061 1111 predecessores
1084 1052 1156 1096 suos
1179 1039 1219 1096 ab
1242 1039 1370 1112 antiquo
1393 1039 1502 1113 persti-

235 1143 324 1216 tisse;
348 1142 402 1202 sed
434 1143 560 1201 tandem
590 1143 745 1217 preteritis
776 1142 1003 1202 disturbiorum
1026 1145 1222 1218 temporibus
1254 1160 1311 1218 per
1332 1145 1501 1204 nonnullos

235 1247 409 1308 detentores
432 1248 614 1307 earumdem
638 1249 909 1323 qualitercumque
924 1249 1027 1307 minus
1050 1250 1128 1307 iuste
1151 1251 1192 1308 ab
1215 1251 1284 1324 ipsa
1307 1251 1430 1310 civitate
1445 1264 1500 1310 no·

234 1362 299 1414 stra
321 1361 488 1430 occupatas
520 1361 551 1414 et
573 1356 722 1414 alienatas
752 1354 819 1414 fore
849 1361 996 1414 asserunt.
1029 1356 1107 1414 Item
1137 1361 1239 1415 totum
1269 1363 1299 1416 et
1330 1372 1423 1416 omne
1453 1355 1502 1434 jus

234 1469 376 1520 nostrum
406 1461 537 1536 regium,
567 1463 594 1521 si
623 1461 706 1537 quod
738 1463 770 1520 in
800 1462 929 1537 prefatis
959 1463 1207 1536 possessionibus
1229 1463 1499 1537 qualitercumque

234 1569 420 1628 haberemus
442 1574 496 1628 aut
517 1573 656 1628 nostram
686 1584 724 1626 ex
747 1569 997 1642 quibuscumque
1020 1569 1129 1641 causis,
1146 1569 1218 1640 viis,
1242 1568 1345 1628 modis
1368 1574 1398 1626 et
1421 1569 1500 1627 raci-

236 1669 350 1734 onibus
373 1681 569 1733 concemeret
593 1675 796 1747 maiestatem,
826 1674 922 1733 simul
945 1690 1018 1733 cum
1040 1676 1157 1734 cunctis
1180 1675 1362 1734 earumdem
1385 1675 1501 1734 utilita-

237 1781 322 1839 tibus
345 1785 376 1840 et
405 1781 601 1856 pertinenciis
625 1781 818 1855 quibuslibet
841 1781 1010 1855 premissis,
1033 1782 1078 1840 sic
1100 1786 1135 1839 nt
1157 1781 1322 1856 prefertur,
1345 1781 1499 1840 stantibus

236 1892 266 1944 et
289 1887 484 1959 habentibus,
507 1893 679 1945 memorate
702 1887 820 1946 civitati
842 1893 947 1945 nostre
970 1887 1084 1946 montis
1107 1886 1269 1946 Grecensis
1291 1893 1322 1945 et
1345 1901 1402 1961 per
1420 1901 1491 1946 con·

235 2008 365 2068 sequens
388 1993 510 2052 civibus
533 1998 564 2052 et
586 1993 762 2068 hospitibus
785 1995 817 2051 in
839 1992 949 2051 eadem
974 2007 1032 2068 pro
1055 1999 1196 2068 tempore
1218 1993 1500 2062 commorantibus,

234 2099 342 2172 vigore
370 2099 505 2158 aliarum
533 2099 710 2158 litterarum
739 2105 917 2158 nostrarum
947 2099 1199 2158 donacionalium
1229 2099 1340 2159 exinde
1372 2098 1498 2158 consec·

234 2211 337 2264 tarum
359 2205 392 2264 in
415 2210 602 2281 perpetuum
625 2206 854 2277 contulerimus,
877 2205 1075 2280 velimusque
1098 2205 1224 2265 eosdem
1257 2207 1290 2265 in
1321 2204 1496 2265 dominium

236 2309 417 2370 earumdem
448 2327 506 2387 per
536 2318 678 2372 nostrum
708 2319 738 2372 et
774 2319 914 2372 vestrum
936 2313 1080 2372 homines
1103 2313 1255 2386 legittime
1278 2312 1382 2372 facere
1403 2314 1499 2372 intro-

235 2415 313 2476 duci.
336 2417 436 2494 Super
466 2434 529 2494 quo
561 2419 706 2480 fidelitati
729 2426 832 2479 vestre
861 2419 1055 2492 mandamus,
1080 2424 1232 2494 quatenus
1256 2423 1395 2478 vestrum
1425 2418 1496 2477 mit·

234 2524 306 2582 tatis
329 2524 488 2584 hominem
510 2541 569 2601 pro
592 2526 768 2586 testimonio
784 2525 986 2600 fidedignum,
1003 2540 1066 2601 quo
1089 2531 1239 2600 presente,
1257 2524 1341 2584 lwek
1364 2525 1402 2584 de
1426 2523 1498 2584 Bre-

233 2645 382 2703 zowycza,
417 2647 481 2690 sew
514 2631 664 2691 Martinus
687 2632 726 2690 de
750 2631 979 2705 Schytaryewo,
1017 2633 1068 2690 vel
1103 2631 1236 2691 Michael
1260 2631 1495 2705 Bencelrowyth,

233 2740 287 2794 aut
310 2736 417 2796 Petrus
441 2737 480 2796 de
496 2737 644 2812 Kayenilr,
668 2754 722 2798 seu
739 2739 919 2798 Valentinus
943 2737 982 2796 de
1005 2737 1222 2811 Chernkowcz,
1247 2744 1300 2796 aut
1322 2737 1498 2812 Stephanus

233 2841 272 2900 de
296 2842 491 2918 Adamowcz,
514 2845 584 2903 aliis
606 2845 796 2918 absentibus,
815 2845 912 2903 homo
935 2849 1047 2916 noster,
1070 2843 1110 2902 ad
1134 2843 1227 2902 facies
1249 2845 1499 2919 prescriptorum

233 2950 464 3022 possessionum
493 2951 602 3010 vicinis
626 2957 656 3010 et
678 2952 897 3009 commetaneis
926 2947 1110 3008 earumdem
1133 2950 1285 3008 universis
1306 2949 1384 3008 inibi
1407 2947 1499 3022 legit·

234 3055 309 3113 time
332 3056 509 3115 convocatis
532 3061 561 3114 et
584 3057 781 3131 presentibus
796 3055 978 3128 accedendo,
1000 3055 1176 3114 introducat
1198 3059 1388 3113 memoratos
1413 3055 1496 3112 cives

233 3167 263 3219 et
294 3161 549 3220 communitatem
580 3161 660 3222 dicte
690 3163 824 3222 civitatis
853 3163 886 3222 in
909 3161 1083 3220 dominium
1105 3159 1298 3234 earumdem,
1319 3165 1497 3235 statuatque

188 3255 190 3260 ’
233 3266 360 3326 easdem
383 3267 500 3326 eisdem
533 3269 628 3328 simul
652 3285 724 3327 cum
745 3269 837 3344 ¹dicto
866 3266 935 3345 jure
957 3274 1064 3326 nostro
1085 3268 1170 3341 regio
1192 3267 1225 3326 in
1247 3267 1364 3326 eisdem
1391 3267 1500 3325 habito

232 3389 268 3431 ac
290 3375 408 3433 cunctis
429 3374 611 3435 earumdem
640 3375 829 3436 utilitatibus
858 3381 891 3460 et
913 3375 1109 3450 pertinenciis
1131 3375 1325 3447 quibuslibet
1347 3373 1500 3448 premisse

232 3485 337 3539 nostre
359 3494 440 3540 nove
460 3479 638 3542 donacionis
661 3481 752 3541 titulo
773 3487 922 3556 perpetue
945 3479 1155 3555 possidendas,
1178 3479 1205 3538 si
1227 3493 1290 3537 non
1313 3477 1406 3537 fuerit
1421 3493 1496 3536 con·

234 3585 420 3659 tradictum;
449 3587 691 3646 contradictores
714 3603 799 3660 vero,
830 3588 857 3646 si
884 3587 938 3660 qui
968 3585 1090 3660 fuerint,
1113 3589 1221 3644 evocet
1244 3584 1370 3642 eosdem
1393 3590 1500 3642 contra

233 3697 395 3751 annotatos
417 3693 500 3752 cives
523 3695 556 3752 in
579 3694 771 3768 presenciam
794 3695 949 3752 banorum
972 3691 1024 3750 vel
1046 3693 1271 3750 vicebanorum
1293 3691 1381 3763 regni
1397 3690 1496 3748 nostri

233 3797 396 3858 Sclauonie
426 3799 467 3857 ad
497 3800 666 3859 terminum
700 3806 936 3876 competentem,
968 3799 1125 3857 racionem
1154 3814 1208 3856 sue
1240 3795 1499 3855 contradiccionis

231 3904 416 3964 reddituros.
439 3905 477 3965 Et
500 3912 571 3981 post
592 3907 650 3966 hec
673 3907 853 3966 huiusmodi
874 3905 1115 3965 introduccionis
1139 3909 1169 3962 et
1184 3903 1362 3962 statucionis
1386 3903 1499 3961 seriem

231 4027 303 4069 cum
327 4012 590 4072 contradictorum
621 4019 652 4072 et
681 4019 890 4084 evocatorum,
923 4012 1026 4086 siqui
1058 4009 1180 4081 fuerint,
1204 4010 1441 4082 vicinorumque
1464 4013 1495 4066 et

231 4123 524 4190 commetaneorum,
548 4119 603 4192 qui
627 4119 779 4193 premisse
801 4118 965 4177 statucioni
988 4119 1158 4176 intererunt
1180 4115 1367 4186 nominibus,
1393 4115 1499 4172 termi-

230 4238 333 4297 noque
356 4223 511 4298 assignato
535 4225 652 4283 eisdem
676 4226 764 4284 banis
781 4225 831 4283 vel
848 4225 1006 4284 vicebanis
1022 4224 1136 4283 nostris
1159 4221 1295 4281 fideliter
1310 4221 1497 4279 rescribatis.

230 4329 347 4387 Datum
380 4329 466 4389 Bude
489 4329 566 4389 feria
597 4337 707 4404 quarta
737 4333 882 4406 proxima
912 4339 983 4406 post
1014 4330 1128 4389 festum
1156 4329 1379 4388 Penthecostes.
1407 4329 1499 4385 Anno

231 4434 350 4493 domini
372 4436 544 4494 millesimo
568 4436 873 4510 quadringentesimo
896 4436 1126 4512 septuagesimo
1150 4433 1294 4493 secundo.
1319 4435 1498 4506 Regnorum

230 4547 409 4598 nostrorum
432 4556 512 4600 anno
536 4543 695 4615 Hungarie
719 4549 773 4601 etc.
797 4541 1036 4631 quintodecimo,
1061 4541 1207 4600 Bohemie
1230 4555 1305 4598 vero
1329 4545 1451 4614 quarto.

335 4649 378 4716 (A
396 4651 492 4717 tergo),
523 4647 685 4706 Fidelibus
714 4649 828 4710 nostris
858 4649 997 4724 capitulo
1028 4648 1156 4706 ecclesie
1188 4645 1324 4704 albensis
1347 4659 1407 4720 pro
1439 4643 1499 4702 cir·

230 4755 416 4830 cumspectis
444 4755 556 4832 judice,
586 4753 703 4832 juratis,
736 4757 907 4828 ceterisque
929 4755 1051 4816 civibus
1080 4754 1214 4813 civitatis
1245 4757 1349 4812 nostre
1383 4750 1499 4809 montis

229 4859 399 4932 Grecensis,
423 4861 649 4920 introductoria
672 4867 703 4920 et
725 4863 900 4920 statutoria.

335 4997 470 5062 Originale
487 4999 515 5048 ln
534 4997 631 5056 charta,
650 5005 733 5048 entat
757 4999 838 5048 eciam
864 4997 893 5050 in
919 5003 1079 5062 transumpto
1107 4995 1215 5061 capituli
1240 4993 1354 5044 albensis
1372 4993 1405 5042 de
1431 5007 1498 5042 anno

233 5097 306 5153 1473.
325 5089 358 5137 In
376 5087 445 5139 arch.
463 5086 511 5139 lib.
530 5103 583 5152 reg.
603 5087 652 5141 cir.
670 5087 771 5152 ragrab.
