3932 5806
778 590 850 648 Dor.
874 598 942 665 172.
969 621 1005 631 —
1032 599 1120 666 1453·
1387 629 1390 636 ·
1511 601 1569 662 235

308 810 399 868 nobis
423 808 482 867 luit
505 808 665 867 humiliter
688 807 908 882 supplicatum,
932 814 966 865 ut
989 807 1112 866 statutis
1135 811 1165 864 et
1185 804 1435 864 ordinacionibus
1468 802 1573 862 huius·

308 915 403 986 modi,
427 931 486 990 pro
509 915 639 972 illorum
655 913 856 971 subsistencia
871 912 1012 986 firmiori,
1028 914 1126 972 robur
1141 913 1311 988 apostolice
1327 910 1574 969 confirmacionis

308 1013 498 1101 (tribuatur),
522 1037 558 1079 ac
581 1021 728 1095 episcopo
750 1020 943 1092 zagrabiensi
966 1035 1024 1094 pro
1047 1025 1187 1094 tempore
1218 1018 1369 1090 existenti,
1393 1016 1477 1090 quod
1501 1031 1573 1072 cum

308 1128 373 1186 eius
397 1127 517 1187 familia
540 1128 571 1186 in
593 1129 662 1202 ipso
686 1126 835 1200 hospitali
858 1141 912 1184 seu
942 1126 975 1183 in
1004 1126 1151 1184 domibus
1182 1123 1402 1198 hospitacionis
1433 1120 1572 1180 eiusdem

308 1236 425 1293 morari
447 1239 500 1293 aut
521 1249 643 1292 moram
667 1233 799 1306 trahere,
823 1248 942 1291 necnon
965 1232 1110 1308 capitulo,
1135 1230 1271 1306 pretatis,
1297 1245 1351 1288 nec
1374 1229 1511 1304 aliquem
1534 1243 1572 1284 ex

308 1341 461 1399 canonicis
485 1341 537 1398 vel
560 1340 785 1415 capitularibus
808 1339 889 1397 dicte
912 1339 1041 1396 ecclesie
1076 1355 1130 1396 seu
1161 1338 1193 1396 in
1222 1337 1369 1409 dignitate
1399 1333 1573 1392 constitutis

308 1447 348 1504 ad
370 1449 475 1522 ipsum
506 1446 669 1522 hospitale,
702 1445 777 1504 dum
808 1451 927 1504 rectore
957 1445 1098 1516 caruerit,
1129 1449 1222 1518 prout
1244 1446 1478 1512 consueverunt,
1503 1455 1572 1514 pre-

307 1558 427 1612 sentare
450 1552 564 1611 autad
588 1554 653 1611 eius
679 1553 816 1626 regimen
839 1551 989 1626 deputare
1020 1555 1209 1626 presumant,
1246 1549 1401 1616 inhibere;
1425 1545 1572 1620 quodque

307 1659 474 1717 elemosine
508 1660 568 1734 ipsi
602 1659 752 1733 hospitali
786 1657 948 1730 erogande,
984 1658 1111 1730 eiusque
1141 1655 1259 1715 fructus
1293 1657 1324 1714 in
1348 1652 1572 1712 sustentacione

307 1780 482 1839 pauperum
518 1769 745 1836 convertantur,
780 1769 914 1822 statuere
948 1769 978 1822 et
1012 1763 1164 1834 ordinare,
1200 1763 1330 1836 aliisque
1361 1761 1392 1820 in
1415 1757 1574 1833 premissis

308 1876 460 1944 oportune
483 1869 650 1945 providere
673 1869 711 1928 de
734 1870 923 1942 benignitate
946 1871 1117 1944 apostolica
1140 1868 1348 1943 dignaremur.
1383 1867 1446 1924 Nos
1469 1866 1573 1936 itaque

309 1975 347 2034 de
371 1977 531 2051 premissis
547 1981 662 2034 certam
679 1976 825 2035 noticiam
842 1991 903 2034 non
919 1977 1078 2048 habentes,
1092 1975 1272 2034 huiusmodi
1288 1970 1574 2048 supplicacionibus

306 2083 454 2156 inclinati,
478 2083 660 2142 discrecioni
682 2087 734 2141 tue
758 2098 814 2156 per
843 2081 1015 2156 apostolica
1043 2082 1159 2155 scripta
1191 2080 1383 2152 mandamus,
1414 2081 1590 2153 quatenus„

306 2191 333 2248 si
358 2195 388 2248 et
410 2195 575 2263 postquam
599 2189 657 2247 tibi
678 2188 716 2246 de
739 2189 860 2246 statutis
883 2195 913 2245 et
935 2187 1187 2247 ordinacionibus
1210 2187 1397 2258 huiusmodi,
1430 2193 1460 2244 et
1490 2184 1573 2259 quod

308 2295 364 2353 illa
387 2310 446 2370 pro
470 2294 702 2354 manutenencie
725 2299 755 2352 et
778 2293 861 2352 felici
883 2294 1034 2367 regimine
1058 2295 1132 2353 dicti
1155 2294 1319 2368 hospitalis
1341 2293 1480 2352 salubria
1511 2293 1574 2350 exi·

308 2407 398 2474 stant,
422 2401 560 2474 legitime
584 2401 762 2472 constiterit,
787 2405 900 2458 statuta
930 2405 960 2458 et
990 2401 1203 2460 ordinaciones
1232 2399 1412 2459 huiusmodi
1443 2400 1574 2458 auctori-

307 2513 368 2566 tate
390 2512 496 2566 nostra
519 2507 676 2582 approbes
698 2512 728 2564 et
751 2505 923 2578 confirmes,
940 2508 1151 2583 suppleasque
1173 2522 1281 2567 omnes
1304 2505 1450 2578 defectus,
1475 2506 1572 2579 siqui

309 2613 413 2672 forsan
436 2614 657 2672 intervenerint
680 2613 712 2671 in
740 2612 876 2683 eisdem;
901 2619 930 2670 et
953 2614 1172 2672 nichilominus
1196 2615 1222 2672 si
1244 2613 1520 2672 confirmacionem
1543 2615 1574 2670 et

307 2721 573 2797 approbacionem
597 2719 760 2794 predictas,
777 2735 833 2794 per
849 2725 879 2777 te
895 2719 1003 2792 vigore
1018 2721 1222 2795 presencium,
1240 2721 1402 2793 contigerit
1419 2721 1573 2794 episcopis

306 2828 557 2902 zagrabiensibus
580 2843 638 2902 pro
661 2833 802 2902 tempore
825 2825 1038 2898 existentibus,
1063 2826 1147 2900 quod
1171 2828 1202 2884 in
1233 2828 1303 2901 ipso
1334 2827 1482 2901 hospitali
1517 2841 1572 2884 seu

309 2935 374 2994 eius
391 2935 637 2992 habitacionibus
661 2949 731 2992 cum
748 2949 856 2992 eorum
873 2911 994 2991 familia
1010 2932 1048 2992 de
1064 2937 1165 2992 cetero
1180 2934 1369 2992 commorari
1384 2939 1437 2990 aut
1452 2947 1575 2990 moram

310 3041 426 3112 tacere3
450 3056 567 3100 necnon
590 3041 727 3114 capitulo
750 3040 887 3116 prefatis,
911 3041 938 3099 si
961 3039 1090 3097 illorum
1114 3039 1153 3096 ad
1176 3041 1235 3098 hoc
1258 3055 1422 3113 expressus
1445 3039 1571 3097 accedat

308 3163 457 3220 assensus,
481 3163 537 3205 nec
560 3147 699 3220 aliquem
723 3163 761 3205 ex
785 3147 938 3205 canonicis
959 3161 1013 3203 seu
1038 3125 1262 3219 capitularibus
1286 3147 1392 3204 autin
1423 3145 1572 3218 dignitate

309 3254 481 3312 constitutis
505 3253 544 3311 ad
568 3254 723 3327 hospitale
745 3255 858 3328 ipsum,
883 3253 957 3310 dum
981 3252 1062 3311 illud
1093 3257 1212 3312 rectore
1242 3269 1346 3312 carere
1381 3253 1573 3325 contingerit,

302 3362 485 3434 presentare
508 3364 562 3416 aut
585 3359 615 3418 in
632 3359 690 3417 illo
705 3361 863 3418 instituere
879 3365 910 3418 et
925 3359 964 3416 ad
982 3360 1046 3417 eius
1062 3361 1202 3431 regimen
1217 3359 1366 3434 deputare
1384 3364 1572 3433 presumant,

307 3465 415 3522 eadem
438 3467 620 3524 auctoritate
643 3467 783 3524 inhibeas
807 3472 837 3524 et
859 3471 975 3525 statuas
999 3480 1034 3523 ac
1057 3464 1189 3538 ordines,
1223 3465 1307 3539 quod
1331 3466 1498 3524 elemosine
1521 3469 1574 3523 aut

307 3570 425 3629 fructus
440 3570 580 3646 predicti,
593 3578 627 3630 ut
642 3572 805 3646 prefertur,
819 3574 849 3630 in
863 3574 1119 3631 sustentacionem
1136 3587 1311 3647 pauperum
1328 3579 1358 3631 et
1374 3572 1572 3631 infirmorum

306 3693 342 3735 ac
367 3677 445 3735 alias
467 3679 499 3736 in
524 3678 690 3738 utilitatem
715 3678 789 3738 dicti
813 3679 977 3754 hospitalis
1000 3679 1087 3736 iuxta
1118 3679 1367 3738 constitutionem
1399 3677 1498 3737 felicis
1527 3694 1574 3736 re·

306 3784 497 3843 cordacionis
520 3785 690 3844 Clementis
713 3801 794 3860 pape
819 3786 857 3844 V.
881 3785 1108 3860 predecessoris
1131 3786 1238 3856 nostri,
1269 3787 1301 3844 in
1324 3785 1455 3844 concilio
1479 3786 1572 3843 wien·

307 3891 394 3950 nensi
417 3907 512 3966 super
532 3893 591 3950 hoc
616 3892 740 3964 editam,
765 3898 992 3963 convertantur,
1013 3893 1179 3965 ipsumque
1210 3893 1366 3966 hospitale
1397 3894 1483 3952 iuxta
1514 3897 1574 3950 sta·

308 4004 373 4056 tuta
397 4003 427 4074 et
450 3998 663 4058 ordinaciones
687 3999 761 4058 dicti
777 4001 915 4074 episcopi
931 3999 1089 4072 perpetuis
1106 3997 1217 4056 futuris
1236 4001 1431 4073 temporibus
1446 4007 1573 4073 regatur

308 4109 338 4162 et
362 4106 559 4178 gubernetur,
583 4121 645 4164 non
668 4107 812 4164 obstante
835 4103 1054 4164 consuetudine
1078 4104 1217 4178 predicta
1241 4120 1276 4162 ac
1299 4105 1573 4164 constitucionibus

308 4217 337 4268 et
360 4211 610 4269 ordinacionibus
634 4211 821 4286 apostolicis.
845 4227 963 4270 necnon
986 4212 1108 4269 statutis
1131 4219 1162 4269 et
1184 4213 1459 4270 consuetudinibus
1475 4211 1573 4283 dictis

309 4315 493 4393 juramento,
517 4317 755 4376 confirmacione
778 4317 949 4392 apostolica
971 4319 1022 4375 vel
1047 4319 1157 4391 quavis
1173 4317 1321 4377 firmitate
1334 4320 1395 4377 alia
1411 4318 1574 4383 roboratis,

253 4493 256 4500 1
313 4425 483 4498 ceterisque
506 4427 668 4483 contrariis
692 4426 948 4499 quibuscumque,
972 4422 1039 4500 jure
1068 4431 1171 4482 tamen
1202 4425 1332 4498 capituli
1364 4425 1577 4499 predictorum

310 4537 340 4588 et
364 4532 529 4589 cuiuslibet
545 4532 672 4589 alterius
687 4531 765 4589 alias
781 4532 812 4590 in
827 4532 973 4589 omnibus
988 4547 1112 4605 semper
1128 4533 1226 4591 salvo.
1242 4534 1359 4591 Datum
1376 4535 1473 4591 Rome
1489 4530 1573 4604 apud

308 4643 446 4696 sanctam
471 4639 600 4697 Mariam
625 4639 783 4695 maiorem.
802 4640 891 4696 Anno
907 4637 1129 4696 incarnacionis
1146 4638 1298 4696 dominice
1315 4639 1484 4697 millesimo
1500 4652 1575 4710 qua-

308 4744 549 4816 dringentesimo
573 4745 829 4817 quinquagesimo
854 4745 957 4814 tercio,
988 4742 1061 4801 Idus
1086 4745 1223 4816 Augusti.
1256 4745 1453 4802 pontificatus
1476 4743 1574 4802 nostri

308 4865 388 4908 anno
411 4851 555 4923 septimo.

411 4989 435 5036 E
454 4995 613 5053 transumpto
632 4988 739 5053 capituli
758 4989 915 5037 chasmeusis
934 4987 1009 5036 valde
1027 4988 1111 5038 lacero
1131 4989 1162 5036 de
1181 5005 1248 5038 auno
1271 5001 1344 5055 1453.
1373 4991 1405 5039 In
1428 4989 1496 5040 arch.
1517 5003 1573 5039 ven.
1612 4966 1619 4980 ¹

310 5077 386 5141 capit.
406 5076 507 5140 zagrab.
528 5078 591 5129 Act.
610 5093 665 5142 cap.
685 5084 737 5130 aut.
758 5078 818 5130 susc.
839 5089 881 5142 75.
901 5093 938 5129 nr.
960 5089 1000 5142 35.
1120 5069 1121 5072 Ἴ
