3804 5858
374 543 436 620 448
671 599 678 617 ,
785 541 857 600 Doc.
875 536 953 618 346.
979 575 1018 584 —
1043 542 1100 599 An.
1126 535 1216 619 1487.

372 755 575 830 fidedignnm,
592 770 654 831 quo
667 763 809 830 presente
833 757 982 830 magister
998 756 1200 816 Sebastianus
1224 758 1262 817 de
1286 759 1447 817 Korothna
1470 759 1523 816 vei
1545 759 1643 817 Fran-

377 863 477 922 ciscus
500 862 539 920 de
568 863 722 935 Marocha,
753 869 807 922 aut
831 863 1067 922 Bartholomeus
1091 865 1130 924 de
1153 865 1300 938 Kaplath,
1325 865 1372 922 sin
1398 864 1580 923 Benedictus
1603 865 1644 923 de

374 967 476 1042 Thwl,
499 969 565 1028 sive
587 967 746 1028 Emericus
768 969 806 1027 de
828 969 937 1041 Lancz,
969 971 1054 1029 curie
1077 972 1162 1044 regie
1184 971 1333 1044 notarius,
1357 970 1427 1029 aliis
1450 970 1643 1044 absentibus,

373 1075 469 1134 homo
491 1081 604 1147 noster,
627 1073 667 1132 ad
690 1073 803 1133 faciem
827 1081 982 1149 sepetacte
1013 1078 1216 1150 possessionis
1246 1077 1406 1149 Hrazthya
1428 1077 1587 1150 appellate
1611 1077 1644 1134 in

374 1181 567 1256 preallegato
604 1181 752 1238 comitatu
786 1181 978 1254 zagrabiensi
1013 1181 1190 1254 adiacentis,
1213 1182 1322 1241 vicinis
1354 1187 1383 1240 et
1419 1181 1643 1241 commeianeis

374 1287 437 1346 suis
459 1285 612 1346 universis
641 1287 719 1344 inibi
748 1287 901 1360 legittime
924 1289 1101 1345 convocatis
1125 1293 1155 1345 et
1178 1287 1385 1362 presentibus,
1409 1285 1541 1345 eandem
1565 1303 1640 1346 cum

375 1394 493 1452 cunctis
515 1393 578 1451 suis
601 1391 789 1452 utilitatibus
812 1398 842 1451 et
865 1393 1064 1466 pertinenciis
1097 1394 1291 1466 quibuslibet
1315 1394 1496 1451 memoratis
1519 1393 1643 1451 civibus

374 1505 403 1557 et
426 1499 602 1573 hospitibus
625 1498 780 1572 sepedicto
796 1499 930 1558 civitatis
954 1500 1067 1558 montis
1091 1498 1261 1570 Grecensis,
1285 1499 1532 1573 eorumdemque
1548 1500 1640 1558 here·

375 1606 469 1664 dibus
491 1613 521 1663 et
544 1603 778 1680 posteritatibus
805 1604 958 1663 universis
987 1603 1055 1680 jure
1078 1606 1154 1680 ipsis
1185 1621 1223 1663 ex
1245 1605 1405 1679 premissis
1436 1605 1638 1663 incumbente

375 1718 489 1770 statuat
512 1718 542 1769 et
565 1710 739 1768 committat
762 1710 793 1768 in
825 1710 1049 1784 sempiternum
1073 1710 1301 1785 possidendam,
1325 1709 1490 1768 tenendam
1524 1713 1642 1785 pariter

375 1825 406 1877 et
428 1817 613 1888 habendam,
636 1817 882 1875 contradiccione
906 1818 1052 1891 prelibati
1074 1818 1224 1902 Johannis
1256 1817 1431 1890 Hennyngh
1454 1823 1484 1875 et
1507 1817 1643 1876 aliorum

377 1923 589 2000 quorumlibet
610 1936 672 1981 non
696 1923 845 1994 obstante,
869 1929 899 1981 et
924 1930 994 1997 post
1016 1924 1074 1981 hec
1105 1922 1285 1981 huiusmodi
1316 1923 1557 1996 possessionarie
1582 1929 1644 1981 sta·

376 2029 506 2090 tucionis
529 2021 650 2099 seriem,
684 2033 719 2086 ut
756 2028 848 2086 fuerit
885 2028 1063 2102 expediens,
1093 2028 1132 2086 ad
1156 2035 1280 2086 octavas
1315 2026 1384 2086 festi
1410 2029 1493 2087 beati
1517 2029 1644 2102 Georgii

376 2137 520 2206 martiris,
544 2151 625 2192 nunc
642 2142 797 2208 venturas,
814 2135 906 2194 nobis
925 2141 978 2192 aut
1002 2136 1093 2192 huius
1109 2136 1197 2208 regni
1220 2135 1380 2208 Hungarie
1403 2135 1543 2208 palatino
1566 2136 1644 2192 ami·

377 2243 520 2301 cabiliter
534 2241 722 2300 rescribatis.
740 2240 857 2298 Datum
874 2241 960 2298 Bude
972 2243 1168 2314 sexagesimo
1185 2240 1235 2298 die
1258 2251 1441 2299 octavarum
1466 2239 1535 2299 festi
1560 2242 1644 2298 beati

377 2349 537 2407 Michaelis
572 2347 758 2420 archangeli,
791 2349 1011 2422 predictarum.
1046 2349 1135 2406 Anno
1158 2347 1277 2406 domini
1301 2347 1473 2407 millesimo
1496 2347 1643 2422 quadrin-

376 2455 547 2530 gentesimo
570 2456 782 2527 octuagesimo
805 2456 950 2533 septimo.
984 2460 985 2463 ’

482 2583 523 2648 (A
543 2583 638 2648 tergo).
663 2581 779 2640 Amicis
801 2581 864 2638 suis
886 2579 1073 2652 reverendis,
1098 2581 1237 2654 capitulo
1267 2581 1396 2640 ecclesie
1419 2579 1641 2654 zagrabiensis.

376 2685 436 2744 Pro
453 2687 685 2760 circumspectis
702 2681 812 2761 judice,
836 2683 954 2761 juratis,
979 2686 1151 2759 ceterisque
1174 2686 1296 2744 civibus
1320 2695 1350 2744 et
1373 2687 1484 2744 incolis
1508 2685 1641 2743 civitatis

377 2792 491 2849 montis
516 2791 678 2852 Grecensis
701 2809 796 2866 super
812 2793 948 2866 quadam
964 2793 1205 2867 possessionarie
1227 2793 1397 2850 statucioue
1422 2807 1477 2866 per
1500 2798 1643 2849 nostrum

377 2903 408 2955 et
431 2905 571 2956 vestrum
593 2899 735 2956 homines
752 2898 845 2956 modo
862 2897 1064 2972 infrascripto
1085 2897 1195 2968 fienda,
1211 2900 1412 2970 memorialis,
1437 2899 1525 2956 cuius
1549 2898 1642 2956 series

377 3001 417 3062 ad
440 3008 565 3062 octavas
587 3004 658 3063 festi
681 3006 764 3063 beati
787 3005 915 3078 Georgii
939 3006 1076 3063 martiris
1098 3005 1238 3078 legitime
1261 3005 1455 3079 perdurandi
1476 3005 1568 3063 nobis
1591 3009 1643 3061 aut

378 3111 465 3182 regni
482 3111 640 3183 Hungarie
665 3111 802 3184 palatino
825 3117 872 3170 est
895 3111 1090 3185 reportanda.

484 3282 617 3346 Originale
636 3283 663 3332 in
682 3283 777 3342 charta,
797 3299 915 3332 exessum
933 3290 959 3332 et
980 3299 1068 3348 parurn
1094 3281 1213 3330 lacerum.
1244 3284 1270 3330 A
1297 3291 1370 3348 tergo
1395 3284 1532 3347 vestigium
1556 3282 1643 3347 sigilli.

378 3374 410 3422 In
428 3371 542 3420 archivio
560 3372 605 3422 lib.
625 3389 678 3436 reg.
698 3373 766 3424 civit.
786 3373 887 3436 zagrab.

971 3622 1059 3688 346.

486 3787 566 3834 Anno
588 3785 662 3850 1487,
685 3797 723 3835 ιο.
743 3784 895 3835 decembris.
913 3783 1012 3833 Budae.

379 3914 546 3992 Krab'evec,
569 3915 660 3990 Cerje,
675 3912 816 3988 Kobr‘ljak
831 3919 880 3974 etc.
893 3913 1090 3986 possessiones,
1105 3927 1179 3984 quas
1193 3910 1380 3968 communitas
1403 3909 1527 3966 crudatis
1543 3907 1646 3964 monh}

385 4015 537 4080 Gnceusrs
551 4021 633 4078 adse
649 4018 814 4088 vthdr'caoit,
836 4036 856 4074 a
885 4019 962 4092 regas
976 4015 1090 4093 judicio
1112 4015 1236 4090 capetulo
1258 4016 1448 4089 aagrabiensi
1461 4014 1643 4072 audeantur.

486 4182 550 4240 Nos
574 4182 718 4240 Vrbanus
749 4181 865 4238 electus
896 4185 926 4237 et
957 4177 1158 4237 confirmatus
1181 4177 1309 4236 ecclesie
1339 4177 1497 4250 agriensis,
1521 4175 1644 4232 thezau-

380 4291 481 4349 rarius
503 4289 606 4363 regius
629 4305 665 4346 ac
687 4290 718 4347 in
741 4288 841 4346 causis
864 4287 896 4345 in
919 4283 1077 4361 presencia
1101 4283 1264 4358 palatinali
1285 4281 1477 4340 vertentibus
1494 4297 1550 4355 per
1565 4295 1645 4338 sere·

380 4397 543 4454 nissimum
567 4395 740 4470 principem
772 4393 934 4452 dominum
965 4391 1123 4462 Mathiam‚
1147 4389 1197 4447 dei
1220 4389 1324 4461 gracia
1347 4402 1452 4461 regern
1476 4387 1643 4458 Hungarie,

381 4502 528 4561 Bohemie
551 4511 606 4561 etc.
638 4496 811 4574 ducemque
842 4498 975 4569 Austrie,
1008 4496 1170 4554 dominum
1193 4469 1335 4552 nostrun'r
1368 4492 1644 4567 graciosissimum,

381 4607 476 4686 judex
500 4609 676 4684 deputatus.
701 4609 818 4665 Damus
843 4621 901 4679 pro
925 4603 1085 4672 memoria,
1117 4600 1202 4674 quod
1233 4602 1264 4658 in
1288 4599 1531 4674 congregacione
1555 4613 1645 4670 gene·

381 4717 442 4776 rali
476 4715 715 4790 magnificorum
749 4711 947 4772 dominorum
983 4707 1114 4767 condam
1148 4707 1308 4765 Michaelis
1342 4707 1443 4778 Orzag
1473 4703 1511 4762 de
1541 4701 1644 4772 thh,

382 4825 460 4883 alias
484 4823 558 4883 dicti
587 4823 674 4896 regni
706 4819 864 4893 Hungarie
897 4817 1026 4892 palatini
1049 4821 1079 4873 et
1101 4811 1213 4890 judicis
1236 4813 1447 4871 Comanorum
1469 4819 1499 4869 et
1522 4809 1644 4868 comitis

382 4930 531 5006 Stephani
555 4930 593 4989 de
617 4913 739 5001 Bethor,
761 4925 871 5004 judicis
888 4925 971 4983 curie
983 4922 1074 4995 regie,
1098 4920 1291 4978 universitati
1308 4919 1463 4977 nobilium
1479 4918 1645 4976 comitatus
