3932 5806
415 534 474 595 ²4²
822 519 894 576 Dor.
917 528 988 595 179.
1014 551 1053 563 -
1079 519 1135 576 An.
1159 529 1248 596 [454.

412 733 587 792 variacione
610 733 740 806 aliquali
764 738 794 791 et
817 737 898 792 statu
922 735 953 792 in
977 733 1086 792 eodem
1109 735 1141 792 in
1164 734 1356 808 presenciam
1375 733 1448 793 dicti
1464 732 1574 811 judicis
1590 735 1674 794 curie

412 839 495 912 regie
531 838 689 897 duxissent
724 839 964 912 prorogandam,
1000 841 1097 898 immo
1121 844 1328 914 prorogarunt
1351 855 1456 898 coram
1479 841 1570 900 nobis
1594 841 1676 900 testi·

411 947 516 1005 monio
539 947 735 1020 presencium
759 945 921 1004 mediante.
946 945 1030 1019 Quas
1053 947 1157 1020 sigillo
1181 946 1297 1020 egregii
1313 945 1448 1020 Georgii,
1465 947 1524 1006 filii
1539 945 1677 1006 Farlrasii

411 1052 449 1113 de
471 1053 577 1126 Ebres,
601 1053 723 1111 comitis
747 1054 846 1112 nostri
868 1053 1075 1126 zagrabiensis
1098 1053 1230 1112 fecimus
1262 1054 1446 1127 consignari.
1480 1053 1598 1112 Datum
1622 1053 1676 1111 Za-

410 1158 518 1232 grabie
541 1159 694 1232 vigesimo
709 1158 759 1217 die
778 1164 961 1218 octavarum
976 1157 1047 1216 testi
1064 1159 1147 1217 beati
1163 1159 1288 1231 Georgii
1304 1160 1441 1218 martiris
1457 1159 1675 1234 predictarum.

409 1267 500 1324 Anno
523 1264 641 1324 domiui
664 1265 833 1325 millesimo
858 1265 1162 1340 quadringentesimo
1186 1265 1444 1339 quinquagesimo
1468 1271 1588 1339 quarto.

512 1452 646 1518 Originale
663 1454 691 1503 in
709 1454 805 1512 charta,
824 1470 840 1504 a
858 1461 931 1519 tergo
950 1455 1087 1519 vestigium
1105 1454 1224 1520 impressi
1244 1454 1334 1519 sigilli.
1355 1455 1388 1504 In
1407 1455 1502 1506 archiv.
1522 1455 1582 1507 incl.
1596 1454 1675 1506 Acad.

412 1541 509 1593 Scient.
527 1541 626 1595 Slavor.
645 1543 735 1596 merid.

1006 1775 1089 1845 1‘19.

519 1931 601 1982 Auno
622 1944 697 1999 1454,
718 1935 759 1988 28.
775 1933 858 1998 Junii.
877 1933 1025 1998 Zagrabiae.

415 2059 451 2128 In
474 2060 596 2120 Petrum
620 2059 769 2119 Slaterkel
785 2061 1018 2120 archidiaconum
1036 2069 1156 2136 propter
1169 2062 1333 2136 falsariam
1356 2062 1503 2120 cuiusdam
1519 2062 1680 2122 documenti

600 2185 601 2188 ¹
690 2168 861 2242 capr'tutaris
882 2168 1083 2242 sigillationem
1102 2176 1197 2242 poena
1219 2169 1406 2227 constituitur·
1679 2161 1680 2166 ἵ

520 2310 667 2385 Sequitur
696 2311 863 2386 registrum
897 2313 1036 2371 omnium
1073 2311 1271 2371 dominorum
1306 2315 1525 2372 canonicorum
1549 2316 1677 2390 capituli

415 2418 631 2491 zagrabiensiq
656 2419 709 2492 qui
733 2417 936 2477 interfuerunt
959 2419 1088 2477 consilio
1112 2423 1141 2476 et
1164 2418 1288 2478 decreto
1310 2435 1367 2494 per
1383 2420 1467 2493 ipsos
1491 2428 1598 2480 contra
1622 2421 1676 2479 do·

415 2523 536 2581 minum
560 2521 685 2582 Petrum
716 2521 879 2582 Sloterkch
903 2524 995 2596 dict0‚
1018 2523 1271 2583 archidiaconum
1305 2524 1504 2584 dubiceusem
1539 2531 1594 2586 etc.
1618 2543 1676 2602 pro

415 2629 541 2688 falsaria
573 2629 765 2702 sigillacione
799 2629 960 2688 cuiusdam
994 2631 1096 2688 littere
1129 2646 1186 2706 per
1220 2632 1324 2705 ipsum
1357 2631 1473 2690 furtive
1506 2639 1536 2690 et
1559 2634 1678 2692 occulte

415 2742 520 2810 preter
542 2737 655 2794 scitum
685 2735 886 2794 dominorum
919 2737 1055 2795 aliorum
1079 2736 1167 2809 facte,
1203 2735 1279 2794 feria
1309 2744 1396 2795 sexta
1430 2737 1575 2811 proxima
1608 2745 1679 2812 post

415 2841 530 2900 festum
553 2841 690 2900 Ladislai
720 2841 802 2915 regis
825 2849 855 2900 et
878 2841 1070 2914 contessoris,
1094 2857 1174 2900 anno
1197 2842 1315 2901 domini
1338 2843 1508 2902 millesimo
1532 2844 1678 2918 quadrin-

415 2949 586 3022 gentesimo
610 2928 867 3022 quinqtfigesimo
891 2953 1012 3022 quarto,
1036 2955 1066 3008 et
1089 2950 1149 3007 sub
1173 2949 1397 3008 iuramentibus
1428 2949 1569 3023 ipsorum
1600 2956 1678 3009 trac·

372 3077 378 3088 ·
416 3063 479 3114 tate
501 3065 531 3113 et
554 3055 718 3112 terminate
740 3055 792 3125 ita,
816 3054 901 3129 quod
924 3071 981 3129 per
1014 3061 1157 3129 tempora
1181 3055 1242 3114 vite
1273 3068 1327 3112 sue
1359 3055 1499 3129 prelatus
1534 3055 1679 3115 dominus

415 3161 524 3220 Petms
547 3160 691 3218 exclusus
714 3164 760 3218 est
783 3159 821 3217 de
842 3161 1002 3220 consorcio
1025 3160 1158 3220 fratrum
1181 3167 1212 3218 et
1236 3159 1319 3234 quod
1344 3177 1505 3235 nunquam
1530 3163 1680 3222 interesse

415 3268 529 3342 poterit
550 3266 745 3340 sigillacioni,
767 3271 802 3324 ut
825 3266 944 3325 videbIt
966 3268 1116 3341 sigillum,
1133 3273 1163 3326 et
1179 3268 1382 3342 proventibus
1406 3268 1545 3328 eiusdem
1561 3270 1680 3328 carebit

415 3377 565 3448 perpetue
588 3380 618 3430 et
641 3373 738 3430 eciam
763 3373 832 3431 aliis
855 3374 1060 3446 proventibus
1084 3373 1313 3432 canonicalibus
1337 3375 1466 3433 carebit:

521 3475 589 3522 Item
607 3473 697 3538 primo,
726 3473 846 3522 dominus
871 3473 950 3522 Vltus
976 3473 1123 3538 prepositus
1149 3473 1330 3537 zagrabiensis.
1358 3474 1556 3525 Bartholomeus
1582 3483 1678 3526 cantor.

413 3563 482 3612 Item
500 3562 614 3611 Mathias
633 3562 779 3632 prepositus
797 3561 954 3611 chasmensis
973 3569 999 3610 et
1018 3563 1050 3611 de
1070 3562 1184 3611 Bieuico.
1202 3563 1270 3611 Item
1283 3561 1412 3612 Steffanus
1425 3563 1594 3618 kathedralis.
1612 3567 1679 3614 Item

415 3651 534 3700 dominus
552 3652 644 3700 Petrus
662 3651 857 3701 archidiaconus
875 3651 908 3700 de
927 3650 1051 3700 Kemlek.
1071 3652 1138 3700 Item
1156 3651 1336 3716 Sigismundus
1348 3652 1543 3702 archidiaconus
1556 3653 1678 3705 Warosd.

414 3741 483 3790 Item
508 3741 622 3804 Jacobus
650 3741 682 3789 de
709 3740 852 3790 Plaoencia.
878 3741 993 3804 Joaunes
1020 3741 1112 3790 Bexiu.
1139 3741 1207 3788 Item
1232 3740 1392 3791 Franciscus.
1420 3742 1488 3790 Item
1507 3742 1628 3792 Matheus
1647 3742 1680 3791 de

416 3827 533 3878 Kelked.
560 3830 636 3878 Item*
655 3829 769 3878 Thomas
792 3829 916 3880 Iwanich.
943 3831 1011 3878 Item
1038 3829 1169 3880 Fabianus
1196 3829 1229 3877 de
1256 3829 1377 3894 Roycha.
1406 3831 1473 3880 Ilem
1498 3829 1628 3880 Steffanus
1647 3831 1679 3880 de

416 3917 585 3970 Chersttveca.
604 3920 672 3968 Item
687 3918 822 3983 Johannes
840 3919 872 3968 de
885 3919 1043 3970 Morowcha.
1062 3919 1129 3967 Item
1142 3917 1271 3968 Stelianus
1284 3919 1316 3967 de
1328 3918 1438 3972 Visolra.
1456 3917 1560 3968 Blasius
1574 3919 1679 3968 Nemes.

415 4008 483 4056 Item
501 4005 616 4056 Michael
632 4007 811 4059 Thussawecz.
835 4009 903 4057 Item
920 4007 1034 4073 Jacobus
1052 4008 1085 4056 de
1102 4007 1190 4065 Tium,
1210 4007 1305 4058 doctor.
1325 3999 1393 4056 Item
1412 4006 1532 4057 Clemens
1550 4008 1582 4056 de
1602 4007 1678 4057 Gara.

416 4097 483 4145 item
500 4095 614 4146 Thomas
633 4095 715 4148 Chad.
739 4098 807 4146 Item
825 4097 953 4146 Martinus
972 4097 1004 4145 de
1023 4097 1214 4146 Martinowecz.
1233 4097 1300 4150 Item
1319 4096 1433 4145 Mathias
1452 4096 1594 4146 Rakonolr.
1613 4099 1682 4146 Item

414 4184 547 4248 Johaunes
566 4185 599 4233 de
617 4185 698 4236 Stain.
718 4185 786 4234 Item
804 4184 885 4250 Elyas
904 4185 937 4233 de
956 4184 1106 4250 Soploncza,
1126 4185 1171 4248 qui
1195 4185 1299 4234 decreto
1323 4189 1349 4233 et
1373 4183 1482 4234 consilio
1507 4185 1637 4234 consensit
1654 4192 1680 4234 et

415 4273 532 4322 interluit
549 4289 579 4322 ac
595 4273 698 4338 juravit,
718 4274 799 4323 eciam
817 4274 936 4323 dominus
952 4273 1067 4337 Jacobus
1086 4273 1280 4323 archidiaconus
1305 4271 1468 4336 goriczensis,
1492 4271 1553 4322 licet
1577 4272 1679 4322 debilis.

521 4363 556 4411 Et
584 4363 628 4412 isti
653 4363 789 4428 prescripti
813 4363 911 4412 domini
938 4362 987 4411 snb
1011 4363 1157 4427 juramento
1184 4361 1355 4426 promiserunt
1374 4368 1457 4410 astare
1477 4367 1503 4409 et
1518 4362 1605 4426 Jurare
1622 4377 1679 4410 curn

415 4450 530 4514 ipsorum
548 4451 674 4515 personis,
693 4452 770 4501 rebus
788 4459 813 4501 et
831 4451 907 4501 bonis
926 4467 955 4500 ac
979 4450 1077 4500 honore
1100 4451 1145 4507 ita,
1164 4451 1234 4513 quod
1253 4450 1275 4499 si
1294 4450 1362 4499 idem
1380 4450 1499 4500 dominus
1523 4451 1616 4498 Petrus
1635 4466 1680 4514 per

416 4537 559 4602 singulares
577 4555 708 4605 personas,
727 4541 863 4589 canonicos
891 4547 1039 4606 prenotatos
1063 4539 1142 4588 vellet
1167 4540 1350 4602 quoquomodo
1374 4555 1473 4598 vexare,
1496 4537 1567 4600 quod
1591 4553 1680 4586 omnes

416 4633 534 4676 tenentur
552 4629 685 4678 defensare
704 4629 753 4677 sub
768 4629 914 4694 juramento
933 4635 1076 4695 prenotato,
1095 4635 1121 4676 et
1141 4628 1162 4676 si
1181 4628 1240 4690 quis
1265 4645 1296 4676 ex
1321 4628 1450 4692 premissis
1475 4627 1583 4690 (lecerit)
1608 4626 1679 4676 aliud
1764 4631 1780 4654 ‘

416 4715 459 4780 (el)
478 4716 584 4766 axilium
603 4717 653 4766 sibi
674 4718 792 4783 prebebit
811 4720 919 4768 eandem
937 4719 1148 4784 dampnacionem
1166 4717 1285 4766 incurrat.

523 4894 601 4944 Liber
620 4895 714 4944 rubeus
733 4911 789 4946 ven.
809 4895 893 4960 Capit.
913 4895 1013 4958 zagrab.
1034 4897 1066 4944 In
1085 4895 1181 4946 arcth.
1201 4893 1260 4944 incl.
1281 4893 1365 4945 Acad.
1385 4893 1480 4945 Scient.
1501 4892 1569 4944 Slav.
1590 4891 1678 4944 merid.
