3932 5806
423 519 482 590 258
836 517 909 578 Doc.
933 511 1003 592 196.
1029 549 1070 559 -
1093 515 1149 574 An.
1173 525 1261 593 1457.

422 733 557 792 claustro
579 731 811 790 Heremitarum
841 733 931 790 beate
963 733 1059 790 Marie
1093 746 1219 806 semper
1252 731 1382 805 virginis
1410 733 1442 790 in
1468 730 1685 805 promontorio

420 839 612 913 zagrabiensi
635 837 772 908 fundato,
795 839 854 896 sub
877 839 985 911 regula
1008 843 1038 896 et
1055 837 1163 896 ordine
1188 837 1272 896 beati
1295 837 1384 897 Pauli
1409 837 1506 912 primi
1527 835 1686 908 heremite,

420 945 478 1004 deo
502 945 612 1004 devote
628 943 810 1003 famulando
826 949 1071 1019 perseveranter,
1086 943 1125 1001 ad
1141 949 1280 1002 nostram
1303 943 1508 1018 personaliter
1534 941 1686 1000 veniendo

420 1052 620 1126 presenciam,
643 1050 799 1110 confessus
822 1059 868 1111 est
891 1053 923 1110 in
945 1052 1027 1108 hunc
1050 1049 1196 1108 modum:
1219 1056 1254 1108 ut
1285 1051 1351 1126 ipse
1375 1050 1535 1127 quandam
1566 1054 1682 1106 terram

420 1173 509 1216 suam
531 1158 684 1216 arabilem
707 1158 738 1216 in
767 1171 879 1232 campo
895 1163 924 1216 et
940 1157 1095 1215 territorio
1111 1157 1243 1214 civitatis
1259 1158 1379 1232 prefate
1404 1172 1502 1231 prope
1518 1153 1690 1229 quemdam.

420 1264 524 1322 locum
548 1265 719 1338 vulgariter
741 1264 900 1337 Trathyna
923 1269 1079 1335 vocatum,
1111 1263 1190 1321 inter
1212 1269 1328 1322 terram
1351 1263 1506 1322 arabilem
1531 1261 1593 1319 viri
1615 1273 1686 1334 pro

420 1369 486 1428 vidi
508 1375 538 1427 et
559 1369 679 1429 honesti
701 1371 817 1429 Mathie
840 1370 992 1430 carnificis
1016 1370 1144 1427 senioris
1167 1367 1261 1445 jurati
1284 1374 1313 1426 et
1337 1370 1472 1428 concivis
1495 1367 1605 1436 nostri,
1627 1364 1686 1423 filii

420 1475 568 1558 Johannis
590 1491 608 1534 a
632 1481 720 1550 parte
743 1477 886 1535 orientali
909 1483 939 1534 et
962 1476 1131 1554 intervias
1166 1491 1390 1534 communesa
1426 1471 1625 1532 meridionali
1656 1476 1686 1527 et

422 1584 463 1640 ab
487 1581 671 1640 occidentali
693 1597 729 1641 ac
759 1583 1046 1657 aseptemtrionali
1083 1583 1228 1656 partibus
1258 1582 1399 1640 habitam
1433 1586 1463 1638 et
1497 1579 1688 1646 existentem,

421 1689 547 1762 triginta
570 1693 600 1746 et
622 1705 718 1747 unum
741 1689 848 1747 sulhos
872 1690 968 1762 vulgo
991 1690 1079 1762 zloge
1101 1694 1227 1746 vocatos
1250 1689 1280 1746 in
1297 1703 1330 1746 se
1345 1687 1562 1756 continentem,
1580 1685 1684 1758 ipsum

421 1795 540 1852 scilicet
581 1793 709 1853 fratrem
748 1795 931 1853 Michaelem
964 1796 1149 1852 heremitam
1182 1792 1248 1869 jure
1284 1794 1461 1852 divisionali
1497 1789 1681 1849 litteratorie

421 1905 664 1968 concernentem,
688 1902 767 1960 sicut
790 1903 902 1959 hocin
926 1901 1062 1974 quadam
1086 1901 1189 1959 littera
1205 1907 1311 1959 nostra
1332 1917 1384 1958 seu
1408 1899 1543 1958 civitatis
1566 1895 1685 1971 prefate

422 2007 612 2081 privilegiali
629 2013 769 2080 tempore
786 2005 940 2083 judicatus
956 2009 1016 2065 viri
1040 2007 1165 2081 providi
1188 2013 1218 2064 et
1241 2007 1361 2065 honesti
1384 2004 1541 2064 Valentini
1557 2002 1685 2061 senioris

420 2111 530 2189 judicis
553 2117 582 2170 et
605 2113 740 2171 concivis
762 2113 868 2185 nostri,
885 2113 942 2171 filii
958 2113 1090 2172 condam
1108 2115 1266 2172 Michaelis
1290 2111 1399 2188 judicis
1416 2113 1490 2170 dicti
1515 2107 1685 2181 Saronych,

421 2219 453 2276 in
475 2233 555 2276 anuo
586 2218 733 2277 videlicet
756 2219 874 2278 domini
897 2220 1066 2278 millesimo
1089 2220 1394 2294 quadringentesimo
1428 2217 1686 2291 quinquagesimo

422 2325 530 2398 quinto
561 2325 592 2382 in
622 2323 702 2382 sesto
735 2326 945 2384 conversionis
976 2327 1056 2384 beati
1089 2326 1177 2384 Pauli
1207 2325 1350 2399 apostoli,
1369 2322 1563 2398 aliquamdiu
1587 2326 1686 2395 prete·

421 2431 497 2504 ritis,
521 2443 580 2503 pro
596 2436 684 2504 parte
707 2432 804 2505 ipsius
827 2431 931 2491 fratris
955 2432 1113 2490 Michaelis
1136 2432 1285 2490 heremite
1308 2429 1473 2505 superinde
1496 2427 1633 2486 confecta
1656 2433 1686 2484 et

423 2541 565 2593 emanata
599 2551 635 2593 ac
669 2551 775 2595 coram
811 2539 900 2596 nobis
934 2539 1091 2612 inspecte
1126 2537 1337 2596 demonstrata
1372 2551 1517 2610 expresse
1549 2533 1685 2592 vidimus

423 2643 580 2713 contineri,
603 2643 770 2700 simulcum
793 2645 937 2702 omnibus
960 2643 1098 2702 eiusdem
1123 2650 1203 2701 terre
1226 2659 1280 2701 sue
1303 2643 1432 2702 arabilis
1449 2642 1573 2714 triginta
1596 2640 1686 2698 unius

423 2747 584 2806 sulkorum
609 2749 725 2819 usibus,
748 2749 944 2822 utilitatibus,
968 2750 1236 2808 fructuositatibus
1259 2758 1288 2808 et
1314 2749 1511 2823 pertinenciis
1531 2746 1683 2804 universis

422 2854 492 2912 viro
521 2854 665 2913 similiter
694 2855 828 2929 provido
856 2861 885 2914 et
916 2856 1044 2914 honesto
1075 2857 1208 2930 Mathie,
1239 2856 1305 2914 filio
1337 2855 1494 2913 Laurentii
1524 2853 1685 2926 waarich

423 2961 640 3032 cognominato
664 2967 693 3018 et
716 2977 772 3035 per
795 2977 865 3020 eum
889 2963 988 3037 probe
1011 2967 1041 3020 et
1066 2964 1192 3020 honeste
1216 2963 1340 3021 domine
1372 2961 1535 3020 'Dorothea
1568 2965 1684 3029 vocate,

424 3067 558 3124 consorti
580 3043 637 3124 sue
658 3068 818 3140 legittime,
834 3084 891 3142 per
915 3084 1029 3142 eosque
1045 3070 1186 3143 ipsorum
1202 3068 1371 3127 heredibus
1387 3085 1446 3143 pro
1464 3066 1598 3125 sedecim
1614 3081 1684 3124 cum

423 3171 526 3231 medio
549 3171 672 3231 florenis
693 3175 807 3246 aureis,
837 3191 892 3248 per
916 3175 1048 3232 eundem
1073 3177 1221 3234 Mathiam
1246 3176 1409 3248 waarich
1442 3174 1563 3249 prefato
1594 3172 1684 3232 fratri

336 3299 340 3312 ·
423 3279 566 3337 Michaeli
590 3280 747 3351 heremite,
783 3287 876 3354 prout
898 3283 1030 3354 ipsemet
1064 3283 1154 3340 nobis
1188 3284 1296 3341 retulit
1329 3281 1393 3358 jam
1426 3282 1519 3356 plene
1542 3280 1621 3338 datis
1655 3284 1686 3337 et

422 3385 598 3460 persolutis,
621 3385 810 3444 vendidisset
833 3393 863 3444 et
886 3388 1081 3457 contulisset,
1105 3389 1204 3446 immo
1223 3405 1261 3446 ex
1285 3403 1432 3446 consensu
1456 3386 1570 3462 prefati
1592 3385 1685 3444 vicini

422 3493 470 3549 sui
493 3491 633 3548 vendidit
655 3497 685 3548 et
708 3493 838 3550 eontulit
862 3507 966 3550 coram
990 3493 1080 3551 nobis
1114 3491 1182 3568 jure
1207 3503 1360 3569 perpetuo
1383 3499 1413 3550 et
1436 3491 1685 3551 irrevocabiliter

423 3597 595 3669 tenendam,
615 3597 833 3670 possidendam
858 3599 974 3672 pariter
998 3605 1027 3657 et
1051 3600 1227 3657 habendam
1251 3615 1286 3658 ac
1310 3601 1395 3658 iuxta
1420 3599 1633 3658 condicionem
1656 3603 1686 3655 et

423 3702 671 3778 jurisdiccionem
694 3703 828 3762 civitatis
861 3712 1020 3779 prenotate
1043 3707 1084 3764 ab
1108 3707 1236 3780 antiquo
1271 3708 1480 3779 approbatam
1514 3703 1686 3779 quomodo·

424 3825 557 3883 cumque
581 3809 716 3868 voluerit
748 3809 981 3883 disponendam.
1019 3812 1171 3885 Antiquae·
1205 3827 1330 3886 quoque
1364 3812 1484 3870 litteras
1517 3811 1685 3881 universas,

423 3931 483 3988 que
514 3917 709 3990 presentibus
740 3901 841 3975 forent
871 3919 1038 3989 contrarie,
1063 3919 1094 3975 ·si
1127 3919 1158 3976 in
1189 3919 1378 3977 contrarium
1411 3918 1606 3992 presencium
1629 3933 1685 3992 per

423 4022 604 4096 quempiam
635 4027 664 4080 et
697 4024 808 4096 quovis
841 4029 1018 4098 temporum
1050 4025 1080 4082 in
1105 4041 1251 4099 processu
1275 4027 1306 4084 in
1330 4026 1418 4083 litem
1441 4025 1685 4099 producerentur

422 4144 531 4202 cassas,
555 4133 694 4186 mortuas
717 4129 930 4187 commisimus
953 4146 989 4188 ac
1011 4132 1131 4190 viribus
1155 4133 1312 4202 carituras,
1336 4147 1372 4189 ac
1401 4133 1541 4206 ipsorum
1566 4129 1685 4188 exhibi-

422 4235 543 4292 toribus
566 4237 732 4295 nocituras.
768 4237 801 4294 In
824 4237 911 4294 cuius
935 4239 979 4295 rei
1005 4239 1188 4296 memoriam
1218 4245 1311 4312 atque
1337 4239 1565 4308 testimonium,
1588 4237 1682 4295 firmi·

425 4345 583 4414 tatemque
613 4347 798 4416 perpetuam
827 4345 1022 4416 presentibus
1054 4345 1165 4402 litteris
1188 4345 1301 4404 nostris
1322 4345 1412 4402 novis
1435 4343 1684 4420 privilegialibus

421 4447 562 4521 sigillum
584 4455 726 4506 nostrum
749 4464 912 4508 commune
936 4450 1081 4510 duximus
1117 4452 1366 4526 appendendum.
1400 4451 1517 4509 Datum
1548 4450 1679 4508 sabbato

422 4554 567 4628 proximo
590 4559 661 4628 post
683 4554 797 4613 festum
831 4556 919 4614 beate
954 4556 1121 4615 Katherine
1155 4558 1284 4630 virginis
1318 4565 1348 4615 et
1384 4556 1557 4614 martiriris.
1596 4557 1685 4612 Anno

424 4659 543 4718 domini
568 4661 738 4719 millesimo
762 4662 1067 4734 quadringentesimo
1090 4663 1348 4736 quinquagesimo
1371 4662 1513 4736 septimo.

528 4795 661 4860 Originale
680 4797 707 4846 in
725 4797 879 4851 membrana.
900 4799 969 4848 Zona
988 4800 1084 4849 sericea
1104 4800 1180 4848 rubra
1199 4799 1327 4865 appendet
1341 4799 1437 4863 absque
1451 4799 1544 4864 sigillo.
1565 4801 1596 4848 In
1615 4799 1683 4850 arch.

421 4899 479 4938 ven.
500 4885 576 4950 capit.
596 4885 696 4950 zagrab.
