3932 5806
379 556 441 616 3¹4
812 539 886 597 Doc.
911 535 982 613 256.
1006 572 1048 582 -
1073 539 1128 596 An.
1155 536 1242 616 1467.

375 757 454 815 serie
476 755 608 815 firmiter
631 754 825 824 mandamus,
850 759 1000 828 quatenus
1024 755 1099 812 visis
1129 754 1332 828 presentibus,
1364 753 1519 812 ommissis
1550 751 1639 811 dictis

375 863 502 921 cautelis
518 862 701 934 adinventis,
725 861 902 936 predictum
924 875 1009 919 sacre
1033 876 1146 919 corone
1169 861 1302 932 vectigal
1325 866 1406 918 recte
1422 865 1453 917 et
1466 859 1553 917 iuxta
1567 873 1638 916 con-

374 975 457 1027 tenta
480 967 672 1045 prelatorum
696 968 872 1025 litterarum
896 973 926 1025 et
956 967 1086 1039 regestri
1115 967 1216 1024 nostri
1243 964 1409 1039 superinde
1438 965 1521 1036 editi,
1553 963 1638 1023 vide·

373 1076 446 1133 licet
469 1074 686 1132 tantummodo
709 1073 748 1131 de
770 1073 864 1132 rebus
887 1073 1175 1132 mercimoniaiibus
1198 1087 1258 1146 que
1274 1072 1312 1130 de
1329 1072 1470 1146 partibus
1485 1071 1638 1129 extraneis

372 1183 580 1256 importantur
595 1181 634 1238 ad
659 1196 789 1254 regnum
812 1185 953 1238 nostrum
976 1179 1029 1237 vel
1053 1178 1091 1236 de
1106 1178 1215 1237 eodem
1231 1183 1434 1252 exportantur
1449 1177 1489 1235 ad
1505 1177 1637 1248 easdem,

371 1289 475 1362 ipsum
500 1287 632 1360 vectigal
656 1294 841 1361 extorquere
865 1284 985 1343 faciatis
1008 1285 1179 1344 secundum
1209 1283 1340 1343 modum
1370 1291 1400 1342 et
1431 1284 1635 1358 quantitatem

372 1395 403 1451 in
425 1394 557 1466 registro
580 1392 747 1466 superinde
771 1391 854 1450 edito
885 1397 1035 1450 emanata.
1066 1389 1160 1449 Secus
1193 1405 1255 1448 non
1286 1388 1407 1450 facturi.
1440 1389 1636 1447 Presentibus

372 1499 527 1573 perlectis,
550 1499 710 1556 exhibenti
734 1499 891 1557 restitutis.
915 1473 1031 1555 Datum
1055 1497 1139 1554 Bude
1162 1497 1193 1554 in
1217 1495 1294 1558 festo
1314 1496 1397 1554 beati
1413 1495 1539 1567 Georgii
1555 1509 1636 1552 mar·

372 1606 446 1663 tiris.
469 1607 560 1664 Anno
583 1605 701 1664 domini
724 1605 894 1664 millesimo
926 1604 1231 1678 quadringentesimo
1262 1603 1454 1676 sexagesimo
1489 1601 1635 1676 septimo.

371 1711 469 1785 Regni
491 1713 588 1771 nostri
611 1727 691 1776 anno
714 1713 844 1785 decimo,
868 1712 1078 1771 coronacionis
1102 1726 1176 1770 vero
1196 1717 1316 1785 quarto.

476 1847 609 1912 originale
622 1848 648 1898 iu
667 1848 755 1897 charta
790 1849 822 1898 Iu
841 1849 955 1913 margine
978 1847 1094 1897 interiori
1117 1847 1269 1912 impressum
1294 1854 1333 1895 est
1358 1845 1472 1910 sigillum
1495 1846 1636 1897 maius.1n

369 1935 484 1986 archivio
502 1936 548 1989 lib.
567 1953 620 2002 reg.
638 1938 686 1991 civ.
705 1936 886 2002 zegrabiensis.

953 2168 1038 2234 256.

475 2309 556 2360 Anno
578 2309 651 2374 1467,
675 2322 712 2361 12.
732 2310 801 2361 maii.
821 2310 968 2374 Zagrabiue.

369 2415 535 2476 Sacerdotes
556 2419 758 2493 ragrabienses
780 2419 814 2478 de
843 2420 936 2477 atroci
955 2421 1069 2494 impetu,
1093 2421 1215 2494 aliisque
1237 2418 1360 2496 injvm‘is
1382 2438 1402 2476 α
1425 2420 1507 2477 laicis
1528 2419 1634 2495 syrim

650 2527 741 2584 illatis
762 2525 891 2584 Paulum
914 2525 957 2583 II.
972 2527 1080 2602 pontis.
1111 2545 1191 2589 max.
1214 2527 1371 2600 appellant.

473 2669 553 2727 Cum
592 2651 817 2744 appellac'ionis
847 2670 1022 2729 remedium
1052 2671 1084 2728 in
1115 2671 1292 2730 relevamen
1322 2684 1545 2745 oppressorum
1576 2669 1628 2728 vel

367 2775 580 2833 verisimiliter
607 2777 745 2850 opprimi
777 2775 1019 2834 formidancium
1051 2792 1069 2834 a
1101 2777 1214 2835 sanctis
1245 2777 1386 2851 patribus
1410 2783 1440 2834 et
1467 2777 1629 2850 utriusque

367 2880 442 2938 iuris
465 2879 652 2954 doctoribus,
676 2897 893 2957 sumpmorum
918 2881 1101 2956 pontificum
1124 2883 1306 2942 auctoritate
1329 2881 1474 2940 fulcitum
1497 2888 1527 2940 et
1554 2882 1632 2940 alias

367 2987 511 3045 canonice
541 2989 580 3047 sit
607 2989 790 3060 institutum,
821 2998 855 3046 ut
889 3003 932 3058 ea,
966 3005 1026 3062 que
1049 2989 1226 3048 contraius
1249 2988 1366 3060 fierent,
1390 2988 1487 3061 ipsius
1510 2988 1628 3046 auxilio

366 3091 574 3152 reformentur
604 3103 634 3152 et
663 3095 695 3152 in
717 3101 832 3152 statum
856 3095 997 3154 debitum
1021 3096 1228 3154 restituantur.
1252 3093 1385 3153 Proinde
1407 3108 1512 3152 coram
1537 3094 1627 3152 vobis

366 3199 598 3259 venerabilibus
628 3205 658 3258 et
688 3202 925 3261 honorabilibus
952 3209 982 3258 et
1013 3201 1153 3260 discretis
1184 3201 1260 3260 viris
1289 3201 1339 3259 hic
1369 3200 1565 3275 presentibus
1596 3205 1627 3258 et

364 3307 536 3364 astantibus
559 3311 589 3365 et
611 3313 675 3364 tarn
698 3309 819 3366 notario
842 3307 980 3382 publico,
1005 3315 1167 3382 tamquam
1190 3308 1366 3366 authentica
1382 3319 1514 3381 persona
1531 3305 1626 3379 legali

365 3417 395 3468 et
417 3412 513 3484 fideli,
535 3429 592 3471 nos
615 3414 751 3472 universi
775 3419 806 3473 et
829 3415 945 3488 singuli
968 3415 1253 3486 vicearchidiaconi,
1270 3414 1405 3488 plebani,
1423 3412 1626 3486 hospitalium

353 3524 395 3575 ,et
417 3519 565 3578 altarium
586 3527 721 3579 rectores
744 3537 801 3595 per
824 3527 922 3579 totam
946 3521 1105 3594 dyocesim
1136 3522 1368 3595 zagrabiensem
1401 3520 1534 3578 ubilibet
1562 3519 1624 3577 exi·

364 3629 477 3683 stentes
492 3631 522 3683 et
545 3627 711 3698 constituti,
735 3628 840 3686 animo
862 3633 892 3685 et
915 3628 1087 3686 intencione
1113 3627 1304 3701 provocandi
1317 3631 1347 3684 et
1362 3626 1553 3700 appellandi,
1570 3641 1622 3684 an·

364 3733 488 3789 nuimus
512 3739 542 3790 et
569 3735 757 3808 apponimus
781 3741 811 3792 et
834 3733 1017 3808 allegamus,
1041 3735 1241 3810 appellamus
1264 3739 1294 3792 et
1316 3732 1507 3808 appellando
1530 3731 1625 3790 dedu·

363 3837 463 3894 cimus
485 3843 515 3895 et
537 3839 605 3911 hiis,
628 3840 742 3913 quibus
775 3841 902 3898 interest
924 3845 954 3898 et
977 3841 1124 3899 interesse
1147 3841 1261 3915 poterit
1285 3821 1465 3914 quemlibet
1487 3839 1517 3898 in
1542 3838 1624 3897 futu-

362 3935 442 4014 rum,
476 3945 566 4017 gravi
595 3947 800 4020 proponimus
832 3962 903 4004 cum
938 3947 1083 4020 querela:
1107 3946 1190 4020 quod
1215 3947 1359 4020 quamvis
1382 3945 1570 4005 reverendus
1594 3945 1624 4004 in

363 4049 486 4108 Christo
508 4056 598 4125 pater
627 4057 656 4110 et
687 4051 839 4124 dominus,
863 4052 1007 4111 dominus
1030 4053 1203 4126 oswaldus,
1228 4053 1278 4112 dei
1301 4059 1330 4112 et
1353 4053 1524 4128 apostolice
1544 4053 1625 4112 sedis

301 4158 307 4168 '
361 4155 465 4228 gracia
488 4155 652 4231 episcopus
675 4158 891 4230 zagrabiensis,
914 4159 1053 4233 prelatus
1071 4163 1184 4231 noster,
1200 4160 1285 4218 iuxta
1301 4166 1482 4218 sanctorum
1499 4165 1625 4234 patrum

360 4262 507 4334 instituta,
531 4263 589 4322 hiis
612 4261 722 4321 diebus
743 4269 881 4322 sanctam
904 4264 1050 4323 indixerit
1073 4267 1129 4323 toti
1152 4265 1236 4324 clero
1259 4282 1313 4324 sue
1336 4265 1474 4338 diocesis,
1505 4273 1536 4324 et
1564 4267 1625 4338 sig·

361 4375 469 4428 nanter
490 4370 580 4428 nobis
610 4371 763 4444 plebanis,
794 4371 939 4430 sinodum
970 4371 1199 4431 celebrandam.
1224 4372 1349 4446 Nosque
1372 4372 1473 4431 eidem
1497 4370 1624 4430 obedire

360 4476 525 4548 cupientes,
541 4481 701 4550 tamquam
726 4477 852 4536 domino
876 4485 906 4535 et
930 4479 1050 4552 prelato
1065 4484 1180 4553 nostro,
1196 4479 1256 4553 ipsi
1272 4479 1404 4537 sinodali
1420 4459 1624 4542 celebracioni

360 4579 606 4640 interfuissemus
629 4589 659 4641 et
681 4590 715 4641 ut
737 4585 920 4642 tenebamur
937 4601 1014 4643 cum
1038 4585 1152 4657 gaudio
1175 4586 1416 4658 expectabamus
1432 4589 1624 4661 presenciam

360 4687 457 4762 ipsius
480 4689 593 4761 prelati
614 4691 720 4763 nostri,
743 4689 882 4749 nondum
906 4691 1021 4764 cogniti
1045 4691 1111 4749 sive
1134 4692 1202 4764 visi,
1227 4691 1311 4764 quod
1344 4691 1489 4751 videlicet
1519 4693 1623 4753 huius·
1686 4723 1690 4730 ·

361 4793 449 4853 modi
471 4795 604 4854 sinodali
620 4797 824 4856 celebracioni
848 4797 1053 4873 petionaliter
1082 4799 1250 4870 interesset,
1281 4797 1479 4872 defectusque
1502 4805 1624 4859 nostros

358 4900 545 4972 attendisset,
577 4909 606 4960 et
636 4883 733 4976 ipsis,
753 4911 787 4962 ut
810 4911 898 4979 pater
932 4911 1045 4976 noster,
1070 4905 1208 4977 graciose
1231 4905 1413 4962 occurrisset
1436 4905 1488 4962 vel
1510 4906 1621 4964 saltem

358 5009 481 5088 aliquos
510 5010 659 5086 speciales
682 5010 767 5070 viros
791 5012 932 5071 doctores
956 5019 985 5070 et
1008 5013 1174 5085 magistros
1196 5027 1255 5085 pro
1279 5009 1501 5070 informacione
1523 5021 1554 5071 et
1576 5029 1622 5072 re·
