3948 5804
390 525 430 584 66
823 522 897 580 Doc.
913 531 969 598 54„
996 553 1031 563 -
1056 519 1113 578 An.
1137 531 1227 596 1429.

389 739 615 816 parochialium
638 737 810 796 rectoribus
834 742 887 795 aut
909 737 1032 808 curatis,
1056 736 1245 794 addicientes
1268 735 1293 791 si
1322 735 1546 807 cuiuscumque
1577 741 1654 792 tem·

393 845 480 920 poris
503 846 534 902 in
559 858 704 917 processu
727 843 858 915 sepefati
882 843 1064 912 Anthonius,
1088 842 1204 899 Paulus
1225 847 1256 898 et
1278 839 1433 923 Johannes
1463 846 1516 897 aut
1546 855 1657 898 eorum

392 965 550 1009 successor
573 950 626 1007 vel
648 964 840 1006 successores
861 949 912 1006 vel
929 949 983 1007 alii
1000 949 1190 1022 quicumque
1205 947 1407 1005 ecclesiarum
1426 947 1656 1020 parochialium

393 1062 529 1116 rectores
550 1056 691 1132 predicte
714 1057 777 1113 litis
801 1056 962 1113 materiam
987 1071 1081 1128 super
1103 1052 1302 1128 percipienda
1326 1061 1437 1126 quarta
1460 1059 1658 1111 testamenta·

393 1163 466 1221 liter
488 1163 664 1236 legatorum
687 1161 849 1220 antedictis
873 1160 1087 1235 prebendariis
1118 1161 1315 1218 innovaverit
1344 1160 1395 1217 vel
1432 1160 1657 1228 intimaverint,

391 1269 587 1328 suscitaverit
628 1273 682 1327 aut
724 1268 959 1338 suscitaverint,
1001 1273 1072 1324 ante
1109 1266 1173 1324 litis
1216 1267 1388 1337 ingressum
1433 1265 1658 1339 quinquaginta

390 1390 511 1432 marcas
546 1375 745 1432 denariorum
780 1375 946 1435 usualium.
982 1388 1116 1446 quarum
1147 1371 1297 1430 medietas
1330 1369 1426 1447 judici
1458 1387 1564 1430 coram
1595 1387 1657 1444 quo

390 1481 479 1539 litem
502 1482 666 1552 moverint,
689 1482 751 1540 alia
775 1497 850 1538 vero
873 1481 1129 1554 sepememoratis
1153 1479 1367 1553 prebendariis
1398 1479 1580 1552 assignetur,
1611 1494 1658 1537 se·

391 1586 508 1661 pedicti
541 1586 696 1661 capellani
730 1602 783 1644 seu
815 1591 950 1645 rectores
982 1587 1110 1644 ecclesie
1142 1586 1240 1642 sancti
1261 1585 1358 1643 Marci
1381 1585 1434 1642 vel
1456 1600 1565 1643 eorum
1588 1601 1655 1642 suc·

390 1708 493 1752 cessor
526 1699 580 1751 aut
613 1709 803 1751 successores
839 1699 869 1750 et
905 1693 959 1751 alii
995 1693 1182 1766 quicumque
1208 1691 1363 1766 deponere
1386 1698 1556 1762 teneantur,
1580 1705 1658 1764 quas

391 1798 537 1858 videlicet
560 1799 785 1872 quinquaginta
809 1814 930 1858 marcas
946 1800 972 1856 si
992 1798 1147 1873 deponere
1163 1798 1353 1856 recusaverit
1369 1801 1422 1855 aut
1436 1797 1656 1864 recusaverint,

391 1904 432 1962 ad
456 1904 487 1964 id
513 1921 643 1964 censura
672 1906 879 1964 ecclesiastica
909 1905 1118 1978 compellatur
1142 1909 1195 1962 aut
1218 1903 1459 1977 compellantur,
1488 1903 1656 1976 nullusque

392 2011 517 2083 civium,
551 2012 710 2086 hospitum
744 2019 796 2068 ant
831 2012 1004 2069 incolarum
1040 2009 1152 2085 prefati
1183 2011 1298 2068 montis
1329 2009 1491 2068 Grecensis
1522 2009 1655 2067 scienter

392 2117 564 2175 clausulam
588 2117 626 2175 de
648 2117 799 2176 solvenda
818 2123 928 2190 quarta
945 2132 964 2175 a
980 2116 1195 2191 prebendariis
1211 2117 1468 2189 sepememoratis
1484 2116 1657 2173 rectoribus

395 2224 455 2280 sub
477 2239 557 2297 pena
581 2224 769 2298 privacionis
792 2223 998 2282 ecclesiastice
1020 2221 1184 2297 sepulture
1213 2223 1328 2280 inserat
1358 2227 1411 2279 aut
1442 2221 1534 2280 iaciat
1564 2223 1658 2279 inter·

397 2329 456 2386 seri
488 2329 539 2388 vel
572 2329 714 2400 inscribi;
748 2331 774 2387 si
808 2345 884 2387 vero
915 2330 1082 2402 quisquam
1105 2328 1288 2386 eorumdem
1312 2333 1365 2386 aut
1388 2341 1658 2402 quorumcumque

393 2435 528 2494 aliorum
552 2435 728 2508 ignoranter
748 2442 909 2507 tamquam
934 2433 1011 2510 juris
1035 2435 1160 2507 ignarus
1192 2433 1345 2491 inserierit
1375 2433 1427 2490 vel
1459 2433 1587 2490 inscribi
1615 2431 1658 2489 ie·

393 2541 476 2612 cerit,
513 2541 593 2598 dicta
629 2541 769 2598 clausula
803 2548 965 2614 tamquam
998 2547 1105 2599 contra
1130 2537 1244 2614 jurium
1269 2538 1509 2612 disposicionem
1532 2540 1655 2610 inserta,

393 2645 517 2704 nullum
538 2649 661 2720 penitus
684 2653 831 2720 operetur
853 2647 1007 2705 effectum.
1030 2647 1064 2704 In
1088 2661 1223 2720 quorum
1239 2647 1380 2703 omnium
1403 2651 1433 2703 et
1456 2645 1658 2718 singulorum

394 2751 490 2809 fidem
521 2760 551 2810 et
585 2754 797 2811 testimonium
828 2754 1054 2827 premissorum
1077 2757 1235 2827 presentes
1258 2752 1377 2810 litteras
1400 2755 1529 2824 nostras,
1553 2752 1658 2810 huius·

396 2857 483 2917 modi
505 2864 644 2917 nostram
674 2859 862 2918 sentenciam
893 2859 1095 2926 diffinitivam
1123 2865 1153 2917 et
1184 2859 1429 2916 declaracionem
1453 2859 1483 2916 in
1507 2875 1540 2917 se
1563 2859 1659 2916 conti-

392 2970 524 3036 nentem,
548 2965 617 3025 fieri
640 2973 670 3024 et
693 2966 799 3038 sigillo
822 2971 928 3024 nostro
950 2971 1068 3024 secreto
1092 2965 1222 3024 fecimus
1246 2964 1434 3038 appensione
1464 2963 1657 3023 communiri.

391 3070 508 3130 Datum
531 3071 683 3145 Zagrabie
706 3071 783 3130 feria
806 3079 893 3130 sexta
915 3072 1059 3145 proxima
1082 3077 1153 3145 post
1184 3070 1361 3145 predictum
1392 3069 1508 3128 festum
1538 3071 1654 3144 glorio·

391 3179 505 3237 sissimi
535 3179 675 3254 corporis
706 3179 830 3238 Christi.
862 3181 951 3250 Anno
982 3178 1122 3236 eiusdem
1154 3177 1323 3236 millesimo
1347 3173 1658 3250 quadringentesimo

394 3285 544 3358 vigesimo
567 3291 686 3345 octavo.

495 3423 519 3470 E
538 3429 697 3488 transumpto
724 3421 816 3471 notarii
845 3419 943 3486 publici
971 3421 1039 3470 facto
1058 3437 1125 3472 suno
1149 3434 1223 3484 1429.
1253 3423 1273 3472 l.
1300 3421 1410 3486 januarii
1447 3422 1480 3470 In
1499 3421 1595 3473 charta.
1625 3423 1656 3469 In

391 3508 488 3559 archiv.
507 3509 569 3561 hon.
588 3509 647 3563 coll.
666 3511 809 3562 Praebend.

995 3689 1055 3754 54.

499 3847 578 3896 Auno
600 3859 674 3911 1429,
697 3860 718 3899 1.
736 3849 854 3911 januarii.
875 3848 1021 3912 Zagrabiae.

384 3972 535 4048 lobannis
557 3973 678 4046 episcopi
690 3973 843 4048 judicium,
865 3993 921 4048 quo
936 3973 1147 4048 praebendarii
1166 3975 1295 4032 ecclesiae
1317 3970 1496 4034 cathedralis
1522 3991 1542 4029 a
1573 3971 1653 4048 lega-

392 4087 491 4137 torum
514 4087 625 4152 quarta
641 4079 812 4152 parochiali
831 4080 985 4138 rectoribus
1007 4080 1136 4138 ecclesiae
1157 4099 1181 4140 s.
1204 4080 1308 4138 Marci
1326 4081 1464 4139 solvenda
1488 4079 1656 4150 liberantur,

715 4205 734 4242 a
757 4188 872 4244 notario
886 4187 1004 4260 publico
1027 4187 1130 4244 linen's
1148 4187 1342 4260 consignatur.

498 4330 532 4388 In
557 4329 672 4387 Christi
694 4331 827 4390 nomine.
856 4332 963 4389 Amen.
995 4333 1084 4390 Anno
1114 4331 1284 4390 nativitatis
1316 4331 1455 4390 eiusdem
1487 4333 1657 4392 millesimo

393 4435 698 4512 quadringentesimo
715 4436 866 4509 vigesimo
890 4453 979 4510 nono,
1003 4438 1174 4496 indiccione
1197 4438 1339 4510 septima,
1356 4437 1406 4495 die
1422 4439 1525 4513 prima
1542 4438 1657 4498 mensis

392 4541 532 4619 januarii.
548 4542 747 4600 Pontificatus
770 4543 952 4601 sanctissimi
982 4544 1012 4602 in
1043 4544 1167 4602 Christo
1203 4546 1298 4617 patris
1329 4553 1359 4604 et
1390 4545 1508 4604 domini
1546 4545 1652 4616 nostri,

394 4649 511 4707 domini
528 4649 651 4706 Martini
668 4664 748 4722 pape
765 4650 872 4722 quinti,
895 4665 975 4707 anno
998 4649 1182 4708 duodecimo
1206 4651 1354 4724 eiusdem,
1378 4651 1528 4725 Zagrabie
1552 4653 1582 4709 in
1607 4667 1655 4708 ec·

393 4755 487 4813 clesia
502 4754 675 4814 kathedrali
691 4757 788 4814 sancti
804 4757 885 4830 regis
897 4756 1046 4831 Stephani
1062 4757 1266 4830 personaliter
1277 4743 1438 4816 ¹constituti
1457 4757 1656 4816 honorabiles

394 4861 464 4930 viri,
488 4859 618 4918 domini:
642 4861 751 4918 Petrus
778 4861 929 4932 sacerdos,
955 4861 1088 4920 decanus
1110 4863 1242 4920 condam
1266 4865 1546 4937 prebendariorum
1570 4864 1658 4922 chori

394 4967 521 5025 ecclesie
538 4967 675 5025 eiusdem
696 4983 731 5024 ac
747 4970 839 5026 ceteri
854 4969 1053 5042 prebendarii
1068 4970 1098 5027 in
1122 4969 1185 5027 mei
1207 4971 1318 5028 notarii
1341 4971 1462 5046 publici
1490 4971 1658 5044 subscripti
