3828 5822
673 578 747 635 Doc.
765 571 839 654 316.
865 611 905 622 -
929 567 987 637 An.
1011 574 1102 655 1478.
1422 661 1426 670 Δ
1450 595 1510 656 397

254 791 488 865 collegiatarum
512 792 674 864 canonicis,
710 793 1000 867 parochialiumque
1032 795 1233 851 ecclesiarum
1263 793 1439 852 ‘rectoribus
1462 808 1516 852 seu

251 897 538 970 locumtenentibus,
564 913 734 971 eorumque
756 893 908 973 plebanis,
938 899 1157 973 viceplebanis,
1180 899 1294 957 curatis
1323 905 1354 956 11
1375 913 1438 971 non
1460 903 1514 958 cu·

250 1004 336 1077 ratis,
359 1002 487 1062 notariis
511 1009 541 1061 et
565 1003 810 1062 thabellionibus
832 1005 968 1078 publicis
992 1005 1241 1078 quibuscumque
1271 1021 1328 1079 per
1356 1005 1515 1064 civitatem

250 1115 281 1167 et
304 1109 461 1182 dyocesim
484 1110 724 1182 aagrabiensern,
748 1111 1113 1184 quinqueecclesiensem,
1136 1111 1353 1182 collocensem,
1370 1111 1514 1170 bachien-

249 1231 324 1287 sem,
340 1215 527 1287 nitriensem,
544 1215 779 1288 strigoniensem
796 1222 851 1274 etc.
868 1223 899 1274 et
914 1217 991 1276 alias
1007 1217 1141 1275 ubilibet
1156 1215 1330 1275 constitutis
1353 1221 1383 1275 et
1406 1231 1513 1276 eorum

247 1321 376 1380 cuilibet
398 1321 430 1380 in
452 1321 589 1380 solidum
611 1336 658 1379 ‘ac
691 1321 740 1380 illi
773 1323 825 1380 vel
848 1323 913 1381 illis
934 1323 975 1381 ad
998 1338 1092 1396 quem
1115 1323 1168 1381 vel
1188 1322 1226 1381 ad
1252 1339 1330 1397 quos
1354 1329 1512 1399 presentes

247 1435 351 1487 nostre
381 1429 580 1503 pervenerint
609 1427 721 1500 littere,
752 1433 783 1487 et
813 1430 977 1503 presertim
1009 1429 1116 1487 vobis:
1148 1429 1184 1486 N.
1207 1430 1306 1488 sancti
1326 1431 1459 1489 Emerici
1481 1431 1513 1489 in

248 1550 319 1593 area
342 1534 516 1609 capitulari,
541 1533 576 1592 N.
600 1535 697 1592 sancti
720 1535 816 1592 Marci
839 1535 871 1592 in
893 1539 998 1593 monte
1021 1533 1168 1593 Grecensi
1191 1551 1292 1610 prope
1314 1535 1508 1610 Zagrabiam,

247 1639 283 1700 N.
306 1641 403 1700 sancti
426 1639 575 1699 Anthonii
597 1641 628 1698 in
651 1640 721 1698 vico
745 1640 934 1712 Latinorum,
959 1642 1091 1699 salutern
1114 1641 1146 1698 in
1170 1641 1297 1699 domino
1314 1647 1344 1700 et
1359 1641 1513 1700 mandatis

246 1748 369 1819 nostris,
394 1748 492 1806 immo
508 1748 613 1805 verius
636 1747 886 1808 reverendissimi
909 1748 1007 1822 patris
1029 1753 1059 1805 et
1076 1745 1202 1818 domini,
1219 1747 1338 1806 domini
1355 1747 1512 1806 Gabrielis

246 1853 341 1927 legati
363 1853 496 1912 firmiter
521 1853 655 1912 obedire.
680 1853 845 1925 Noveritis,
868 1869 924 1912 nos
948 1854 1070 1912 litteras
1099 1852 1238 1912 eiusdem
1261 1853 1512 1914 reverendissimi

246 1960 343 2032 patris
375 1959 502 2029 domini,
538 1959 657 2017 domini
688 1958 854 2030 Gabrielis‚
885 1974 975 2018 sanas
1001 1964 1031 2017 et
1062 1959 1197 2031 integras
1219 1965 1249 2017 11
1272 1961 1358 2018 omni
1383 1975 1512 2034 prorsus

245 2065 328 2124 vicio
351 2071 381 2124 et
404 2066 579 2140 suspicione
602 2071 748 2138 carentes,
772 2081 877 2124 coram
901 2065 1022 2124 notario
1044 2066 1173 2139 publico
1202 2070 1233 2124 et
1263 2067 1394 2124 testibus
1417 2065 1510 2124 infra·
1573 2143 1575 2148 Α

246 2171 370 2245 scriptis
400 2171 491 2229 nobis
523 2185 579 2244 per
609 2171 827 2230 honorabilem
858 2172 971 2242 virum,
995 2170 1158 2229 dominum
1182 2170 1355 2229 Bamabam
1379 2172 1510 2245 preben-

247 2277 369 2335 darium
399 2277 485 2335 chori
517 2277 645 2335 ecclesie
668 2277 883 2350 zagrabiensis,
919 2281 1155 2351 procuratorem
1185 2277 1324 2350 religiosi
1354 2277 1416 2336 viri
1446 2280 1510 2336 An-

245 2384 351 2456 thonii,
375 2383 493 2442 ordinis
515 2384 613 2442 sancti
644 2383 809 2456 Dominici,
838 2384 993 2458 capellani
1023 2383 1218 2442 serenissime
1250 2382 1375 2442 domine
1403 2385 1509 2457 regine

244 2489 411 2563 Hungarie,
435 2489 582 2548 Bohemie
605 2495 660 2548 etc.
683 2490 847 2563 exhibitas,
869 2507 941 2549 cum
966 2506 1009 2563 ea,
1034 2506 1096 2564 qua
1119 2489 1230 2562 decuit,
1262 2491 1440 2549 reverencia
1462 2507 1505 2549 re-

244 2595 370 2670 cepisse,
399 2595 578 2654 huiusmodi
607 2597 668 2654 sub
700 2601 821 2655 tenore:
857 2589 949 2677 (Vide
971 2597 1046 2654 Doc.
1071 2609 1142 2669 315.
1166 2596 1205 2654 de
1227 2611 1308 2654 anno
1336 2596 1428 2672 1478.
1457 2611 1505 2673 14.

243 2693 331 2779 julii).
354 2703 426 2760 Post
449 2701 713 2776 quarumquidem
735 2701 914 2762 litterarum
938 2703 1202 2776 presentacionem
1234 2709 1264 2761 11
1294 2703 1508 2777 reeepcionem

243 2823 300 2880 per
323 2823 378 2866 nos
409 2808 532 2878 1111111,
564 2807 681 2866 fuimus
711 2824 767 2883 per
798 2809 955 2884 prelatum
978 2809 1139 2867 dominum
1164 2808 1338 2866 Barnabarn
1361 2823 1507 2883 procura·

243 2919 342 2971 torem
367 2914 441 2972 dicti
464 2913 568 2971 fratris
591 2915 740 2972 Anthonii
763 2914 869 2972 debita
892 2930 963 2972 cum
995 2915 1144 2972 instancia
1174 2914 1324 2987 requisiti,
1356 2920 1507 2987 quatenus

242 3019 281 3076 ad
305 3021 521 3078 execucionem
545 3019 699 3078 dictarum
723 3021 897 3080 litterarum
922 3025 952 3078 11
975 3021 1007 3079 11
1031 3021 1075 3079 111
1098 3027 1312 3078 contentarum
1334 3018 1423 3096 juxta
1445 3027 1507 3078 tra·

243 3125 339 3210 ditarn
371 3131 401 3184 11
430 3125 580 3184 directam
612 3127 702 3184 nobis
734 3142 751 3184 1
783 3127 886 3200 legato
919 3125 1054 3184 formam
1078 3126 1248 3200 procedere
1271 3135 1301 3184 et
1325 3126 1505 3184 citacionem

242 3247 313 3289 cum
347 3231 570 3290 certificacione
604 3233 758 3305 legittima
792 3239 822 3289 et
853 3239 1062 3290 memoratum
1095 3232 1267 3314 Johannem
1302 3231 1451 3288 lectorem
1474 3233 1506 3290 in

241 3339 371 3396 ecclesia
400 3338 601 3411 zagrabiensi‚
630 3337 795 3411 prefatum,
826 3335 912 3413 juxta
943 3347 973 3395 et
1003 3337 1172 3395 secundum
1205 3338 1278 3406 vim,
1311 3336 1444 3394 formam
1476 3343 1506 3396 et

242 3448 382 3501 tenorem
406 3444 580 3502 litterarum
605 3435 797 3518 prefatorum
820 3443 975 3502 informa
999 3443 1090 3500 solita
1113 3450 1142 3500 et
1166 3451 1310 3500 consueta
1333 3442 1505 3514 decernere,

241 3548 378 3622 dareque
408 3556 438 3607 11
468 3549 635 3606 concedere
666 3548 873 3622 dignaremur.
906 3549 969 3606 Nos
997 3550 1102 3622 itaque
1134 3550 1273 3607 volentes
1305 3549 1337 3606 in
1360 3563 1451 3606 causa
1476 3554 1505 3607 11

241 3657 340 3713 111111
363 3654 540 3712 huiusmodi
563 3655 623 3713 rite
646 3660 676 3712 et
691 3655 844 3727 legittime
859 3653 1028 3729 procedere
1043 3670 1079 3712 11
1095 3656 1245 3729 partibus,
1263 3654 1353 3712 dante
1369 3655 1504 3728 dominc,

239 3758 364 3836 justiam
387 3761 570 3833 ministrare,
587 3765 621 3818 ut
637 3767 786 3830 tenemur,
799 3761 980 3819 citacionem
995 3762 1126 3835 petitam
1149 3760 1284 3818 dandam
1308 3761 1504 3818 decrevimus

239 3873 269 3924 et
293 3867 486 3925 decernimus
510 3881 565 3940 per
588 3873 754 3940 presentes.
770 3865 844 3924 ldeo
859 3867 1041 3925 auctoritate
1065 3867 1291 3925 commissionis
1313 3867 1404 3924 nobis
1422 3866 1500 3925 11111

239 3980 269 4030 11
300 3989 360 4046 qua
391 3965 560 4044 fungimur
582 3973 613 4030 11
636 3973 694 4030 hac
725 3979 822 4047 parte,
854 3974 945 4030 vobis
979 3973 1125 4031 omnibus
1155 3979 1186 4030 et
1216 3973 1346 4046 singulis
1370 3972 1504 4030 dominis

238 4079 435 4154 supradictis,
465 4079 579 4138 nostris
602 4079 634 4136 11
656 4079 716 4136 hac
738 4089 827 4152 parte
850 4079 1074 4150 executoribus,
1106 4085 1135 4136 et
1158 4084 1297 4136 vestrum
1321 4078 1449 4137 cuilibet
1472 4079 1504 4137 in

237 4185 374 4242 solidum
399 4186 429 4242 in
453 4185 567 4243 virtute
590 4185 734 4242 salutaris
753 4185 931 4243 obediencie
947 4191 977 4243 11
991 4185 1050 4242 sub
1067 4185 1397 4242 excommunicacionis
1414 4199 1501 4258 pena,

238 4306 331 4364 quam
363 4291 395 4348 in
429 4305 486 4348 vos
520 4297 550 4349 et
584 4291 719 4349 alterum
754 4297 893 4349 vestrum
927 4291 1106 4350 huiusmodi
1141 4290 1322 4348 mandatum
1356 4297 1499 4376 nostrum

237 4397 346 4469 exequi
370 4402 545 4456 recusantes
568 4415 622 4456 seu
645 4405 847 4470 recusantem,
872 4399 964 4456 trium
996 4398 1118 4456 dierum
1148 4399 1294 4456 canonica
1328 4399 1501 4456 monicione

236 4503 398 4576 premissa,
422 4519 440 4560 a
464 4502 514 4561 die
541 4505 744 4562 exhibicionis
768 4513 798 4562 et
820 4505 1033 4577 requisicionis
1056 4505 1250 4578 presencium
1274 4505 1366 4561 vobis
1389 4503 1499 4577 fienda,

237 4608 456 4682 computando,
488 4593 616 4668 ierimus
647 4611 677 4668 in
702 4611 762 4667 hiis
792 4610 926 4683 scriptis,
951 4609 1088 4668 districte
1111 4610 1336 4667 committimus
1359 4616 1389 4667 11
1412 4625 1499 4668 man·

236 4713 355 4786 damus,
387 4721 538 4788 quatenus
571 4715 647 4772 dum
678 4722 707 4772 11
739 4715 863 4788 quando
897 4731 968 4772 cum
999 4716 1195 4789 presentibus
1218 4715 1337 4773 fueritis
1360 4717 1500 4789 requisiti

237 4821 287 4878 vel
311 4821 390 4879 alter
413 4827 554 4879 vestrum
587 4820 680 4879 111111
703 4823 878 4894 requisitus
909 4821 949 4878 ad
973 4793 1129 4894 prefatum
1152 4821 1326 4904 Johannem
1349 4821 1498 4879 lectorem

237 4927 441 4999 personaliter
464 4927 624 5001 accedatis,
648 4928 823 5002 ipsumque,
847 4927 872 4985 si
896 4927 961 4985 eius
993 4929 1186 5002 presenciam
1209 4929 1325 4986 habere
1348 4927 1498 5002 poteritis,

234 5033 374 5106 alioquin
398 5034 429 5092 in
452 5033 547 5092 domo
570 5035 774 5094 habitacionis
806 5049 859 5092 sue
882 5041 912 5091 et
935 5034 1013 5092 alias
1036 5035 1079 5091 sic
1103 5040 1133 5092 et
1156 5035 1260 5092 taliter
1283 5033 1367 5107 quod
1392 5034 1498 5091 huius·
