3930 5802
419 575 479 646 176
845 573 918 630 Dor.
942 582 1001 648 127
1037 604 1064 612 -
1097 573 1155 636 An.
1180 584 1271 648 1439.

415 788 512 872 Jarun
535 787 725 857 destinasset;
749 793 872 846 etcum
897 787 957 861 ipsi
980 785 1112 846 Michael
1135 791 1165 845 et
1187 785 1362 862 Stephanus
1385 785 1417 844 in
1451 783 1561 843 eodem
1594 783 1683 842 vehi·

416 893 487 954 culo
511 893 651 952 sedentes
676 898 706 951 et
729 892 868 968 prefatus
891 893 1037 952 Nicolaus
1070 893 1278 952 mercenarius
1307 893 1413 967 ipsum
1435 891 1617 950 uehiculum
1650 890 1683 948 'm

416 1015 496 1074 equo
516 999 626 1058 sedens
648 997 847 1058 conduxisset
870 999 911 1057 ad
935 999 1051 1058 dictum
1075 1005 1203 1073 portum
1233 999 1465 1074 applicuissent,
1496 1004 1569 1055 ωηο
1598 995 1681 1052 Mar-

414 1106 496 1164 tinus
530 1111 639 1178 sartor,
673 1106 750 1164 civis
783 1106 917 1165 civitatis
951 1106 1066 1164 montis
1089 1104 1251 1164 Grecensis
1285 1119 1419 1163 unacum
1456 1103 1526 1162 aliis
1549 1099 1681 1175 compli-

415 1213 503 1271 cibus
525 1217 556 1271 et
579 1212 670 1272 sociis
693 1213 765 1284 suis,
790 1228 860 1272 cum
885 1213 1014 1286 civibus,
1038 1229 1076 1270 ex
1100 1227 1257 1284 consensu,
1280 1211 1480 1286 instigacione
1503 1214 1534 1268 et
1555 1207 1685 1282 speciali

416 1319 646 1377 transmissione
668 1319 783 1392 prefati
806 1319 955 1378 Anthonii
978 1319 1017 1377 de
1038 1319 1208 1392 Florencia‚
1231 1317 1351 1395 judicis,
1374 1319 1467 1400 Jaxin
1482 1321 1513 1374 et
1527 1313 1682 1390 prescrip·

414 1431 519 1483 torum
542 1425 676 1483 aliorum
698 1422 872 1500 juratorum
894 1430 925 1482 et
947 1425 1064 1483 civium
1088 1424 1168 1483 dicte
1183 1425 1325 1496 civitatis,
1348 1440 1420 1482 cum
1435 1422 1540 1492 armis,
1557 1419 1678 1494 sagittis

414 1536 445 1588 et
467 1529 649 1604 cuspidibus
672 1546 710 1588 ex
734 1537 939 1604 preconcepta
969 1531 1106 1589 rancoris
1137 1531 1261 1589 malicia
1283 1532 1316 1589 in
1338 1529 1475 1604 quadam
1499 1528 1581 1586 silva
1603 1526 1681 1584 eius-

414 1635 486 1694 dem
509 1635 639 1710 capituli
668 1637 749 1694 circa
785 1637 889 1711 ipsum
924 1642 1051 1711 portum
1083 1637 1189 1695 habita
1223 1637 1402 1710 congregati
1436 1641 1466 1694 et
1495 1633 1528 1693 in
1562 1631 1682 1692 insidiis

414 1743 507 1816 positi
522 1743 553 1800 in
569 1743 653 1816 ipsos
668 1742 800 1801 latenter
815 1741 968 1813 irruendo,
986 1742 1142 1817 prefatum
1159 1744 1342 1802 Michaelem
1365 1741 1501 1800 letaliter
1523 1741 1556 1798 in
1579 1738 1680 1812 capite

414 1848 636 1920 vulnerassent,
659 1853 867 1906 memoratum
890 1864 965 1906 vero
990 1847 1183 1924 Stephanum
1206 1851 1239 1908 in
1262 1855 1377 1908 terram
1401 1851 1631 1923 prosternentes
1647 1844 1680 1901 in

413 1953 523 2027 capite,
543 1954 697 2026 manibus,
719 1953 845 2026 brahiis,
870 1960 999 2030 totoque
1021 1970 1152 2030 corpore
1172 1957 1322 2029 gravibus
1346 1954 1529 2012 vulneribus
1553 1957 1583 2010 et
1611 1965 1680 2008 ver-

413 2060 541 2118 beribus
564 2059 743 2133 afficientes,
775 2061 963 2119 semivirum
994 2062 1201 2135 reliquissent,
1231 2062 1425 2136 prelibatum
1455 2065 1560 2118 autem
1589 2056 1681 2115 Nico·

414 2165 502 2224 laum
536 2167 763 2225 mercenarium
797 2167 948 2240 gravibus
988 2169 1173 2226 verberibus
1213 2176 1243 2226 et
1275 2169 1459 2226 vulneribus
1494 2162 1678 2234 sauciando,

412 2272 558 2331 omnibus
591 2287 700 2331 eorum
733 2273 828 2331 rebus
863 2279 893 2332 et
912 2275 1002 2332 bonis
1035 2273 1180 2333 videlicet
1213 2274 1318 2347 armis,
1340 2275 1483 2344 arcubus,
1506 2269 1628 2330 feretris
1649 2273 1680 2328 et

412 2379 540 2451 sagittis,
564 2379 712 2450 biccellis‚
742 2379 874 2452 cingulis
897 2387 927 2438 et
949 2381 1102 2439 eromenis
1124 2397 1242 2440 necnon
1264 2379 1402 2455 pecuniis
1426 2393 1483 2452 pro
1507 2383 1581 2436 ωηο
1604 2389 1678 2448 erga

412 2499 464 2542 eos
497 2485 628 2558 repertis
662 2500 749 2543 more
783 2485 952 2560 predonico
982 2492 1012 2544 et
1045 2487 1197 2546 latronico
1222 2488 1408 2562 spoliassent
1416 2504 1423 2557 ;
1447 2499 1526 2559 quos
1550 2481 1678 2557 quidem

412 2605 509 2662 arcos,
533 2589 664 2648 faretras
686 2607 758 2648 cum
782 2593 900 2664 sagittis
924 2597 954 2651 et
976 2593 1117 2652 biccellis
1147 2593 1261 2669 prefati
1294 2594 1454 2664 Martinus,
1485 2605 1557 2648 cum
1588 2587 1679 2646 dictis

411 2697 475 2754 suis
498 2697 706 2771 complicibus
729 2697 767 2757 ad
791 2697 897 2756 sedem
920 2697 1121 2775 judiciariam,
1145 2701 1202 2759 irbi
1224 2701 1286 2774 ipsi
1299 2699 1417 2776 judices
1434 2703 1464 2756 et
1479 2697 1562 2754 cives
1577 2694 1679 2753 solent

415 2801 605 2876 congregari,
629 2803 739 2862 eodem
773 2803 823 2862 die
846 2811 1024 2880 apportans,
1047 2808 1243 2880 presentibus
1269 2805 1387 2865 ibidem
1407 2801 1567 2863 nonnullis
1589 2799 1679 2859 nobi·

412 2909 505 2979 libus,
530 2909 675 2969 videlicet
698 2911 829 2978 Matheo.
853 2911 921 2970 filio
950 2913 1107 2996 Johannis,
1139 2929 1197 2988 pro
1229 2920 1303 2972 ωηο
1332 2911 1446 2970 comite
1476 2906 1677 2982 zagrabiensi,

410 3015 502 3072 Petro
525 3015 564 3074 de
586 3015 743 3089 Rakonok,
767 3016 912 3075 Ladislao
936 3018 975 3076 de
997 3018 1136 3094 Gyepew
1158 3025 1190 3078 et
1210 3020 1280 3079 aliis
1315 3016 1557 3094 quampluribus
1588 3013 1677 3072 nobi·

305 3163 309 3172 .
410 3121 494 3179 libus
517 3127 548 3181 et
571 3113 679 3196 probis
702 3124 787 3194 uiris,
811 3139 869 3198 pro
894 3131 966 3184 tunc
996 3126 1036 3183 ad
1070 3127 1256 3201 peticionem
1286 3126 1442 3184 dictorum
1475 3122 1676 3180 dominorum

410 3227 449 3285 de
471 3228 609 3302 capitulo
633 3229 672 3286 ad
695 3229 919 3289 notificandum
942 3237 973 3290 et
994 3231 1213 3292 insinuandum
1237 3233 1327 3291 dictis
1348 3229 1445 3308 judici
1467 3235 1498 3288 et
1512 3227 1622 3304 juratis
1645 3230 1676 3282 et

409 3334 480 3392 aliis
503 3335 625 3392 civibus
648 3335 822 3410 predictam
845 3337 922 3411 ipsis
945 3339 989 3396 sic
1011 3339 1133 3398 illatam
1157 3337 1302 3416 injuriam
1333 3338 1462 3397 fuissent
1485 3330 1675 3409 congregati,

409 3454 517 3498 coram
540 3439 657 3500 eisdem
679 3439 781 3518 judice
805 3449 834 3500 et
856 3439 966 3518 juratis
989 3459 1025 3502 ac
1048 3445 1117 3502 aliis
1141 3445 1262 3503 civibus
1282 3444 1491 3519 proiecissent,
1522 3455 1583 3514 que
1613 3436 1674 3512 ipsi

408 3546 530 3604 nobiles
552 3545 615 3605 fide
637 3547 787 3606 vidissent
808 3550 940 3620 oculata,
964 3551 1019 3608 ubi
1042 3552 1141 3609 eciam
1162 3551 1230 3626 ipse
1247 3551 1391 3609 dominus
1407 3555 1513 3608 cantor
1529 3559 1587 3620 pro
1603 3549 1675 3602 tunc

409 3653 615 3726 personaliter
637 3669 709 3712 curn
732 3655 809 3728 ipsis
832 3655 993 3714 nobilibus
1016 3663 1128 3714 extunc
1151 3657 1189 3715 de
1209 3655 1321 3732 injuria
1351 3651 1531 3714 huiusmodi
1562 3650 1675 3709 sibiet

408 3758 499 3817 dictis
522 3758 656 3817 dominis
679 3759 718 3818 de
740 3760 823 3818 dicto
846 3763 984 3836 capitulo
1014 3764 1104 3821 illata
1133 3763 1342 3837 sollempnem
1373 3761 1494 3820 fecisset
1523 3761 1675 3833 protesta-

407 3865 534 3922 cionem.
555 3865 592 3922 Et
615 3881 688 3924 cum
710 3867 835 3926 tandem
859 3869 998 3942 sequenti
1020 3869 1078 3943 die,
1094 3869 1239 3929 videlicet
1255 3870 1331 3928 feria
1348 3870 1454 3943 quinta
1470 3863 1673 3925 antedictum

410 3969 523 4028 festum
557 3971 788 4031 Purificacionis
823 3974 953 4046 virginis
987 3976 1123 4048 gloriose
1156 3976 1270 4050 prefati
1299 3973 1417 4052 judices
1439 3972 1593 4033 nobilium
1618 3985 1674 4044 per

409 4076 527 4135 dictum
550 4079 723 4152 capitulum
747 4078 891 4138 destinati
914 4079 954 4138 ad
978 4080 1095 4139 dictum
1119 4087 1246 4156 portum
1269 4083 1369 4140 insule
1402 4081 1500 4164 Jarun
1529 4091 1674 4152 persona·

407 4183 480 4241 liter
513 4185 718 4257 accessissent,
752 4191 825 4244 tunc
858 4186 977 4245 ibidem
1012 4188 1098 4248 iuxta
1132 4189 1307 4264 predictum
1337 4193 1463 4263 portum
1490 4185 1673 4243 effusionem

407 4289 564 4362 sanguinis
599 4289 637 4348 de
671 4291 855 4353 vulneribus
890 4293 1046 4352 dictorum
1077 4294 1281 4353 familiarium
1312 4293 1424 4368 prefati
1455 4291 1574 4350 domini
1603 4305 1673 4350 can·

405 4395 483 4453 toris
506 4396 651 4454 similiter
673 4397 820 4457 vidissent
843 4397 905 4457 fide
928 4401 1059 4474 oculata,
1083 4403 1138 4460 ubi
1172 4404 1271 4460 eciam
1301 4405 1492 4458 memoratus
1523 4397 1672 4455 Martinus

377 4503 508 4559 ·sartor
527 4503 733 4576 personaliter
755 4505 940 4578 adherendo,
964 4507 1041 4580 ipsis
1070 4507 1267 4566 audientibus
1302 4505 1444 4565 dixisset:
1479 4504 1564 4578 quod
1600 4504 1672 4561 licet

405 4607 565 4682 hucusque
588 4609 620 4668 in
640 4607 769 4686 jamfata
791 4613 871 4670 silva
894 4615 935 4670 ab
970 4613 1149 4672 hominibus
1185 4619 1216 4672 et
1249 4613 1458 4671 familiaribus
1493 4611 1568 4669 dicti
1587 4611 1671 4684 capi·

406 4713 465 4772 tuli
483 4730 605 4773 secures
628 4725 819 4791 receperunt,
842 4719 967 4776 tandem
990 4721 1087 4777 talem
1118 4721 1264 4778 timorem
1296 4721 1414 4778 vellent
1448 4719 1491 4776 eis
1525 4719 1670 4788 incutere,

406 4820 490 4894 quod
514 4821 590 4880 talia
612 4821 713 4882 facere
743 4830 850 4883 contra
879 4826 964 4900 ipsos
999 4833 1194 4898 vererentur;
1225 4827 1354 4902 propria
1384 4841 1494 4884 eorum
1528 4823 1671 4899 potencia

405 4925 567 5000 mediante,
603 4929 633 4986 in
657 4931 865 5003 preludicium
900 4932 974 4990 dicti
1008 4933 1137 5006 capituli
1171 4932 1265 4990 valde
1298 4933 1416 5005 ingens.
1463 4931 1553 4992 Unde
1587 4931 1669 4990 facta

404 5031 584 5093 huiusmodi
625 5035 826 5110 inquisicione
871 5040 981 5098 eadem
1023 5039 1073 5097 die
1114 5040 1325 5114 inquisicionis
1369 5041 1486 5114 ipsius,
1532 5039 1670 5116 prefatos
