3764 5924
421 514 482 584 528
828 508 971 569 Addenda
985 525 1019 588 3.
1045 542 1085 554 -
1109 512 1158 569 An
1189 507 1279 589 1467.

420 727 536 788 eisdem
572 743 630 801 pro
663 726 823 786 talismodi
856 726 1050 796 differenciis,
1086 725 1344 798 contencionibus,
1379 725 1638 806 dissensionibus
1669 733 1696 784 et

421 834 639 892 controversiis
661 847 870 903 moveremus,
892 833 1114 902 ammittamus,
1138 829 1223 905 quod
1245 838 1276 890 et
1299 831 1360 906 ipsi
1381 833 1468 890 cives
1494 831 1603 890 facere
1619 837 1698 889 tene

421 940 545 998 buntur.
568 939 602 997 In
626 953 698 997 casu
721 938 828 1010 eciam,
852 951 914 1011 quo
938 936 1013 996 dicti
1034 937 1133 995 nostri
1149 937 1260 995 arbitri
1275 937 1458 996 concordari
1477 951 1546 996 non
1564 921 1696 1012 possent,

422 1045 672 1120 superarbitrum
706 1044 910 1120 spectabilem
941 1050 972 1101 et
1003 1042 1204 1116 magnificum
1238 1042 1400 1102 dominum
1435 1044 1511 1126 Jan,
1551 1043 1696 1100 comitem

420 1149 549 1224 Zagorie
572 1156 602 1209 et
626 1151 711 1224 regni
736 1149 882 1208 Slauonie
905 1150 1022 1208 banum
1046 1147 1206 1222 elegimus,
1222 1149 1309 1208 cuius
1325 1149 1594 1228 determinacioni
1617 1153 1695 1205 stare

421 1261 451 1314 et
476 1271 587 1330 parere
610 1256 756 1314 volumus
780 1249 822 1334 (et
846 1255 1057 1329 promittimus
1079 1251 1112 1312 in
1134 1245 1292 1333 omnibus)
1315 1254 1403 1313 iactis
1420 1243 1695 1334 possessionariis:

425 1361 486 1435 qui,
517 1361 543 1420 si
574 1360 786 1434 superarbiter
817 1376 885 1418 esse
913 1361 1056 1432 noluerit,
1089 1359 1190 1419 adhuc
1211 1375 1309 1419 unum
1332 1361 1439 1432 alium,
1464 1361 1525 1434 qni
1549 1359 1643 1418 nobis
1666 1364 1694 1416 et

422 1468 498 1542 ipsis
521 1467 642 1526 civibus
660 1460 762 1546 (aptus
784 1473 816 1525 et
839 1458 979 1543 idoneus)
1003 1482 1068 1524 esse
1092 1466 1251 1524 videbitur
1266 1466 1305 1526 ad
1322 1465 1606 1525 determinandum
1624 1481 1691 1539 pre

421 1573 516 1632 missa
538 1573 690 1646 eligemus
712 1579 743 1630 et
764 1573 879 1646 eligere
902 1571 1087 1644 valebimus,
1110 1578 1182 1645 post
1203 1571 1338 1630 reditum
1363 1618 1368 1631 .
1392 1619 1398 1631 .
1419 1583 1428 1630 ·.
1454 1619 1460 1631 .
1488 1619 1495 1632 .
1522 1571 1647 1631 comilis
1661 1575 1690 1626 et

421 1680 494 1738 bani
516 1679 548 1738 in
571 1679 655 1736 curia
678 1694 806 1738 romana
829 1679 1059 1752 quintodecimo
1082 1677 1132 1736 die
1148 1679 1306 1736 hominem
1322 1683 1466 1737 nostrum
1484 1671 1609 1753 pariter
1624 1689 1693 1735 cum

421 1785 548 1844 homine
570 1785 669 1858 ipsius
691 1785 834 1856 civitatis,
856 1785 882 1842 si
904 1783 985 1843 inter
1007 1785 1161 1842 ambitum
1184 1784 1276 1843 huius
1299 1785 1388 1857 regni
1404 1783 1560 1843 Slauonie
1584 1781 1692 1842 consti·

420 1897 523 1950 tutum
546 1891 647 1964 fuerit,
671 1892 829 1950 mittemus
852 1897 882 1949 et
905 1892 987 1950 mitti
1002 1890 1160 1963 faciemus,
1177 1896 1212 1949 ut
1235 1932 1394 1949 ......
1416 1891 1519 1949 modo
1542 1871 1691 1965 premisso

422 2043 578 2056 ......
602 1997 640 2056 de
654 1998 790 2071 negociis
806 1998 975 2072 prenotatis
999 2043 1005 2056 .
1029 2041 1035 2055 .
1061 2043 1066 2056 .
1092 2043 1097 2054 .
1122 2043 1127 2054 .
1153 2045 1158 2056 .
1183 2045 1188 2055 .
1213 2044 1218 2055 .
1242 2045 1247 2055 .
1275 2040 1280 2052 .
1306 2043 1312 2056 .
1336 1997 1492 2056 audienda
1510 1995 1690 2064 decreverit,

421 2103 583 2178 prefigerit
615 2111 646 2162 et
672 2105 883 2178 assignaverit
914 2104 1030 2163 Datum
1062 2103 1140 2163 feria
1174 2109 1260 2162 sexta
1294 2105 1438 2178 proxima
1471 2109 1549 2178 post
1580 2101 1688 2160 festum

421 2209 607 2267 ascensionis
631 2210 765 2268 Domini.
789 2211 879 2268 Anno
903 2209 1042 2268 eiusdem
1066 2209 1236 2268 millesimo
1268 2211 1582 2284 quadringentesimo
1607 2219 1688 2265 sexa·

420 2315 539 2388 gesimo
562 2317 704 2391 septimo.

525 2503 660 2568 Origlnnle
676 2503 705 2554 in
722 2503 810 2553 charte
827 2502 902 2553 valde
929 2517 1036 2552 exesum
1059 2507 1087 2556 et
1113 2501 1232 2556 lacerum.
1261 2504 1291 2552 A
1318 2509 1392 2568 tergo
1417 2509 1530 2568 apparet
1558 2499 1686 2564 vestigium

420 2590 562 2656 sigllll.1u
581 2592 696 2642 archivio
712 2591 758 2642 lib.
778 2609 829 2657 reg.
850 2593 920 2644 civit.
937 2593 1039 2657 zagrnb.
