3828 5822
687 602 761 660 Doc.
784 609 852 676 275.
876 633 918 644 —
940 601 997 659 An.
1020 614 1108 679 1472·

821 829 824 834 ·
837 811 919 882 275.

359 952 440 1001 Anno
462 963 537 1014 1472,
558 931 599 1004 no.
618 952 688 1005 maii.
707 953 805 1005 Budee.

253 1051 397 1148 Mntdr‘as,
419 1078 597 1152 Hungarioe
619 1086 666 1138 etc.
689 1098 754 1157 rex,
770 1081 967 1140 communitati
978 1080 1104 1138 antiatis
1118 1078 1426 1161 erqttuspossessioncs
1441 1079 1521 1138 Kra-

604 1186 700 1260 ljenec,
728 1185 820 1262 Ccrje,
841 1186 982 1262 Kobiljak
1002 1193 1049 1246 etc.
1072 1185 1172 1244 reddit.

894 1325 935 1373 De
953 1324 1134 1374 commissione
1152 1324 1257 1389 propria
1275 1323 1373 1378 domiui
1391 1326 1467 1390 regis.

359 1438 422 1496 Nos
445 1437 577 1496 Mathias
600 1435 650 1495 dei
673 1435 778 1509 gracia
799 1451 855 1494 rex
886 1434 1072 1508 Hungariae,
1104 1434 1251 1494 Bohemie
1282 1442 1337 1494 etc.
1371 1437 1521 1496 Memorio

252 1544 508 1604 commendamus
539 1549 644 1602 tenore
675 1541 870 1616 presencium
901 1539 1118 1614 significantes,
1150 1529 1264 1614 quibus
1294 1542 1420 1617 expedit
1453 1543 1523 1602 uni·

251 1651 358 1710 versis.
382 1649 474 1724 Quod
497 1665 569 1708 cum
593 1649 694 1722 gloria
717 1663 828 1721 regum
851 1647 883 1705 in
905 1646 1105 1705 multitudine
1136 1647 1328 1721 populorum
1359 1663 1396 1706 ac
1426 1648 1520 1708 decus

251 1762 282 1815 et
304 1758 401 1816 robor
430 1771 598 1830 regnorum
630 1755 662 1813 in
692 1753 814 1812 diviciis
844 1768 880 1811 ac
909 1752 1116 1827 amplitudine
1149 1754 1317 1812 consistant
1345 1755 1518 1827 civitatum,

251 1862 377 1937 expedit
400 1862 593 1938 principibus
616 1861 701 1920 omni
724 1859 889 1933 diligencia
912 1859 1071 1917 intendere
1094 1859 1221 1934 populis
1244 1849 1407 1918 servandis
1420 1867 1449 1919 et
1466 1861 1520 1918 bc-

250 1968 369 2028 nesrciis
402 1967 551 2042 augendis
581 1981 617 2025 ac
647 1966 825 2024 civitatibus
848 1965 1091 2038 magnificandis,
1114 1971 1222 2038 utpote
1245 1982 1284 2024 ex
1307 1966 1421 2038 quibus
1443 1955 1516 2040 pre-
1542 1981 1545 1988 ·

252 2075 346 2133 missa
368 2090 489 2148 regum,
511 2089 680 2148 regnorum
703 2071 868 2131 commoda
891 2071 1070 2146 procedant,
1094 2077 1245 2145 quatenus
1260 2071 1463 2146 principantis
1480 2088 1518 2131 ex

250 2182 310 2239 hoc
332 2187 362 2239 et
377 2180 522 2239 laudetur
538 2179 670 2238 discreta
686 2177 887 2252 providencia
904 2183 934 2236 et
950 2183 1047 2235 status
1062 2177 1238 2250 utilitatem,
1254 2165 1517 2252 augmentumque

250 2265 359 2346 sumat.
383 2286 452 2360 Qua
475 2283 515 2344 de
538 2301 571 2343 re
601 2292 689 2358 grata
712 2283 962 2342 consideracione
985 2284 1185 2358 pensavimus
1210 2273 1397 2343 multimoda
1420 2285 1516 2343 servi·

251 2393 371 2450 ciorum
386 2407 508 2466 genera,
525 2407 586 2466 que
602 2392 711 2450 civitas
726 2396 831 2448 nostra
846 2391 960 2448 montis
976 2389 1137 2448 Grecensis
1162 2390 1200 2448 de
1220 2391 1305 2449 iuxta
1322 2390 1517 2464 Zagrabiam,

250 2499 336 2557 cuius
366 2499 449 2557 cives
476 2507 506 2556 et
536 2479 747 2556 communitas·
773 2481 1044 2571 predecessoribus
1074 2498 1189 2555 nostris
1220 2498 1347 2570 regibus
1370 2503 1399 2554 et
1420 2513 1517 2570 regno

249 2609 358 2663 riostro
388 2604 548 2677 Hungarie
579 2619 616 2661 ac
646 2604 712 2664 eius
742 2617 828 2660 sacre
851 2618 963 2661 corone
986 2617 1110 2676 semper
1132 2603 1252 2676 integra
1274 2608 1376 2661 mente
1397 2603 1516 2676 fideles,

251 2716 286 2768 ut
308 2709 446 2768 veridico
469 2711 645 2769 testimonio
669 2709 825 2780 docemur,
849 2710 988 2784 primum
1011 2710 1087 2783 ipsis
1110 2709 1381 2784 predecessoribus
1402 2711 1516 2770 nostris

251 2817 377 2889 regibus
400 2821 430 2874 et
452 2816 578 2888 tandem
600 2817 691 2875 nobis
713 2816 746 2874 in
768 2815 862 2874 rebus
886 2815 1016 2874 diversis
1039 2823 1069 2874 et
1085 2815 1281 2874 multimodis
1297 2814 1515 2876 diversitatum

248 2929 278 2981 et
301 2937 485 2995 guerrarum
508 2929 649 2996 tempore
672 2921 749 2980 adeo
774 2928 949 2980 constanter
965 2921 1179 2994 exhibuerunt,
1196 2927 1230 2979 ut
1246 2923 1391 2996 quamvis
1407 2924 1512 2997 sepius

248 3029 442 3090 anonuullis
457 3030 573 3103 praviS,
597 3029 698 3102 regios
720 3030 853 3087 honores
876 3043 911 3086 ac
934 3035 1050 3087 statum
1066 3029 1324 3102 persequentibus
1347 3029 1431 3102 viris,
1457 3030 1515 3088 im·

248 3137 456 3210 pugnaciores
485 3135 650 3209 pessimas,
674 3134 812 3207 dampna
842 3150 956 3206 rerum,
987 3135 1127 3208 pericula
1150 3149 1353 3208 personarum
1376 3151 1413 3193 ac
1436 3136 1513 3194 alias

248 3242 396 3300 adversas
420 3241 612 3300 calamitates
635 3247 665 3299 et
689 3241 804 3299 multas
827 3241 955 3300 iniurias
987 3243 1187 3314 susceperint,
1218 3256 1377 3315 nunquam
1410 3248 1514 3301 tamen

248 3364 363 3406 avere
396 3347 469 3406 fidei
500 3348 610 3406 semita
640 3347 699 3405 visi
727 3353 798 3405 sunt
829 3347 977 3420 deviasse,
1009 3347 1062 3406 sed
1094 3363 1130 3405 eo
1163 3347 1277 3406 clarior
1307 3361 1415 3407 eorum
1436 3348 1514 3406 fides

247 3457 353 3527 evasit,
377 3471 439 3530 quo
462 3454 661 3513 incommoda
690 3456 826 3530 suscepit
848 3456 1000 3528 graviora.
1025 3454 1298 3514 Consideravimus
1314 3469 1437 3527 quoque
1452 3467 1514 3514 non

246 3575 360 3635 parvas
384 3577 534 3636 expensas
557 3562 698 3635 ipsorum
720 3562 837 3620 civium
861 3565 891 3620 et
914 3563 1047 3621 civitatis
1070 3561 1216 3636 predicte,
1240 3577 1316 3635 quas
1338 3559 1434 3618 iidem
1455 3576 1513 3634 pro

246 3667 464 3726 conservandis
495 3668 604 3726 castris
637 3668 725 3741 regni
754 3669 852 3726 nostri
883 3667 982 3726 Bozne
1011 3669 1071 3727 hiis
1095 3668 1290 3741 temporibus
1312 3681 1372 3741 pro
1396 3668 1513 3725 honore

244 3775 342 3832 nostri
362 3774 497 3832 nominis
521 3774 695 3832 liberaliter
717 3781 748 3832 et
770 3776 895 3849 copiose
918 3775 1065 3846 iecerunt,
1089 3791 1147 3849 pro
1172 3775 1285 3848 quibus
1308 3774 1454 3831 omnibus
1477 3789 1512 3832 ac

244 3876 343 3937 eciam
365 3880 395 3938 in
418 3895 652 3954 recompensam
676 3887 706 3939 et
729 3880 974 3939 satisfaccionem
998 3882 1139 3939 omnium
1155 3881 1379 3954 premissarum
1396 3895 1511 3954 expen-

244 4001 349 4043 sarum
379 3986 497 4043 civium
527 3993 558 4043 et
588 3986 721 4044 civitatis
750 3987 896 4061 predicte,
931 3993 962 4044 et
991 3987 1210 4045 nichilominus
1243 4001 1279 4044 eo
1303 3991 1454 4060 respectu,
1477 3991 1513 4044 ut

244 4093 329 4149 cives
352 4090 465 4165 prefati
487 4092 644 4150 civitatem
668 4093 810 4167 ipsorum
832 4094 1034 4168 amplificare,
1059 4094 1180 4151 civibus
1204 4099 1234 4151 et
1265 4092 1395 4150 edificiis
1427 4107 1512 4150 eom·

244 4199 360 4256 muniri
389 4198 522 4268 valeant,
558 4199 766 4272 possessiones
798 4199 977 4272 Kralewez,
1009 4199 1138 4273 Caerye,
1171 4199 1316 4271 Kobilya,
1350 4197 1509 4271 Swyblya,

244 4305 352 4376 Narth,
382 4304 574 4377 Petrowyna,
606 4303 818 4379 Sillakowyna
847 4313 876 4364 et
906 4307 1067 4379 Hraschya
1098 4311 1233 4378 vocatas,
1256 4305 1382 4364 omnino
1404 4305 1437 4363 in
1461 4319 1511 4364 co·

245 4412 355 4468 mitatu
378 4411 569 4484 zagrabiensi
602 4412 774 4482 existentes,
811 4413 942 4484 habitas,
977 4413 1010 4470 iu
1043 4427 1177 4486 quarum
1210 4410 1341 4486 pacifico
1372 4411 1510 4470 dominio

243 4515 356 4590 prefati
389 4518 471 4575 cives
502 4515 734 4591 predecessores
765 4534 836 4576 suos
867 4519 907 4576 ab
938 4521 1066 4592 antiquo
1097 4519 1276 4593 perstitisse,
1306 4518 1359 4576 sed
1383 4518 1510 4576 tandem

241 4623 397 4696 preteritis
421 4622 646 4681 disturbiorum
669 4625 865 4699 temporibus
886 4640 943 4698 per
954 4624 1121 4683 nonnullos
1137 4623 1310 4682 detentores
1325 4623 1508 4683 earumdem

243 4729 510 4802 qualitercumque
526 4729 628 4787 minus
651 4730 729 4788 iuste
752 4731 793 4788 ab
816 4731 886 4805 ipsa
909 4731 1034 4789 civitate
1056 4737 1161 4788 nostra
1184 4736 1349 4804 occupatas
1382 4735 1412 4788 et
1435 4725 1508 4788 alie·

241 4840 329 4891 natas
353 4833 419 4892 fore
442 4841 592 4894 asserunt.
616 4835 694 4893 Item
718 4843 819 4908 toturn
842 4843 872 4894 et
894 4851 986 4894 omne
1009 4837 1057 4895 ius
1071 4842 1213 4894 nostrum
1228 4836 1358 4909 regium,
1381 4837 1508 4910 siquod

243 4941 274 4999 iu
297 4939 425 5014 prelatis
449 4943 694 5014 possessionibus
718 4944 987 5017 qualitercumque
1010 4943 1205 5014 haberemus,
1229 4947 1284 5000 aut
1304 4949 1445 5001 nostram
1469 4959 1507 5001 ex

242 5048 491 5122 quibuscumque
513 5050 620 5122 causis,
644 5049 712 5121 viis,
730 5049 840 5122 modis,
864 5055 894 5107 et
909 5049 1086 5108 racionibus
1097 5055 1293 5108 concerneret
1304 5049 1507 5122 maiestatem,
1577 5109 1582 5118 ,
