3804 5858
643 558 717 616 Doc.
737 566 808 632 377.
833 589 870 600 -—
899 559 954 614 Aa.
980 567 1059 634 1495
1418 574 1474 625 ,sor

215 776 309 834 situm
333 776 433 834 extitit
456 774 610 832 maiestati
633 777 737 830 nostre
753 773 786 830 in
808 773 948 846 personis
973 770 1116 830 fidelium
1140 777 1319 828 nostrorum
1345 770 1480 846 prudeu-

215 888 335 940 tumet
367 881 664 953 circumspectorum
694 876 807 954 iudicis
838 882 867 934 et
893 876 1074 952 juratorum,
1098 885 1336 950 ceterorumque
1358 877 1481 962 univer-

215 1003 321 1045 sorum
357 987 472 1046 civium
505 991 535 1044 et
566 986 740 1045 incolarum
773 985 905 1043 civitatis
924 990 1029 1041 nostre
1060 985 1174 1042 montis
1198 982 1373 1055 Grecensis,
1397 983 1480 1057 quod

215 1095 359 1170 quamvis
382 1093 442 1170 ipsi
465 1093 590 1165 antiqua
608 1091 762 1150 libertatis
777 1091 919 1165 ipsorum
935 1091 1133 1164 prerogativa
1156 1090 1232 1163 ipsis
1254 1105 1272 1148 a
1302 1089 1382 1148 divis
1406 1105 1481 1148 con·

218 1199 290 1257 dam
315 1199 442 1270 regibus
464 1199 632 1270 Hungarie,
664 1197 777 1256 nostris
800 1196 917 1254 scilicet
941 1196 1223 1270 predecessoribus,
1246 1196 1385 1270 graciose
1409 1211 1479 1254 con·

214 1321 298 1364 cessa
313 1311 343 1363 et
367 1321 423 1379 per
445 1313 583 1362 nostram
597 1304 789 1362 maiestatem
804 1303 904 1360 eciam
919 1301 1102 1360 confirmata
1119 1303 1302 1376 requirente,
1330 1302 1370 1358 ab
1394 1303 1480 1360 omni

216 1412 374 1470 solucione
404 1410 576 1479 tributaria,
609 1417 673 1468 tam
693 1409 732 1466 de
763 1407 902 1483 personis
927 1408 1071 1482 propriis,
1095 1423 1189 1481 quam
1214 1409 1312 1466 eciam
1335 1409 1429 1466 rebus
1450 1415 1480 1467 et

215 1519 305 1576 bonis
327 1533 435 1576 eorum
452 1516 624 1582 venalibus.
647 1531 705 1590 per
728 1514 853 1573 eosdem
869 1515 941 1573 hinc
964 1515 1036 1572 inde
1059 1513 1233 1573 deferendis
1258 1515 1396 1588 exempti
1420 1514 1480 1573 sint

216 1631 246 1682 et
268 1625 445 1699 supportati
460 1623 642 1682 habeantur.
659 1623 776 1682 Tamen
801 1623 944 1680 nonnulli
967 1621 1068 1680 forent
1091 1639 1129 1680 ex
1153 1623 1252 1694 vobis,
1277 1624 1331 1697 qui
1353 1622 1479 1681 eosdem

214 1731 245 1788 in
269 1731 346 1788 locis
377 1730 566 1788 tributorum
597 1733 776 1786 vestrorum
808 1728 1017 1787 diversimode
1040 1728 1235 1803 impedirent,
1265 1743 1301 1786 ac
1324 1730 1408 1802 ipsos
1440 1729 1480 1788 ad

213 1836 404 1895 solucionem
427 1836 624 1894 tributariam
648 1840 792 1908 cogerent
815 1841 844 1892 et
855 1834 1090 1909 compellerent,
1106 1834 1136 1892 iu
1150 1834 1355 1908 preiudicium
1375 1835 1479 1893 huius·

214 1942 300 2002 modi
323 1943 504 2001 libertatum
527 1942 708 2000 eorumdem
732 1942 847 2000 civium
861 1945 891 1999 et
914 1941 1087 2015 dampnum
1110 1940 1203 1998 valde
1226 1955 1382 2014 magnum.
1399 1941 1480 2014 Quia

214 2063 291 2106 vero
312 2063 369 2107 nos
391 2047 657 2122 quemadmodum
678 2053 795 2107 ceteros
809 2048 983 2122 regnicolas
999 2053 1129 2118 nostros,
1153 2048 1196 2105 sic
1227 2053 1256 2105 et
1277 2049 1362 2122 ipsos
1385 2063 1481 2122 expo·

213 2158 319 2213 nentes
331 2153 363 2213 in
385 2155 526 2228 ipsorum
548 2155 682 2228 antiquis
714 2154 910 2212 libertatibus
948 2168 1131 2212 conservare
1154 2154 1309 2226 volumus,
1333 2153 1478 2213 fidelitati

214 2261 309 2336 igitur
323 2267 425 2321 vestre
441 2267 471 2320 et
487 2267 626 2321 vestrum
648 2261 776 2320 cuilibet
798 2261 910 2319 harum
933 2260 1012 2319 serie
1035 2261 1226 2319 strictissime
1255 2248 1479 2320 committimus

213 2373 244 2427 et
259 2367 451 2440 mandamus,
480 2373 630 2442 quatenus
657 2366 771 2425 amodo
806 2368 837 2425 in
868 2373 1027 2441 posterum
1059 2367 1166 2425 nullus
1189 2368 1315 2426 omnino
1338 2372 1478 2426 vestrum

213 2474 352 2552 prefatos
385 2475 468 2533 cives
503 2481 545 2550 et
568 2474 686 2532 incolas
721 2471 801 2532 dicte
825 2473 957 2532 civitatis
985 2479 1089 2532 nostre
1120 2475 1233 2532 montis
1256 2473 1418 2532 Grecensis
1439 2475 1480 2534 ad

213 2581 354 2656 aliquam
372 2581 564 2640 solucionem
580 2581 687 2640 tributi
711 2597 764 2638 seu
788 2579 918 2639 thelonii
933 2585 1039 2638 contra
1052 2579 1186 2638 formam
1205 2581 1356 2654 premisse
1370 2596 1479 2640 eorum

213 2689 367 2748 libertatis
389 2693 490 2746 artare
513 2693 543 2746 et
566 2687 764 2762 compellere,
787 2694 840 2744 aut
852 2686 978 2744 eosdem
1001 2687 1053 2744 vel
1069 2691 1184 2744 eorum'
1200 2685 1335 2744 alterum
1354 2688 1478 2746 racione

213 2811 274 2854 non
307 2794 474 2853 solucionis
504 2795 687 2853 eorumdem
724 2795 757 2852 in
792 2795 943 2867 personis,
977 2793 1134 2866 rebusque
1168 2794 1311 2852 ethonis
1336 2795 1478 2868 ipsorum

214 2900 377 2976 quibusvis
410 2901 572 2974 impedire,
607 2902 742 2973 turbare,
766 2901 933 2958 molestare
956 2915 1009 2958 seu
1034 2902 1145 2974 quovis
1168 2900 1263 2958 modo
1279 2901 1479 2960 damnificare

212 3022 367 3082 nusquam
383 3013 414 3066 et
428 3022 625 3081 nequaquam
644 3013 836 3080 presummat
858 3022 914 3064 nec
936 3007 976 3064 sit
1005 3022 1097 3065 ausus
1121 3007 1215 3065 modo
1239 3009 1377 3082 aliquali.
1395 3008 1479 3082 Quo-

214 3116 298 3173 niam
333 3114 473 3188 alioquin
511 3113 724 3171 commisimus
760 3118 790 3172 et
824 3113 951 3188 plenam
986 3113 1084 3170 eciam
1115 3113 1295 3171 facultatem
1327 3113 1478 3188 dedimus,

214 3221 387 3295 damusque
410 3225 440 3278 et
470 3220 694 3278 committimus
725 3225 971 3294 perpresentes,
1004 3219 1152 3278 fidelibus
1176 3220 1289 3278 nostris
1314 3220 1402 3280 banis
1425 3222 1477 3279 vel

213 3327 371 3386 vicebanis
403 3326 616 3400 predictorum
650 3341 819 3399 regnorum
851 3332 1030 3384 nostrorum
1053 3325 1216 3384 Sclauonie
1240 3332 1269 3384 et
1292 3325 1420 3384 Croacie
1442 3342 1478 3385 ac

213 3434 380 3492 comitibus
403 3432 455 3491 vel
478 3433 714 3491 vicecomitibus
746 3439 775 3490 et
797 3431 953 3508 judicibus
984 3432 1140 3490 nobilium
1164 3431 1292 3490 illorum
1316 3433 1477 3491 commita-

212 3546 309 3611 tuum,
326 3540 357 3598 in
380 3539 494 3614 quibus
517 3538 645 3598 forsitan
667 3540 758 3599 huius
781 3537 918 3597 mandati
940 3539 1038 3597 nostri
1060 3553 1136 3598 ausu
1153 3537 1289 3612 quodam
1313 3539 1476 3597 temerario

213 3663 269 3721 per
292 3646 473 3719 qnempiam
497 3646 685 3704 contrarium
721 3651 930 3716 attentaretur,
952 3645 1148 3720 presentibus
1164 3646 1280 3704 scilicet
1303 3651 1334 3704 et
1356 3644 1477 3718 futuris,

215 3757 251 3810 ut
276 3753 348 3826 ipsi,
369 3751 444 3809 scita
468 3752 554 3825 prius
584 3751 751 3826 superinde
781 3751 973 3810 certitudinis
996 3753 1135 3822 veritate,
1159 3752 1338 3810 huiusmodi
1360 3753 1476 3810 tributa

213 3873 266 3916 seu
289 3858 427 3916 thelonia
449 3863 553 3916 vestra
584 3873 642 3932 pro
664 3864 768 3916 nostra
799 3857 958 3916 maiestate
981 3873 1134 3932 occupare
1157 3865 1186 3916 et
1209 3865 1273 3916 tam
1298 3859 1350 3916 diu
1373 3864 1476 3918 tenere

213 3964 347 4022 debeant
381 3969 473 4038 atque
505 3965 632 4038 possint,
667 3963 764 4022 donec
796 3981 813 4022 a
844 3967 934 4024 nobis
958 3965 1044 4023 aliud
1068 3965 1234 4038 superinde
1257 3965 1423 4024 habuerint
1445 3967 1477 4025 in

212 4065 373 4132 mandatis
397 4070 490 4130 Secus
512 4071 601 4130 nullo
625 4071 719 4129 modo
735 4071 835 4130 iacere
858 4073 1085 4146 presummatis.
1102 4072 1298 4131 Presentibus
1322 4074 1475 4147 perlectis,

213 4178 370 4237 exhibenti
392 4179 549 4239 restitutis.
573 4179 690 4236 Datum
706 4179 737 4236 in
750 4179 867 4253 oppido
891 4179 1068 4237 Werewcze
1091 4179 1167 4238 feria
1191 4180 1298 4252 quinta
1330 4181 1475 4254 proxima

213 4289 283 4341 ante
316 4283 428 4342 testum
466 4284 614 4344 kathedre
649 4286 732 4343 beati
763 4285 845 4344 Petri
876 4286 1018 4360 apostoli.
1051 4287 1141 4344 Anno
1165 4285 1283 4345 domini
1306 4287 1476 4345 millesimo

214 4389 518 4464 quadringentesimo
542 4392 742 4465 nonagesimo
775 4393 889 4466 quinto.
913 4392 1092 4465 Regnorum
1116 4397 1296 4451 nostrorum
1318 4385 1476 4466 Hungarie

214 4501 269 4553 etc.
291 4511 371 4554 anno
395 4499 511 4571 quinto,
536 4497 682 4556 Bohemie
705 4513 781 4556 vero
804 4498 957 4571 vigesimo
980 4503 1102 4571 quarto.

318 4633 451 4696 Originale
474 4635 501 4682 in
529 4633 684 4683 membrana.
704 4634 736 4682 In
759 4633 875 4682 inferiori
894 4635 1008 4698 margine
1026 4635 1180 4700 impressum
1198 4643 1238 4686 est
1257 4633 1372 4701 sigillum
1385 4635 1477 4689 maius.

212 4722 245 4769 In
264 4721 379 4770 archivio
397 4721 444 4776 lib.
463 4737 516 4786 reg.
536 4721 606 4774 civit.
626 4721 726 4785 zagrab.
