3828 5822
412 567 475 632 uos
826 550 900 612 Dor.
917 564 994 628 320.
1019 582 1059 594 —
1080 550 1137 610 An.
1160 544 1253 628 1480.

423 776 446 800 ³
517 764 595 831 lten
618 763 647 826 S.
670 765 707 826 V.
738 767 818 826 bene
848 763 934 824 videt
955 765 1114 840 quomodo
1144 765 1176 824 in
1205 764 1357 824 nichilum
1378 764 1497 824 redacti
1518 780 1627 824 sumus
1648 769 1683 824 et

404 868 572 944 ,quomodo
595 887 685 946 sepes
707 872 837 947 capituli
859 886 913 932 seu
936 871 1075 930 municio
1096 885 1153 945 per
1170 870 1394 930 descendentes
1419 871 1459 930 sit
1481 871 1631 933 anibilata
1646 877 1677 930 et

413 977 587 1051 combusta,
605 994 681 1052 ¹que
709 995 767 1054 per
796 993 853 1037 nos
883 977 1021 1052 amplius
1049 991 1112 1036 non
1143 983 1245 1052 potest
1276 977 1457 1036 restaurari.¹
1474 977 1508 1036 In
1530 977 1679 1036 omnibus

406 1082 504 1144 bonis
526 1084 641 1148 nostrie
672 1099 751 1160 pene
773 1099 909 1158 peccora.
934 1083 1117 1142 interierunt
1145 1081 1272 1157 frigoris
1295 1087 1325 1142 et
1346 1082 1439 1142 famis
1461 1082 1571 1142 inedia.
1596 1081 1680 1157 Quid

405 1203 488 1262 ,ergo
518 1187 669 1249 faciamus
697 1190 844 1264 deinceps
874 1193 904 1250 et
933 1190 990 1249 ubi
1020 1205 1181 1249 servemus
1211 1205 1267 1250 nos
1298 1205 1371 1258 curn
1393 1191 1459 1250 vita
1482 1195 1512 1248 et
1534 1195 1681 1250 tueamur

414 1293 582 1357 adversum
605 1297 710 1356 hostes
733 1297 878 1370 dignetur
899 1295 932 1356 S.
955 1296 993 1356 V.
1016 1295 1191 1370 providere.

443 1427 477 1470 ·.,
517 1401 595 1468 Item
618 1401 825 1468 Serenissimo
848 1419 913 1473 rex,
945 1401 1070 1460 domine
1099 1407 1206 1469 noster
1234 1401 1394 1477 naturalis,
1417 1402 1681 1476 graciosisissime,

413 1513 597 1582 procurator
620 1505 712 1567 Sacre
734 1507 902 1566 Maiestatis
925 1506 1035 1566 Vestre
1055 1509 1197 1581 egregius
1220 1509 1375 1590 Johannes
1398 1507 1536 1582 Posegay
1553 1507 1679 1568 nomine

403 1612 444 1676 Β.
466 1613 503 1674 V.
524 1615 655 1676 attraxit·
675 1613 848 1688 capitulum
865 1613 895 1672 in
912 1629 1038 1672 causam
1055 1619 1198 1688 pretextu
1213 1613 1423 1688 quarumdam
1445 1614 1678 1688 possessionum

414 1720 576 1784 Kratovcz
606 1720 769 1792 dictarum,
800 1735 861 1794 que
891 1719 962 1778 date
992 1725 1064 1778 sunt
1094 1720 1223 1778 ecclesie
1247 1729 1375 1794 propter
1407 1719 1483 1779 duas
1506 1731 1628 1779 eremas
1651 1725 1682 1778 et

413 1835 581 1902 perpetuas
602 1827 721 1897 missas,
738 1842 799 1884 una
820 1827 905 1884 omni
929 1825 979 1885 die
995 1826 1131 1885 canenda
1154 1831 1185 1884 et
1206 1827 1269 1885 alia
1292 1827 1378 1886 omni
1401 1825 1451 1886 die
1466 1825 1607 1900 legenda,
1624 1825 1680 1884 ubi

410 1933 634 2006 pro'ornnibus
654 1932 782 2006 regibus
798 1933 879 1992 vivis
902 1939 932 1990 et
947 1933 1079 1992 sublatis
1102 1932 1141 1991 de
1158 1932 1261 1992 medio
1285 1934 1376 1990 beata
1396 1932 1499 2006 agitur
1523 1931 1675 1990 memoria

413 2050 486 2100 cum
509 2039 720 2111 oracionibus,
741 2047 774 2098 et
807 2055 880 2098 cum
903 2039 1042 2115 capitulo
1072 2055 1133 2103 non
1156 2041 1299 2112 congruit
1321 2055 1446 2098 causam
1469 2039 1586 2112 agitare
1608 2053 1680 2096 cum

412 2144 669 2218 procuratores,
700 2145 737 2204 V.
766 2145 924 2219 supplicat
953 2145 1037 2204 idem
1060 2147 1236 2220 capitulum
1258 2145 1447 2216 humillime,
1463 2145 1510 2206 uti
1532 2142 1560 2204 S.
1584 2143 1621 2204 V.
1643 2144 1675 2202 in

413 2250 478 2311 illis
501 2251 748 2324 possessionibus
764 2251 922 2310 evidenter
935 2251 1053 2318 dictum
1078 2253 1252 2326 capitulum
1277 2258 1476 2312 manutenere
1491 2251 1680 2324 dignaretur,

411 2373 485 2416 cum
508 2358 674 2432 proprium
696 2359 735 2418 sit
761 2372 871 2431 regum
895 2357 1038 2416 divinum
1059 2359 1182 2418 cultum
1204 2363 1412 2432 augmentare,
1434 2362 1472 2418 ut
1486 2356 1533 2414 -de
1555 2356 1599 2415 eis
1615 2356 1673 2415 rite

410 2462 551 2523 dicatur:
585 2463 653 2523 Non
676 2471 722 2523 est
743 2464 887 2522 inventus
909 2463 1021 2524 similis
1042 2464 1101 2536 illi,
1132 2465 1185 2539 qui
1208 2469 1406 2524 conservaret
1428 2463 1531 2538 legem
1558 2461 1680 2522 excelsi.

460 2623 462 2630 '
512 2577 659 2682 'Originae‘
680 2619 708 2668 in
732 2618 828 2669 charta.
863 2583 896 2666 In
925 2583 1021 2669 archiv.
1051 2633 1110 2670 ven.
1139 2619 1215 2684 capit.
1249 2617 1350 2682 camb.
1370 2617 1432 2668 Act.
1458 2633 1513 2683 cap.
1540 2617 1679 2698 antisse.

415 2717 439 2758 2.
458 2723 497 2759 nr.
518 2718 559 2770 39.

1001 2901 1089 2966 320.

402 3028 412 3130 ἶ
521 3061 602 3114 Auno
623 3063 697 3125 1480,
717 3062 740 3114 8.
760 3061 881 3114 octobris.
900 3061 1057 3126 Zagrabiae„
1127 3115 1133 3121 ,

411 3186 443 3247 Α
464 3189 586 3246 Mathia
608 3189 786 3264 Hungon'ae
807 3195 856 3248 etc.
880 3207 946 3264 rege
963 3188 1127 3264 pellficum,
1140 3189 1339 3262 radebodum,
1361 3188 1506 3263 artificum
1520 3187 1676 3262 srmomm

403 3301 443 3352 ,et
460 3295 683 3370 corn'gu'otorum
705 3267 736 3352 ln
758 3294 876 3354 civr'tate
898 3295 1001 3352 montr's
1037 3293 1188 3353 Grcccnsis
1217 3296 1360 3355 societatis
1388 3301 1498 3353 stoma
1529 3292 1678 3354 silentidm

916 3400 1150 3480 confirmantur.

519 3544 583 3602 Nos
605 3545 738 3604 Mathias
760 3545 811 3603 dei
833 3545 939 3618 gracia
961 3561 1017 3603 rex
1040 3545 1207 3619 Hungarie,
1224 3545 1372 3604 Bobemie
1388 3549 1443 3603 etc.
1459 3541 1677 3618 Significamus

401 3651 528 3726 'quibus
561 3650 688 3724 expedit
720 3651 881 3723 universis,
913 3651 998 3724 quod
1028 3665 1084 3708 nos
1113 3658 1181 3709 tum
1210 3651 1251 3709 ad
1280 3651 1504 3710 nonnullorum
1533 3649 1677 3710 fidelium

403 3763 592 3816 nostrorum
623 3757 801 3814 humillime
835 3757 1077 3830 supplicacionis
1107 3757 1289 3816 instanciam
1320 3772 1377 3831 per
1408 3771 1460 3814 eos
1494 3770 1554 3830 pro
1588 3761 1677 3830 parte

412 3862 622 3921 universitatis
652 3862 834 3936 pellificum,
865 3863 1061 3937 selliparium
1092 3869 1122 3921 ct
1152 3861 1308 3921 artificum
1338 3861 1500 3921 frenorum
1522 3877 1559 3920 ac
1583 3861 1677 3920 corri-

411 3969 569 4041 giatorum
590 3969 622 4026 in
644 3969 703 4026 hac
726 3961 852 4027 civitate
874 3975 980 4028 nostra
1005 3969 1118 4027 montis
1134 3968 1296 4028 Grecensis
1311 3985 1393 4027 nunc
1409 3967 1675 4027 commorancium

412 4081 442 4133 et
471 4075 503 4133 in
536 4075 675 4134 futurum
699 4081 1002 4133 commoraturorum
1032 4083 1136 4134 nostre
1159 4083 1325 4150 propterea
1348 4083 1490 4150 porrecte
1515 4073 1675 4144 maiestati,

411 4187 478 4238 tum
502 4196 587 4251 vero,
610 4188 644 4239 ut
667 4181 762 4240 iidem
786 4187 867 4239 artes
889 4182 1031 4256 ipsorum
1046 4197 1084 4240 eo
1106 4181 1236 4240 liberius
1252 4197 1395 4240 exercere
1413 4181 1544 4251 valeant,
1556 4179 1674 4238 eisdem

413 4285 612 4361 pellificibus,
635 4288 837 4361 selliparibus
860 4293 890 4346 et
913 4287 1085 4346 artificibus
1108 4287 1140 4346 id
1155 4288 1295 4360 graciose
1311 4286 1510 4346 annuendum
1526 4285 1673 4344 duximus

410 4400 440 4451 et
463 4381 704 4461 concedendum,
734 4393 832 4451 immo
862 4393 1026 4451 annuimus
1056 4400 1086 4451 et
1116 4393 1322 4464 concedimus,
1350 4400 1385 4450 ut
1415 4391 1475 4466 ipsi
1505 4395 1536 4449 et
1565 4405 1675 4448 eorum

405 4499 548 4557 ‘universi
570 4514 761 4557 successores
784 4505 814 4556 et
837 4499 954 4573 posteri
976 4499 1122 4556 omnibus
1146 4499 1210 4556 illle
1232 4498 1432 4556 libertatibus
1455 4503 1486 4556 et
1509 4502 1674 4558 consvetu·

410 4605 544 4676 dinibus,
579 4605 693 4678 quibus
724 4603 886 4679 pellifices,
920 4605 1083 4679 sellipares
1115 4611 1145 4663 et
1175 4603 1309 4663 artifices
1338 4604 1476 4662 aliarum
1498 4603 1671 4662 liberarum

401 4711 570 4769 'civitatum
601 4717 778 4769 nostrarum
802 4717 939 4769 'utuntur
971 4715 1003 4768 et
1027 4709 1174 4784 gaudent,
1209 4709 1322 4768 futuris
1345 4725 1469 4784 semper
1490 4709 1673 4768 successivis

409 4817 604 4892 temporibus
627 4819 672 4875 uti
695 4818 814 4890 possint
845 4823 875 4874 et
897 4816 1039 4890 gaudere.
1062 4817 1140 4874 Item
1175 4817 1288 4889 primo,
1312 4815 1397 4890 quod
1418 4815 1480 4890 ipsi
1505 4829 1592 4876 more
1615 4815 1672 4874 ali·

407 4939 499 4984 orum
529 4923 723 4998 pellificum,
755 4923 990 4997 sellipariorum
1020 4927 1051 4981 et
1081 4922 1236 4981 artificum
1265 4923 1444 4981 societatem
1468 4922 1565 4994 vulgo
1600 4921 1673 4980 czeu

408 5030 602 5102 babendum,
628 5044 686 5102 pro
709 5045 742 5088 se
767 5027 865 5087 libere
889 5030 1068 5087 societatem
1091 5028 1192 5087 facere
1216 5043 1251 5086 ac
1273 5029 1403 5102 singulis
1426 5027 1514 5090 annis
1536 5028 1617 5088 inter
1639 5041 1672 5085 se
