3948 5804
422 549 480 606 108
854 549 926 606 Dor.
952 544 1001 624 85.
1030 583 1063 592 -
1090 551 1147 608 An.
1170 559 1261 626 1435.

418 763 508 821 dictis
530 763 639 820 ceteris
662 776 768 820 eorum
803 765 982 823 concivibus
1016 782 1074 840 per
1108 780 1163 823 nos
1191 764 1229 822 de
1263 761 1415 834 condigno
1444 758 1520 836 juris
1549 759 1688 819 remedio

420 868 588 944 provideri.
604 867 694 927 Unde
714 885 785 927 cum
802 877 858 928 nos
874 887 1064 945 quemquam
1080 871 1308 944 regnicolarum
1325 874 1503 927 nostrorum
1526 881 1584 925 suo
1605 864 1687 943 justo

416 973 484 1051 jure
511 974 647 1032 indebite
670 973 795 1033 destitui
817 977 964 1049 nolentes,
989 979 1068 1036 inter
1091 977 1216 1036 eosdem
1239 977 1323 1034 cives
1345 978 1467 1032 nostros
1489 989 1527 1031 ac
1548 971 1687 1046 prefatos

417 1080 597 1139 Ladislaum
620 1085 650 1138 et
671 1081 843 1164 Johannem
866 1080 1017 1158 judicium
1041 1083 1109 1141 fieri
1132 1090 1162 1141 et
1185 1082 1323 1140 debitam
1346 1077 1500 1156 justiciam
1518 1079 1687 1136 ministrari

418 1187 562 1259 velimus,
585 1187 680 1260 igitur
702 1186 845 1246 fidelitati
869 1194 920 1246 tue
943 1188 1075 1248 firmiter
1096 1190 1301 1264 precipientes
1325 1187 1519 1257 mandamus,
1537 1191 1687 1260 quatenus

416 1293 531 1350 habitis
554 1293 750 1365 presentibus
781 1293 910 1367 prefatis
942 1296 1096 1354 ambabus
1128 1296 1270 1370 partibus
1303 1293 1472 1352 simulcum
1504 1291 1685 1350 earumdem

416 1399 568 1457 universis
591 1398 703 1456 litteris
726 1405 755 1456 et
771 1399 959 1458 litteralibus
981 1402 1182 1459 munimentis
1199 1400 1316 1458 factum
1332 1403 1549 1457 annotatorum
1564 1413 1686 1473 posses·

418 1505 541 1562 sionum
564 1503 760 1576 tangentibus
785 1507 831 1562 tui
854 1508 971 1564 vocatis
995 1514 1024 1563 et
1046 1507 1201 1565 accersitis
1223 1507 1255 1564 in
1278 1506 1481 1580 presenciam,
1511 1505 1687 1578 auditisque

419 1612 560 1685 ipsarum
596 1612 738 1685 parcium
769 1613 1046 1686 proposicionibus,
1072 1613 1317 1686 allegacionibus
1346 1617 1376 1670 et
1399 1611 1628 1670 obieccionibus
1650 1626 1686 1668 ac

416 1719 525 1775 revisis
541 1723 571 1775 et
587 1717 751 1790 diligenter
763 1720 944 1777 examinatis
957 1718 1136 1777 huiusmodi
1152 1734 1260 1776 eorum
1272 1718 1461 1781 litteralibus
1474 1717 1684 1776 instrumentis

416 1824 495 1880 inter
517 1823 642 1880 easdem
664 1831 769 1899 partes
785 1841 879 1898 super
895 1824 976 1882 iacto
991 1825 1208 1898 predictarum·
1219 1825 1450 1898 possessionum
1466 1823 1550 1897 apud
1575 1838 1684 1880 manus

414 1930 554 2003 ipsorum
570 1929 707 1988 Ladislai
722 1937 752 1988 et
767 1930 915 2014 Johannis
938 1933 1127 2005 occupative,
1145 1936 1178 1988 ut
1202 1930 1322 2002 dicitur,
1346 1929 1534 2000 habitarum,
1559 1943 1683 1986 merum

414 2034 565 2110 judicium
589 2050 624 2092 ac
648 2035 786 2093 debitam
810 2035 964 2111 justiciam
998 2053 1105 2096 recusa
1136 2044 1166 2095 et
1196 2037 1447 2094 dissimulacione
1478 2037 1597 2110 absque
1628 2037 1684 2094 ali·

415 2142 509 2214 quali,
533 2143 620 2214 regui
642 2143 740 2199 nostri
762 2142 982 2200 consuetudine
1005 2142 1139 2202 dictante
1162 2143 1250 2214 adeo,
1275 2149 1308 2201 ut
1332 2157 1390 2217 pro
1417 2141 1540 2200 deiectu
1562 2139 1684 2218 justicie

412 2253 521 2304 neutra
544 2249 684 2321 ipsarum
707 2248 849 2320 parcium
873 2253 977 2306 nostre
1000 2249 1110 2306 exinde
1133 2265 1191 2324 per
1213 2251 1351 2323 amplius
1372 2255 1501 2322 cogatur
1523 2248 1683 2322 querulari

415 2353 577 2424 maiestati,
610 2351 710 2410 iacere
740 2357 770 2410 et
803 2353 983 2426 impendere
1019 2355 1122 2413 modis
1146 2356 1292 2412 omnibus
1329 2354 1442 2414 debeas
1477 2359 1507 2412 et
1541 2370 1629 2412 secus
1651 2355 1683 2412 in

413 2459 573 2532 premissis
606 2473 669 2516 non
703 2457 851 2518 facturus.
886 2460 1002 2518 Datum
1045 2462 1169 2520 Posonii
1193 2462 1270 2520 seria
1304 2463 1399 2520 tercia
1434 2463 1579 2536 proxima
1612 2467 1683 2535 post

413 2564 602 2623 dominicam
625 2565 742 2622 Letare.
766 2567 855 2625 Anno
872 2566 990 2625 domini
1014 2568 1184 2626 millesimo
1200 2568 1505 2642 quadringentesimo
1528 2569 1683 2626 tricesimo

413 2672 528 2744 quinto.
551 2671 731 2743 Regnorum
753 2677 932 2730 nostrorum
955 2688 1034 2730 anno
1053 2675 1211 2748 Hungarie
1228 2682 1283 2733 etc.
1301 2674 1539 2748 quadragesimo
1562 2683 1682 2733 octavo.

411 2779 624 2834 Romanorum
651 2779 802 2851 vigesimo
830 2781 945 2852 quinto.
980 2779 1126 2838 Bohemie
1176 2781 1416 2854 quintodecimo.
1447 2782 1575 2856 Imperii
1606 2795 1682 2839 vero

413 2883 556 2941 secundo

517 3072 650 3136 originale
669 3075 696 3122 in
713 3073 809 3134 charta,
828 3075 855 3124 in
873 3076 987 3140 margine
1000 3077 1115 3126 inferiori
1129 3077 1283 3141 impressum
1296 3077 1410 3142 sigillum
1423 3078 1512 3129 maius.
1532 3079 1565 3126 In
1583 3078 1679 3128 archiv.

411 3161 473 3212 incl.
493 3162 576 3212 Acad.
596 3163 691 3214 Sciant.
711 3163 780 3215 Slav.
800 3165 889 3218 merid.

515 3643 596 3693 Anno
618 3657 691 3710 1435.

468 3789 603 3864 Injuriac
623 3807 642 3846 a
664 3791 789 3863 cape'tulo
814 3791 930 3863 sagrab.
954 3789 1063 3848 civibus
1092 3788 1280 3848 Grecersibus
1303 3791 1412 3858 illatae,
1439 3791 1616 3865 referantur.

514 3951 601 4024 ltem,
625 3952 656 4009 in
680 3954 815 4026 presenti
838 3954 969 4025 registro
992 3958 1138 4011 notantur
1160 3959 1189 4010 et
1213 3953 1408 4012 continentur
1437 3953 1536 4011 multe
1567 3955 1677 4014 iniurie

408 4063 439 4116 et
461 4059 634 4132 obprobria
657 4075 693 4117 ac
716 4059 853 4134 dampna
876 4065 906 4117 et
928 4065 1120 4130 nocumenta,
1146 4075 1285 4133 quasque
1317 4060 1516 4118 honorabiles
1539 4061 1600 4118 viri
1623 4061 1677 4119 do·

409 4165 486 4223 mini
509 4164 547 4222 de
570 4166 709 4240 capitulo
728 4167 856 4224 ecclesie
879 4167 1086 4239 zagrabiensis
1109 4167 1141 4224 in
1163 4182 1243 4224 anno
1267 4166 1385 4224 domini
1409 4166 1578 4224 millesimo
1602 4183 1677 4241 qua·

408 4269 650 4344 dringentesimo
679 4272 768 4330 XXX
799 4274 916 4345 quinto,
948 4289 1029 4330 nunc
1060 4274 1204 4348 presenti,
1235 4277 1307 4346 post
1338 4288 1494 4353 recessum
1517 4273 1676 4346 magnifici

406 4377 525 4436 domini
547 4377 722 4436 Mathkonis
745 4378 784 4436 de
807 4379 986 4438 Thallowez
1009 4387 1064 4438 etc.
1088 4381 1305 4453 gubernatoris
1329 4381 1486 4454 prioratus
1504 4381 1628 4437 Aurana
1646 4385 1677 4438 et

407 4485 604 4558 episcopatus
634 4485 842 4558 zagrabiensis
873 4501 909 4544 ac
939 4487 1072 4544 civitatis
1101 4488 1215 4546 montis
1239 4486 1423 4546 Grechensis
1447 4486 1486 4545 de
1508 4487 1594 4546 iuxta
1621 4485 1676 4544 Za·

406 4591 558 4665 grabiam,
582 4607 638 4664 per
661 4591 794 4650 eundem
817 4592 980 4651 dominum
1003 4591 1203 4652 Mathkonem
1234 4594 1316 4652 circa
1339 4594 1569 4652 serenissimum
1589 4593 1675 4668 prin·

407 4698 508 4771 cipem
533 4696 694 4756 dominum
727 4697 970 4772 Sigismundum,
994 4699 1044 4757 dei
1075 4701 1178 4774 gracia
1208 4701 1421 4758 Romanorum
1451 4701 1674 4774 imperatorem

406 4808 461 4860 etc.
494 4803 611 4861 factum
632 4803 752 4862 diebus
774 4804 988 4879 infrascriptis,
1020 4821 1115 4881 super
1138 4807 1228 4879 cives,
1253 4808 1371 4865 incolas
1394 4811 1424 4864 et
1447 4806 1669 4864 inhabitatores

406 4907 487 4967 dicte
517 4911 650 4968 civitatis
685 4913 799 4970 montis
834 4911 1017 4971 Grechensis
1051 4917 1158 4970 contra
1193 4913 1347 4986 mandata,
1379 4912 1609 4986 prohibiciones
1645 4917 1675 4968 et

404 5016 597 5095 obligamina
619 5017 719 5092 ipsius
742 5017 862 5082 domini
885 5017 1059 5082 Mathkonis
1083 5019 1253 5079 literatoria
1284 5021 1365 5079 inter
1387 5017 1514 5078 eosdem
1537 5018 1620 5078 cives
1642 5024 1673 5078 et
