3948 5804
726 580 799 636 Dec.
816 590 870 654 32.
894 610 937 622 -
961 577 1017 634 An.
1042 589 1130 653 1422.
1516 591 1555 650 37

292 797 402 856 diebus
436 798 467 855 in
501 795 619 854 eisdem
652 793 765 852 litteris
799 793 912 851 nostris
942 791 1059 850 eisdem
1093 792 1221 867 prefixis
1244 797 1274 850 et
1296 791 1484 850 sufficienter
1507 807 1559 848 ex·

293 904 407 978 pressis
432 918 537 962 coram
574 901 664 959 nobis
698 899 852 973 legittime
886 899 1106 974 comparendo,
1141 914 1196 956 nos
1231 899 1269 956 de
1304 898 1558 957 absolucionibus

292 1025 409 1081 eorum,
433 1011 460 1067 si
482 1024 560 1083 quas
582 1008 734 1066 haberent
756 1021 773 1063 a
795 1006 935 1081 pristinis
958 1005 1119 1064 sentenciis
1135 1011 1200 1064 tam
1216 1003 1293 1082 juris
1308 1005 1447 1063 canonici
1463 1020 1557 1077 quam

293 1117 391 1174 eciam
415 1109 491 1174 dicti
524 1114 643 1172 domini
675 1113 825 1196 Johannis
859 1111 1019 1184 quondam
1043 1113 1252 1184 zagrabiensis
1276 1111 1425 1186 episcopi,
1448 1110 1558 1184 prede·

293 1223 425 1280 cessoris
447 1221 554 1292 nostri,
567 1224 598 1278 et
621 1219 698 1277 alias
724 1217 762 1277 de
785 1220 816 1275 et
839 1233 934 1292 super
957 1217 1074 1276 eisdem
1097 1219 1260 1276 sentenciis
1282 1222 1427 1292 pretextu
1444 1217 1558 1290 prioris

292 1320 464 1386 invasionis
498 1327 699 1385 dominorum
732 1323 770 1382 de
805 1323 960 1397 capitu10,
995 1324 1276 1398 prebendariorum
1308 1331 1339 1382 et
1373 1323 1558 1382 clericorum

291 1433 506 1506 predictorum
529 1437 560 1490 et
583 1431 808 1490 combustionis
832 1429 961 1503 pristine
991 1433 1133 1504 superius
1163 1431 1261 1488 lacius
1287 1430 1454 1509 expressio,
1485 1429 1557 1489 latis

293 1540 324 1598 in
345 1538 472 1597 eosdem
495 1542 560 1596 tam
583 1538 614 1595 in
637 1537 750 1610 specie,
773 1551 868 1608 quam
892 1536 924 1594 in
946 1551 1059 1609 genere
1081 1536 1134 1593 vel
1156 1537 1234 1594 alias
1259 1535 1482 1610 quoquomodo
1503 1536 1557 1594 vel

293 1646 391 1704 eciam
415 1645 622 1720 promulgatis
644 1643 722 1717 ipsis
741 1641 829 1714 datis,
853 1640 942 1700 factis
965 1643 1100 1717 desuper
1122 1647 1152 1701 et
1175 1643 1327 1702 concessis
1356 1658 1391 1700 ac
1419 1642 1557 1701 satisfac·

291 1753 431 1810 cionibus
454 1751 599 1810 similiter
621 1765 682 1823 que
705 1748 744 1807 de
765 1746 834 1825 jure
856 1749 1057 1822 requiruntur
1080 1748 1247 1824 superinde
1269 1749 1399 1824 prefatis
1422 1748 1557 1808 dominis

292 1857 330 1917 de
353 1857 491 1932 capitulo
511 1862 542 1915 et
563 1871 622 1931 pro
645 1856 806 1930 premissis
830 1860 860 1913 et
883 1855 1026 1928 quolibet
1042 1857 1269 1930 premissorum
1284 1871 1320 1914 ac
1335 1856 1406 1915 aliis
1422 1871 1556 1930 quorum

294 1967 422 2023 interest
444 1963 581 2038 inpensis
604 1966 634 2020 et
656 1960 805 2020 exhibitis
827 1962 920 2035 plene
943 1967 974 2020 et
996 1961 1187 2022 sufficienter
1220 1962 1424 2022 informarent
1447 1967 1478 2021 et
1499 1975 1558 2037 pro

295 2071 437 2144 ipsorum
460 2068 636 2128 animarum
659 2068 759 2126 salute
782 2066 947 2126 edocerent
970 2068 1130 2128 evidenter
1152 2074 1182 2128 el
1198 2071 1356 2143 signanter
1371 2070 1403 2127 in
1419 2069 1557 2144 quodam

293 2177 356 2236 alio
377 2176 511 2235 termino
534 2179 619 2234 certo
641 2174 792 2246 ulteriori,
805 2174 962 2233 similibus
977 2175 1090 2234 litteris
1104 2177 1218 2234 nostris
1234 2175 1354 2236 eisdem
1369 2175 1559 2236 sufficienter

293 2283 423 2358 prefixo,
447 2297 553 2340 coram
575 2275 668 2339 nobis
691 2286 909 2354 comparerent
930 2281 1082 2355 legittime
1104 2281 1157 2340 rel
1180 2299 1237 2356 per
1258 2297 1330 2341 suos
1361 2283 1558 2358 responsales

293 2389 331 2447 de
353 2393 384 2447 et
406 2404 502 2464 super
518 2388 665 2446 omnibus
680 2387 750 2445 aliis
766 2388 926 2462 premissis
944 2393 1051 2446 contra
1067 2387 1221 2462 prefatam
1237 2389 1401 2447 ecclesiam
1417 2395 1556 2448 nostram

291 2512 348 2554 nec
369 2511 431 2553 non
455 2494 581 2552 eosdem
604 2493 747 2564 dominos
771 2493 809 2550 de
826 2493 972 2568 capitum,
988 2494 1214 2569 prebendarios
1229 2511 1265 2553 ac
1281 2497 1400 2554 clerum
1416 2501 1558 2555 nostrum

292 2600 355 2678 jam
379 2603 417 2660 de
440 2617 531 2673 novo,
554 2606 588 2660 ut
611 2601 810 2676 premittitur,
833 2602 976 2675 nequiter
1005 2604 1201 2676 perpetratis,
1231 2605 1331 2676 nobis,
1366 2603 1419 2676 qui
1454 2603 1559 2661 huius·

292 2709 379 2767 modi
402 2707 584 2767 eorumdem
608 2708 735 2765 iniurias
757 2712 877 2765 nostras
900 2709 1116 2782 reputavimus
1139 2713 1170 2766 et
1192 2713 1373 2782 reputamus
1388 2723 1424 2766 ac
1440 2708 1558 2766 eisdem

292 2816 464 2889 plenariam
487 2821 542 2872 aut
572 2813 683 2872 saltem
713 2819 941 2886 competentem
973 2815 1226 2873 satisfaccionom
1257 2814 1481 2889 impenderent
1513 2814 1558 2872 fa·

291 2927 394 2979 cerent
416 2926 447 2978 et
470 2921 568 2978 eciam
592 2921 783 2992 exhiberent,
807 2919 929 2993 sibique
953 2920 992 2978 de
1022 2921 1126 2980 debite
1162 2921 1371 2979 absolucionis
1406 2921 1557 2979 beneficio

291 3027 493 3101 providerent
517 3026 615 3083 eciam
639 3042 703 3100 quo
728 3025 920 3100 adplenum
944 3027 996 3084 vel
1019 3041 1144 3084 causam
1180 3043 1234 3085 seu
1270 3042 1386 3098 causas,
1421 3029 1446 3085 si
1481 3043 1558 3101 quas

291 3133 371 3191 forte
394 3133 543 3190 haberent
566 3131 780 3202 racionabiles;
803 3147 899 3204 quare
922 3133 1079 3206 premissa
1102 3133 1206 3191 omnia
1229 3137 1260 3191 et
1282 3133 1406 3206 singula
1429 3133 1473 3191 sic
1488 3133 1557 3191 fieri

292 3245 322 3298 et
344 3239 454 3312 iacere,
478 3241 636 3312 signanter
660 3254 757 3312 quare
780 3237 819 3296 de
842 3254 927 3297 novo
949 3241 1119 3297 sentencias
1143 3245 1214 3298 ante
1245 3239 1324 3297 latas
1355 3241 1387 3298 in
1417 3239 1496 3297 tales
1528 3245 1558 3298 et

291 3347 506 3422 promulgatas
529 3345 672 3404 incidisse
696 3345 940 3420 dampnabiliter
974 3345 1128 3404 declarari
1161 3351 1192 3404 et
1226 3346 1304 3404 alias
1338 3345 1485 3404 similiter
1518 3346 1557 3404 de

291 3468 374 3511 novo
407 3457 473 3510 tam
507 3452 539 3510 in
574 3453 676 3525 specie
711 3466 806 3525 quam
836 3451 867 3510 in
901 3467 1012 3525 genere
1035 3453 1299 3510 excommunicari
1321 3453 1352 3510 in
1376 3445 1498 3524 scriptis
1521 3467 1558 3510 ac

292 3559 439 3633 suspendi
462 3564 492 3617 et
514 3559 655 3632 ipsorum
679 3559 829 3632 sacrilega
852 3559 1057 3620 communitas
1087 3574 1123 3616 ac
1154 3559 1214 3632 ipsi
1245 3574 1353 3618 omnes
1384 3559 1415 3618 in
1446 3573 1558 3632 genere
1641 3565 1644 3574 ’

291 3679 344 3723 seu
368 3666 509 3740 ipsomm
532 3665 640 3723 civitas
663 3669 806 3738 pretensa
829 3665 1010 3722 firmissimo
1034 3665 1245 3723 ecclesiaatico
1268 3665 1369 3723 subici
1392 3665 1556 3724 interdicto

292 3787 353 3830 non
381 3771 529 3829 deberent
552 3771 713 3844 alegaturi,
736 3769 857 3842 dicturi,
880 3772 1039 3845 excepturi
1063 3777 1093 3828 et
1123 3771 1286 3829 deducturi
1316 3772 1415 3829 verbo
1442 3777 1495 3829 aut
1525 3773 1558 3830 in

292 3879 424 3952 scriptis,
448 3877 535 3936 citari
558 3877 688 3936 fecimus
710 3881 740 3936 et
762 3881 794 3936 in
817 3877 915 3936 nostri
938 3879 1132 3952 presenciam
1155 3879 1308 3952 legittime
1325 3879 1456 3937 evocari.
1480 3878 1558 3952 Qui-

292 3983 481 4058 busquidem
507 3983 647 4042 terminis
668 3969 904 4042 advenientibus
928 3991 959 4042 et
981 4000 1049 4043 sese
1072 3985 1273 4058 sequentibus
1296 4001 1352 4042 nec
1374 4000 1431 4058 per
1454 4001 1558 4044 senec

292 4108 348 4167 per
372 4092 543 4165 legittimos
565 4092 761 4165 responsales
795 4097 848 4149 aut
880 4093 1008 4150 nuncios
1042 4096 1190 4150 curarunt
1224 4106 1414 4165 comparere,
1448 4105 1557 4164 ymmo

292 4205 436 4256 consvete
474 4197 655 4256 rebellionis
691 4198 870 4256 calcaneum
904 4199 1045 4272 ipsorum
1079 4213 1114 4255 ac
1149 4197 1313 4254 stimulum
1345 4197 1557 4255 inobediencie

291 4308 477 4361 contrarios
507 4303 668 4376 erigentes,
692 4318 797 4361 coram
831 4304 922 4361 nobis
956 4303 1179 4362 contumaciter
1212 4303 1424 4376 neglexerunt,
1462 4309 1556 4376 prout

291 4408 384 4468 hodie
417 4409 640 4480 contradicunt,
676 4424 865 4483 comparere.
899 4409 989 4468 Unde
1012 4424 1067 4467 nos
1099 4423 1158 4483 pro
1188 4409 1339 4467 tribunali
1361 4407 1503 4466 sedentes
1526 4414 1556 4468 et

290 4515 392 4572 solum
409 4515 503 4573 deum
520 4531 576 4589 pre
599 4515 698 4574 oculis
720 4517 870 4574 habentes
894 4517 925 4574 in
949 4516 1091 4589 quolibet
1114 4515 1320 4574 terminorum
1343 4514 1556 4588 predictorum

289 4622 320 4678 in
345 4624 375 4678 et
398 4623 440 4679 ob
464 4623 692 4681 contumaciam
716 4638 824 4680 eorum
847 4637 883 4680 ac
905 4623 1110 4680 rebellionem
1134 4623 1277 4694 publicas
1313 4626 1342 4680 et
1377 4620 1556 4679 manifestas

290 4727 436 4786 similiter
460 4744 497 4785 ex
520 4727 627 4786 officio
649 4733 756 4787 nostro
779 4730 870 4787 nobis
893 4729 1084 4787 incumbenti
1114 4729 1300 4803 supradicto,
1325 4728 1478 4787 dictorum
1502 4727 1556 4784 do

289 4834 447 4892 minorum
470 4839 500 4917 et
522 4835 654 4892 ecclesie
677 4835 804 4893 iniurias
827 4851 863 4894 ac
886 4850 1028 4893 enormes
1063 4836 1197 4893 offensas
1228 4839 1348 4892 nostras
1378 4839 1557 4907 reputantes

287 4940 327 4997 ad
351 4941 449 4999 nostri
471 4946 501 4999 et
517 4941 649 5000 ecclesie
672 4949 776 5000 nostre
799 4942 937 5016 predicte
960 4941 1079 5014 syndici
1102 4957 1155 5000 seu
1179 4940 1389 5014 procuratoris
1411 4939 1557 5012 legittimi

288 5047 470 5106 instanciam
495 5047 622 5106 eosdem
647 5047 740 5121 cives,
762 5049 910 5122 hospites,
935 5048 1079 5124 populos,
1101 5041 1229 5120 incolas,
1261 5047 1411 5118 homines,
1440 5044 1557 5122 judices
