3932 5806
389 513 447 571 282
692 552 698 563 .
797 509 869 566 Dec.
893 523 964 586 224.
990 540 1032 554 -
1056 509 1112 566 An.
1137 505 1227 584 1462.

385 725 597 800 heredumque
613 741 740 784 suorum
757 725 986 784 successoribus
1001 731 1031 782 et
1043 724 1276 810 posteritatibus
1291 725 1452 796 universis,
1469 724 1647 797 quindecim

384 832 509 892 florenis
540 834 608 891 auri
630 830 703 909 justi
726 837 756 890 et
778 833 851 890 boni
877 831 1022 905 ponderis
1045 832 1086 888 ab
1110 846 1146 888 eo
1170 831 1308 905 plenarie
1331 831 1464 904 receptis
1488 837 1518 888 et
1541 847 1646 905 perso·

384 939 467 1010 lutis,
498 938 695 1011 uendidisset,
719 938 855 997 dedisset
877 943 908 996 et
928 939 1120 1010 assignasset,
1143 939 1241 996 immo
1265 937 1412 1009 vendidit,
1436 936 1521 997 dedit
1544 943 1574 996 et
1601 953 1649 996 as·

384 1046 518 1118 signavit
540 1062 612 1104 cum
628 1047 691 1104 suis
713 1045 900 1104 utilitatibus
917 1050 946 1102 et
962 1043 1228 1102 fructuositatibus
1244 1045 1397 1104 uniuersis
1420 1059 1476 1118 per
1491 1043 1648 1118 prefatum

383 1153 571 1226 Dionysium
607 1159 637 1211 et
668 1167 740 1210 suos
772 1166 962 1210 successores
991 1149 1060 1226 jure
1095 1157 1246 1228 perpetuo
1277 1157 1307 1210 et
1337 1150 1584 1209 irrevocabiliter
1606 1155 1649 1208 te·

383 1258 525 1330 nendam,
550 1258 778 1333 possidendam,
802 1259 919 1332 pariter
942 1265 972 1315 et
994 1257 1183 1316 habendam.
1212 1256 1437 1331 Cuiusquidem
1460 1251 1540 1316 silue
1568 1263 1649 1315 mete

385 1364 488 1423 taliter
511 1365 757 1438 distinguuntur:
781 1363 868 1436 Item,
892 1365 995 1437 prima
1017 1368 1098 1420 meta
1121 1364 1230 1438 incipit
1252 1364 1284 1421 in
1307 1365 1358 1421 uia
1378 1363 1506 1437 publica
1528 1364 1570 1420 ab
1587 1363 1648 1422 ori·

383 1476 451 1529 ente
472 1476 502 1529 et
534 1471 643 1529 transit
665 1486 774 1528 versus
797 1469 988 1528 occidentem
1011 1469 1050 1526 ad
1074 1470 1218 1528 arborem
1244 1470 1350 1543 querci
1371 1483 1461 1527 cruce
1484 1468 1647 1540 signatam,

383 1575 493 1635 deinde
516 1579 630 1635 iterum
654 1577 692 1634 ad
717 1575 812 1634 aliam
835 1577 980 1634 arborem
997 1576 1103 1649 querci
1126 1575 1293 1634 etiterum
1316 1575 1354 1634 ad
1379 1577 1507 1633 terciam
1531 1579 1561 1632 et
1577 1573 1647 1632 dein

383 1682 422 1740 ad
445 1683 592 1742 arborem
615 1683 728 1756 graber
751 1689 893 1740 vocatam
919 1697 1017 1756 prope
1040 1683 1120 1740 circa
1144 1687 1280 1740 meatum
1304 1695 1383 1755 aque
1405 1681 1437 1739 iu
1461 1680 1545 1738 valle
1568 1681 1646 1739 etin

385 1788 494 1848 eodem
526 1794 630 1847 meatu
660 1805 739 1863 aque
772 1789 991 1859 terminantur;
1022 1788 1097 1846 item
1128 1803 1199 1846 cum
1224 1792 1332 1861 quarta
1357 1791 1446 1860 parte
1467 1786 1564 1845 ortuli
1587 1787 1646 1844 sub

387 1893 468 1953 dicta
491 1896 580 1954 vinea
604 1896 716 1967 situati,
740 1897 781 1952 ita
804 1901 915 1966 tamen,
939 1893 1023 1968 quod
1047 1893 1185 1968 prelatus
1208 1893 1375 1966 Dionysius
1398 1891 1551 1967 Vodopya
1567 1907 1647 1951 nun-

383 2007 512 2075 cupatus
543 2007 573 2059 et
607 2002 654 2058 sui
686 2015 877 2085 successores
906 2001 1036 2074 singuiis
1066 2001 1152 2058 annis
1183 2005 1253 2058 ante
1285 1999 1476 2059 vindemiam
1498 1999 1590 2058 nobis
1614 2007 1644 2057 et

382 2106 509 2165 ecclesie
531 2113 635 2165 nostre
657 2107 782 2180 triginta
806 2107 943 2180 quinque
966 2106 1116 2177 denarios,
1140 2122 1236 2164 unum
1260 2121 1419 2180 caponem,
1440 2121 1534 2164 unam
1551 2104 1647 2164 dena-

381 2213 492 2270 riatam
523 2215 612 2287 panis
642 2214 765 2270 solvere
797 2214 991 2271 tenebuntur.
1022 2213 1090 2270 Hoc
1112 2215 1211 2270 eciam
1235 2225 1390 2288 express0,
1415 2211 1498 2286 quod
1522 2213 1548 2270 si
1572 2227 1641 2286 pre-

381 2316 463 2375 fatus
486 2319 653 2392 Dionysius
676 2319 828 2394 Vodopya
843 2319 998 2394 apellatus
1014 2325 1044 2377 et
1067 2320 1115 2377 sui
1137 2335 1308 2377 successres
1330 2323 1509 2392 temporum
1526 2319 1556 2376 in
1572 2332 1643 2394 pro·

381 2439 467 2481 cessu
500 2430 606 2483 contra
635 2424 808 2500 predictam
837 2426 996 2484 ecclesiam
1021 2432 1159 2484 nostram
1183 2430 1213 2483 et
1236 2441 1292 2499 per
1322 2439 1511 2499 consequeus
1539 2430 1645 2482 contra

380 2545 436 2587 nos
469 2531 608 2604 aliquam
631 2537 737 2590 notam
760 2532 951 2590 infidelitatis
973 2533 1165 2604 incurrerint,
1189 2538 1301 2592 extunc
1331 2531 1440 2590 eadem
1471 2531 1561 2590 vinea
1584 2545 1646 2588 una

381 2651 451 2693 cum
474 2637 553 2695 silva
570 2637 707 2711 predicta
731 2638 769 2696 ad
783 2652 840 2696 uos
864 2637 1058 2697 devolvatur.
1082 2639 1169 2708 Item,
1192 2638 1276 2696 idem
1298 2637 1494 2710 Valenthych
1524 2637 1643 2695 ibidem

380 2743 411 2800 in
434 2742 573 2816 predicto
603 2749 708 2802 nostro
731 2745 886 2802 territorio
908 2745 1027 2802 habens
1050 2745 1207 2818 quandam
1229 2744 1416 2820 particulam
1446 2745 1535 2802 vinee
1562 2745 1641 2802 inter

379 2850 485 2908 vineas
514 2848 604 2908 Pauli
633 2856 663 2908 et
694 2851 826 2909 condam
850 2852 982 2916 Martini,
1007 2851 1080 2909 dicti
1112 2849 1362 2924 Plemenschaalr,
1396 2851 1550 2923 situatam,
1572 2847 1640 2927 jure

379 2955 524 3014 similiter
551 2957 697 3029 empticio
730 2958 834 3031 ipsum
858 2963 1100 3030 concernentem,
1124 2973 1219 3032 quam
1242 2957 1385 3015 similiter
1407 2957 1440 3016 in
1462 2955 1643 3016 vendicione

379 3059 520 3138 adJ'uuxit
551 3077 586 3120 ac
609 3063 750 3122 vendidit
773 3064 913 3138 predicto
936 3065 1086 3138 Dionysio
1108 3064 1263 3138 Vodopya
1287 3079 1358 3121 cum
1382 3063 1537 3138 superiori
1551 3063 1642 3121 uinea

379 3182 438 3242 pro
460 3169 565 3244 precio
589 3169 777 3243 supradicto,
802 3170 839 3229 de
863 3186 925 3244 qua
949 3169 1076 3244 quidem
1099 3171 1252 3244 particula
1276 3170 1364 3228 vinee
1387 3169 1565 3242 quindecim
1591 3169 1643 3226 de·

378 3275 491 3347 uarios,
522 3274 661 3334 medium
694 3291 843 3351 caponem
876 3283 906 3335 et
930 3277 1128 3335 medietatem
1151 3277 1241 3334 unius
1264 3275 1416 3334 denariati
1441 3277 1529 3348 panis
1552 3275 1642 3333 uobis

379 3387 409 3438 et
432 3382 559 3440 ecclesie
588 3389 693 3442 nostre
716 3385 846 3457 singulis
868 3385 957 3442 annis
980 3399 1067 3442 more
1087 3385 1252 3458 prehabito
1276 3383 1360 3442 idem
1383 3383 1552 3454 Dionysius
1580 3381 1638 3439 Vo-

379 3487 483 3561 dopya
506 3504 542 3546 ac
564 3490 612 3547 sui
627 3505 817 3549 successores
837 3491 960 3548 solvere
975 3491 1207 3564 obligabuutur.
1223 3491 1258 3548 In
1280 3491 1366 3547 cuius
1389 3489 1435 3547 rei
1447 3488 1642 3558 memoriam,

378 3593 621 3668 firmitatemque
652 3605 836 3671 perpetuam
868 3597 1064 3672 presentibus
1087 3597 1227 3670 sigillum
1250 3601 1391 3655 nostrum
1416 3595 1563 3655 duximus
1586 3608 1639 3668 ap·

377 3699 585 3773 pendendum.
616 3702 732 3760 Datum
764 3704 842 3762 feria
874 3709 984 3777 quarta
1014 3705 1168 3778 proxima,
1200 3703 1346 3761 videlicet
1376 3703 1408 3761 in
1431 3701 1512 3760 festo
1534 3701 1643 3759 Poten-

378 3805 464 3864 ciane
487 3808 626 3880 virginis.
650 3810 740 3866 Anno
771 3809 888 3868 domini
922 3809 1091 3868 millesimo
1115 3809 1421 3883 quadringentesimo
1448 3807 1639 3882 sexagesimo

378 3911 521 3971 secundo

483 4015 507 4062 E
526 4023 685 4081 transumpto
704 4019 772 4066 iacto
790 4031 857 4066 anuo
879 4019 954 4079 1809.
973 4018 1118 4070 qurchiv.
1143 4017 1294 4082 archiepisc.
1319 4017 1418 4080 zagrab.
1440 4017 1566 4080 Juridioe,
1590 4014 1641 4065 vol.

377 4103 413 4152 11.
433 4118 471 4155 nr.
492 4115 533 4166 23.

971 4284 1055 4350 224.

481 4368 563 4418 Auno
584 4368 659 4433 1462,
680 4381 720 4432 24.
740 4371 808 4422 maii.
827 4373 924 4422 Budae.

377 4459 523 4532 Mathias,
555 4461 733 4536 Hunganoe
764 4471 814 4524 etc.
845 4483 914 4534 rex,
944 4466 1071 4541 episcopo
1101 4464 1271 4522 waradiensi
1294 4465 1413 4538 plenum
1435 4466 1490 4539 jus
1517 4463 1641 4520 onmium

525 4551 724 4622 beneficiorum
747 4553 777 4608 in
799 4553 955 4627 capitulum
978 4553 1098 4626 zagrab.
1122 4553 1357 4628 conferendorum
1382 4552 1490 4614 tn'buit.

1083 4671 1238 4723 Commissio
1256 4673 1360 4738 propria
1378 4671 1476 4722 domiui
1494 4672 1570 4736 regis.

482 4766 614 4825 Mathias
639 4766 695 4826 dei
725 4769 828 4842 gracia
858 4785 913 4826 rex
940 4769 1108 4840 Hungarie‚
1131 4769 1301 4839 Dalmacie‚
1323 4766 1451 4825 Croacie
1474 4769 1528 4825 etc.
1552 4765 1641 4824 Fide·

375 4871 460 4930 libus
482 4873 595 4931 nostris
624 4874 801 4933 honorabili
823 4875 961 4948 capitulo
983 4875 1110 4932 ecclesie
1134 4874 1340 4947 zagrabiensis
1363 4873 1495 4931 salutem
1518 4878 1548 4929 et
1571 4887 1639 4944 gra·

377 4977 465 5038 ciam.
498 4979 785 5039 Animadvertimus
816 4981 895 5039 inter
927 4981 1106 5039 diuturnam
1138 4980 1378 5054 competitorum
1411 4977 1641 5046 contencionem
