3930 5802
380 591 440 651 214
562 607 565 615 .
800 573 873 630 Doc.
897 568 965 646 156.
986 605 1023 614 -
1050 573 1105 629 An.
1130 583 1220 648 1450.

377 790 552 862 Hennyngh
583 793 613 846 et
647 792 771 846 cunctos
806 788 987 846 tributarios
1018 802 1054 845 ac
1076 787 1217 846 homines
1238 791 1268 845 et
1290 786 1441 845 officiales
1464 786 1644 846 eiusdema

377 895 538 970 peticione,
561 895 725 953 exaccione
748 899 777 952 et
800 895 980 970 recepcione
1003 893 1113 952 tributi
1135 908 1153 950 a
1176 893 1305 966 prefatis
1327 891 1430 968 judice
1462 898 1492 951 et
1522 894 1643 952 civibus

376 1017 412 1059 ac
435 1001 588 1060 universis
611 1001 721 1059 incolis
744 1009 774 1059 et
796 1001 1056 1059 inhabitatoribus
1079 998 1198 1074 preiate
1226 1000 1369 1071 civitatis,
1400 1015 1518 1058 necnon
1548 1001 1643 1059 rebus

377 1113 407 1166 et
429 1108 520 1166 bonis
543 1106 724 1165 eorumdem
748 1106 875 1178 tamdiu,
900 1121 1062 1180 quousque
1083 1103 1204 1180 prefata
1228 1105 1266 1163 lis
1283 1111 1313 1162 et
1329 1106 1497 1178 questionis
1514 1107 1643 1165 materia

376 1213 457 1271 inter
478 1211 624 1270 iamfatos
640 1212 815 1285 Hennyngh
839 1217 869 1270 et
891 1213 976 1286 ipsos
998 1215 1202 1286 protestantes
1218 1209 1280 1268 fine
1296 1209 1401 1278 debito
1417 1211 1643 1284 terminabitur,

376 1319 504 1392 publice
528 1323 559 1376 et
581 1316 744 1376 manifeste
766 1317 928 1392 prohibuit
950 1316 1189 1375 contradicendo
1212 1325 1242 1373 et
1265 1316 1452 1376 contradixit
1474 1317 1643 1376 inhibendo

377 1439 483 1484 coram
505 1426 605 1498 nobis,
621 1425 798 1482 testimonio
821 1425 1014 1498 presencium
1039 1421 1201 1481 mediante.
1224 1423 1341 1480 Datum
1362 1421 1439 1481 feria
1461 1427 1549 1482 sexta
1571 1437 1643 1497 pro·

378 1531 463 1590 xima
486 1536 555 1590 ante
579 1529 694 1588 festum
717 1531 858 1588 omnium
879 1535 1064 1587 sanctorum.
1097 1529 1187 1586 Anno
1218 1527 1337 1589 domini
1367 1527 1537 1586 millesimo
1568 1543 1643 1602 qua·

378 1637 620 1711 dringentesimo
644 1637 910 1710 quinquagesimo.

482 1772 615 1838 Originale
634 1773 662 1822 in
680 1772 775 1824 charta.
796 1773 822 1822 A
842 1779 914 1836 tergo
933 1771 1069 1836 vestigium
1089 1771 1207 1835 impressi
1226 1769 1315 1834 sigilli.
1341 1771 1373 1818 In
1398 1768 1492 1820 archiv.
1525 1768 1570 1820 lib.
1589 1784 1641 1833 reg.

380 1863 428 1914 civ.
448 1863 548 1927 zagrab.

969 2055 1050 2120 156.

483 2217 563 2268 Anno
585 2227 659 2281 1450,
680 2227 721 2277 29.
738 2213 891 2264 novembris.
912 2213 1060 2278 Zagrabiae.

383 2339 548 2417 Capitulum
578 2342 696 2416 sagrab.
725 2342 896 2420 lieningram
926 2341 960 2398 de
992 2339 1087 2398 Sused
1115 2341 1146 2397 in
1180 2340 1253 2399 bani
1264 2340 1409 2416 judicium
1433 2347 1561 2399 vocatum
1585 2358 1642 2400 esse

813 2447 963 2507 Friderico
985 2447 1060 2505 bano
1082 2448 1204 2504 nuntiat.

455 2645 460 2654 .
483 2592 603 2650 illustri
625 2591 760 2666 principi
783 2591 909 2650 domino
933 2590 1090 2650 Friderico
1111 2589 1162 2650 dei
1183 2591 1288 2664 gracia
1312 2590 1400 2664 Cilie,
1423 2587 1641 2666 Oriemburge,

377 2699 567 2772 Zagorieque
590 2703 644 2756 etc.
668 2697 782 2769 comiti,
806 2711 924 2756 necnon
940 2697 1028 2770 regni
1043 2695 1206 2756 Sclauonie
1222 2698 1312 2770 bano,
1338 2696 1466 2756 domino
1488 2701 1518 2755 et
1541 2699 1641 2757 amico

378 2805 520 2880 ipsorum
536 2803 725 2874 honorando,
738 2803 911 2877 capitulum
928 2803 1057 2862 ecclesie
1072 2804 1290 2876 zagrabiensis,
1307 2803 1482 2862 amiciciam
1498 2809 1640 2878 paratam

378 2927 449 2970 cum
473 2913 600 2969 honore.
623 2910 735 2968 Vestra
756 2910 877 2968 noverit
900 2909 1073 2980 iilustritaS,
1089 2924 1145 2967 nos
1160 2909 1281 2967 litteras
1306 2913 1425 2968 vestras
1448 2913 1640 2972 evocatorias

378 3019 469 3076 nobis
492 3016 699 3075 amicabiliter
721 3015 861 3088 directas,
886 3017 1003 3074 honore
1032 3031 1093 3089 quo
1121 3015 1222 3073 decuit
1237 3015 1389 3090 recepisse
1405 3016 1436 3074 in
1459 3017 1515 3076 hec
1531 3020 1640 3078 verba:

378 3117 462 3202 (vide
485 3123 562 3182 Doc.
590 3137 659 3196 153.
691 3122 729 3180 de
763 3135 843 3180 anno
879 3136 969 3197 1450.
1007 3137 1054 3196 24.
1090 3113 1247 3199 octobris).
1278 3121 1368 3182 Unde
1402 3137 1458 3180 nos
1492 3125 1641 3184 amicabi-

376 3231 460 3289 libus
495 3230 701 3304 peticionibus
735 3233 837 3286 vestre
870 3229 1002 3286 illustris
1037 3227 1259 3286 dominacionis
1293 3235 1469 3301 annuentes,
1503 3246 1638 3288 unacum

377 3335 498 3410 prefato
522 3335 667 3394 Ladislao
691 3336 827 3393 litterato
860 3333 898 3391 de
921 3335 1085 3406 Drenowa‚
1120 3335 1245 3392 homine
1269 3339 1383 3408 vestro,
1417 3341 1558 3394 nostrum
1586 3337 1640 3396 ho·

375 3443 492 3501 minem
507 3441 652 3500 videlicet
669 3441 836 3501 discretum
858 3441 961 3498 virum
984 3441 1095 3513 Eiyam
1119 3439 1157 3499 de
1181 3439 1288 3514 Crisio‚
1313 3443 1524 3515 presbiterum
1547 3444 1635 3503 chori

376 3549 504 3606 ecclesie
527 3555 632 3608 nostre
655 3548 793 3623 predicte
817 3546 1068 3621 prebendarium,
1085 3546 1124 3604 ad
1142 3548 1292 3621 premissa
1309 3547 1444 3608 fideliter
1459 3549 1637 3623 peragenda

375 3661 483 3714 nostro
505 3671 564 3729 pro
588 3656 764 3713 testimonio
795 3654 1023 3712 transmisimus
1047 3653 1248 3726 fidedignum.
1273 3653 1335 3728 Qui
1369 3655 1496 3714 tandem
1530 3656 1640 3716 exinde

377 3759 416 3818 ad
439 3775 496 3819 nos
526 3761 652 3832 reversi,
676 3761 766 3818 nobis
800 3759 996 3818 uniformiter
1030 3760 1217 3818 retulerunt:
1253 3760 1336 3834 quod
1370 3761 1509 3835 prefatus
1545 3763 1640 3821 homo

376 3871 485 3940 vester,
510 3873 651 3941 presente
674 3867 757 3925 dieto
779 3871 884 3925 nostro
908 3867 1091 3938 testimonio,
1108 3867 1240 3924 sabbato
1263 3868 1409 3941 proximo
1432 3873 1501 3927 ante
1525 3868 1639 3928 festum

376 3973 460 4032 beati
483 3973 606 4032 Andree
629 3975 772 4047 apostoli,
796 3974 940 4048 proxime
974 3973 1166 4048 preteritum,
1201 3973 1357 4048 prefatum
1392 3975 1567 4049 Hennyngh
1601 3975 1639 4034 de

375 4079 457 4138 dicta
480 4079 680 4139 Zomzedwar
702 4081 732 4140 in
757 4081 903 4154 porcione
926 4095 981 4138 sua
1005 4081 1246 4154 possessionaria
1271 4081 1301 4138 in
1329 4082 1522 4156 possessione
1549 4081 1638 4140 Zthe·

374 4201 479 4244 newcz
502 4191 621 4258 vocata,
646 4203 702 4260 per
725 4187 893 4245 discretum
918 4187 1022 4244 virum
1056 4185 1217 4244 dominum
1252 4185 1383 4244 Gallum
1417 4187 1587 4262 plebanum
1609 4195 1638 4246 et

376 4293 541 4352 Martinecz
562 4291 770 4369 jobagionem,
801 4307 883 4364 suos,
914 4291 1057 4350 dedicta
1086 4291 1274 4364 Zthenewcz,
1310 4297 1417 4351 contra
1449 4299 1638 4353 memoratos

374 4397 520 4475 judicem,
549 4398 667 4476 juratos
691 4405 720 4458 et
744 4401 905 4457 universos
928 4399 1010 4456 cives
1033 4399 1166 4456 civitatis
1189 4399 1304 4456 montis
1320 4398 1482 4458 Grecensis
1499 4400 1637 4474 predicte

374 4505 413 4562 ad
437 4509 563 4563 octavas
587 4505 656 4563 festi
679 4507 926 4580 Epiphaniarum
949 4505 1076 4577 domini,
1098 4520 1179 4562 nunc
1203 4509 1357 4576 venturas,
1382 4509 1484 4563 vestre
1507 4507 1638 4566 illustris

373 4611 596 4670 dominacionis
619 4621 776 4671 evocasset
799 4613 830 4670 in
855 4613 1045 4687 presenciam
1068 4613 1099 4669 in
1127 4610 1233 4669 sedem
1257 4613 1497 4685 zagrabiensem
1522 4612 1636 4671 dictam

373 4719 531 4776 accionem
555 4735 644 4777 suam
668 4725 868 4778 executurum
892 4735 927 4776 ac
944 4718 982 4776 de
994 4717 1116 4793 judiciis
1133 4720 1223 4776 vobis
1240 4725 1269 4776 et
1293 4719 1374 4793 parti
1397 4719 1527 4776 adverse
1551 4719 1637 4778 satis·

375 4823 540 4898 facturum,
562 4841 597 4884 ac
620 4826 659 4884 ad
684 4832 824 4884 contenta
849 4827 1002 4885 dictarum
1030 4827 1204 4884 litterarum
1220 4833 1393 4884 vestrarum
1407 4841 1637 4900 responsurum.

372 4932 489 4990 Datum
512 4933 646 4992 secundo
670 4935 719 4992 die
744 4933 803 4992 diei
828 4934 1020 4992 evocacionis
1042 4933 1200 4990 antedicte.
1218 4935 1308 4991 Anno
1328 4933 1447 4991 domini
1465 4933 1637 4990 millesimo

373 5037 678 5113 quadringentesimo
702 5043 959 5115 quinquagesimo
983 5039 1172 5115 supradicto.
