3736 5826
796 1659 828 1726 1.

277 1855 362 1904 Anno
384 1865 460 1916 1400,
482 1852 521 1905 16.
540 1853 666 1918 Augusti.
685 1853 832 1918 zagrabiae.

167 2015 286 2074 Coram
318 2017 492 2090 magestratu
522 2016 732 2074 communitatis
761 2015 836 2074 civit.
866 2017 971 2076 montis
1000 2017 1151 2078 Grecensis
1171 2018 1306 2076 Andreae
1330 2017 1444 2093 Puljan

617 2141 688 2199 civis
708 2140 824 2199 heredes
845 2142 1013 2201 herciscunt

280 2318 346 2377 Nos
377 2319 476 2392 Chun,
506 2313 591 2378 filius
614 2321 773 2404 Johannis,
804 2320 906 2393 iudex,
930 2321 1039 2396 Pyero,
1063 2321 1253 2394 Benedictus,
1279 2321 1442 2395 Georgius,

165 2425 363 2496 Demetrius,
388 2426 537 2500 Andreas,
561 2426 722 2500 Georgius,
746 2426 921 2501 Stephanus
944 2433 974 2485 et
1004 2427 1182 2501 Gregorius,
1214 2429 1314 2500 iurati,
1345 2429 1444 2486 consi·

164 2532 257 2590 liarii
287 2538 317 2589 et
348 2532 486 2591 universi
517 2533 600 2591 cives
632 2535 746 2592 montis
778 2533 972 2593 Grechensis.
1003 2534 1154 2592 Memorie
1184 2533 1444 2605 commendantes,

168 2645 281 2696 tenore
305 2640 504 2713 presencium
527 2639 746 2713 significamus,
770 2641 884 2712 quibus
908 2639 1034 2712 expedit
1056 2640 1226 2697 universis:
1254 2639 1339 2713 quod
1371 2653 1446 2712 pro·

168 2744 266 2803 vidus
289 2745 340 2803 vir
362 2745 530 2818 Myclinus,
554 2745 686 2804 condam
709 2745 810 2816 iudex,
833 2761 967 2803 unacum
998 2745 1124 2804 domina
1153 2746 1358 2820 Margaretha,
1389 2760 1445 2803 sua

168 2856 324 2922 consorte,
345 2851 412 2909 filia
436 2851 582 2910 videlicet
604 2852 728 2910 Andree
751 2851 883 2924 Pulyani
906 2852 946 2910 ab
970 2867 1039 2924 una,
1070 2857 1159 2925 parte
1186 2868 1262 2910 vero
1285 2869 1324 2910 ex
1347 2851 1444 2910 altera

169 2957 308 3032 provida
343 2957 471 3015 domina
505 2959 595 3016 Anna
629 2963 760 3029 vocata,
791 2958 900 3016 relicta
934 2958 1066 3032 predicti
1101 2957 1224 3020 Andree
1259 2958 1384 3016 Poliani
1415 2964 1446 3015 et

180 3065 335 3122 discretus
355 3064 406 3122 vir
428 3063 573 3122 dominus
596 3064 712 3136 Petrus,
737 3063 822 3121 filius
845 3063 959 3138 prefati
980 3063 1115 3136 Andree,
1138 3065 1301 3123 canonicus
1317 3064 1445 3122 ecclesie

179 3169 398 3256 zagrabiensis‚
421 3171 518 3228 nostri
541 3170 692 3241 concives,
716 3168 755 3226 ad
784 3173 923 3227 nostram
948 3171 1151 3243 personaliter
1181 3169 1339 3227 venientes
1371 3185 1444 3244 pre·

176 3269 316 3333 senciam
339 3274 471 3334 confessi
493 3277 658 3334 extiterunt
681 3275 809 3334 oraculo
832 3291 943 3334 eorum
960 3277 1031 3333 vive
1052 3276 1137 3356 vocis
1154 3275 1184 3332 in
1201 3276 1282 3333 hunc
1299 3275 1443 3334 modum:

171 3381 261 3455 quocl
283 3381 344 3456 ipsi
368 3381 406 3439 de
431 3381 621 3455 quibusdam
638 3382 886 3456 possessionibus
902 3397 956 3439 seu
973 3382 1223 3458 possessionariis
1240 3381 1441 3455 porcionibus

171 3487 273 3546 nostri
295 3488 326 3545 in
349 3488 457 3546 medio
480 3504 516 3547 ac
539 3490 570 3546 in
595 3489 751 3547 territorio
774 3487 914 3563 predicte
937 3489 1070 3546 civitatis
1094 3489 1160 3546 sitis
1184 3493 1213 3545 et
1229 3488 1442 3560 existentibus,

171 3609 270 3667 super
292 3594 378 3666 ipsos
396 3594 585 3653 hereditario
602 3595 677 3653 iuris
695 3595 786 3653 titulo
803 3594 1126 3666 condescendentibus,
1145 3595 1240 3652 talem
1257 3594 1442 3651 divisionem

172 3701 349 3758 retulerunt
371 3700 452 3758 inter
475 3717 507 3758 se
530 3700 656 3760 fecisse:
680 3703 824 3774 quatinus
848 3701 1014 3760 duodecim
1037 3701 1188 3759 sessiones
1211 3701 1243 3758 in
1266 3699 1354 3770 villa,
1386 3699 1442 3757 Po·

174 3807 289 3878 bresya
313 3812 431 3879 vocata,
454 3807 549 3866 simul
574 3823 645 3865 cum
668 3808 821 3867 universis
844 3809 914 3865 aliis
939 3808 1028 3866 terris
1052 3807 1225 3864 arabilibus
1253 3805 1290 3862 ad
1317 3805 1443 3863 easdem

173 3911 327 3969 sessiones
349 3913 584 3986 pertinentibus,
609 3913 684 3970 item
708 3913 842 3986 quedam
866 3913 959 3970 tercie
981 3912 1091 3970 subtus
1115 3911 1273 3985 quandam
1296 3912 1442 3969 arborem

173 4018 263 4075 nucis
284 4033 384 4091 prope
407 4034 533 4077 murum
556 4019 690 4104 civitatis
713 4020 793 4077 intra
814 4024 912 4077 terras
937 4019 1057 4077 Nicolai
1091 4019 1228 4090 Mahnyn
1251 4019 1333 4089 sitas,
1366 4017 1441 4076 duo·

171 4123 275 4182 decim
298 4123 396 4184 dietas
418 4125 450 4182 in
475 4142 508 4183 se
532 4111 730 4198 continentes,
755 4141 791 4184 ac
814 4126 874 4183 due
908 4131 1012 4200 partes
1043 4124 1205 4182 cuiusdam
1236 4125 1297 4182 orti
1328 4124 1438 4182 subtus

172 4245 300 4288 murum
322 4235 426 4288 nostre
451 4232 545 4290 civita
554 4233 595 4290 tis
618 4233 698 4290 inter
720 4238 804 4290 ortos
839 4233 1013 4290 liberorum
1044 4229 1176 4288 condam
1207 4229 1380 4288 sebastiani
1412 4236 1442 4288 et

172 4337 348 4395 liberorum
371 4337 503 4396 condam
526 4339 674 4406 Anthonii
697 4339 812 4411 Reynis
845 4339 933 4409 sitas:
967 4339 1042 4396 item
1066 4337 1200 4411 quedam
1232 4336 1343 4394 domus
1375 4351 1440 4393 mu·

170 4449 239 4501 rata
262 4443 357 4502 simul
379 4459 451 4502 cum
475 4443 572 4502 fundo
596 4451 626 4502 et
648 4445 718 4502 aliis
741 4443 871 4503 edificiis
894 4445 957 4502 suis
980 4445 1060 4502 intra
1083 4443 1197 4501 fundos
1224 4442 1298 4501 dicti
1322 4429 1441 4500 domini

170 4549 301 4622 Myclini
323 4549 434 4608 iudicis
458 4553 488 4608 et
509 4566 564 4608 sue
587 4551 737 4609 consortis
760 4552 957 4624 Margaretha
980 4555 1163 4623 nuncupate,
1194 4565 1289 4606 unam
1322 4549 1441 4606 curiam

170 4661 200 4714 et
224 4659 369 4729 quartam
391 4661 515 4731 partem
538 4657 622 4715 curie
644 4657 684 4714 ad
708 4673 801 4715 usum
823 4663 927 4715 nostre
950 4657 1084 4715 civitatis
1107 4657 1138 4713 in
1165 4671 1198 4713 se
1222 4657 1438 4726 continentem,

169 4761 202 4820 in
225 4762 274 4820 ius
297 4769 328 4820 et
350 4763 574 4837 proprietatem
597 4763 726 4838 pretatis
751 4763 877 4822 domine
901 4765 990 4821 Anna
1013 4769 1121 4821 vocate
1156 4767 1187 4820 et
1222 4762 1314 4820 Petro
1350 4776 1439 4819 cano·

170 4869 241 4926 nico
265 4867 333 4926 filio
357 4868 431 4927 dicti
453 4869 577 4928 Andree
600 4871 770 4942 cessissent,
793 4885 902 4943 ymmo
926 4869 1016 4927 cessit
1039 4884 1145 4926 coram
1169 4868 1260 4926 nobis
1286 4868 1352 4925 iure
1369 4883 1439 4941 per-

169 4980 266 5049 petuo
290 4979 320 5032 et
343 4975 590 5034 irrevocabiliter
612 4975 845 5051 possidendum,
869 4975 1036 5034 tenendum
1059 4977 1176 5050 pariter
1199 4979 1229 5032 et
1246 4972 1437 5045 habendum,

168 5097 206 5138 ac
228 5080 317 5139 iuxta
340 5081 552 5140 condicionem
576 5082 657 5141 dicte
680 5083 814 5142 civitatis
830 5083 871 5140 ab
888 5083 1016 5156 antiquo
1031 5082 1249 5156 abprobatam,
1267 5079 1438 5153 quomodo·

1314 5201 1327 5243 r
