3828 5822
368 446 430 520 336
782 447 856 503 Doc.
880 455 948 521 272.
972 478 1014 492 -
1038 456 1094 508 An.
1118 457 1209 524 1472.

300 726 303 733 ,
367 661 506 720 omnium
535 667 676 718 taxarum
711 675 764 719 seu
796 660 1064 719 contribueionum
1097 663 1412 723 extraordinariamm
1442 669 1473 722 et
1495 664 1630 723 aliarum

286 833 293 845 ,
367 755 548 842 quatumvis
571 766 767 825 solucionum
789 767 820 825 in
843 765 984 824 medium
998 768 1229 842 regnicolarum
1248 770 1337 843 regni
1351 770 1449 828 nostri
1464 769 1630 829 Sclauonie

367 878 579 948 quantumque
602 878 632 930 et
654 872 894 946 quomodolibet
916 872 1089 932 fiendarum
1121 880 1152 933 et
1174 875 1434 950 imponendarum
1459 893 1497 934 ex
1524 879 1629 950 gracia

367 979 496 1054 speciali
527 984 559 1038 et
589 979 771 1036 auctoritate
800 985 905 1037 nostre
935 979 1125 1038 celsitudinis
1155 981 1362 1056 inperpetuo
1393 983 1532 1055 graciose
1564 983 1629 1040 exi·

367 1086 496 1144 mendos
528 1083 674 1143 duximus
704 1089 734 1142 et
764 1084 1002 1158 supportandos,
1031 1086 1130 1143 immo
1160 1087 1326 1145 eximimus
1357 1093 1387 1145 et
1407 1093 1630 1161 supportamus

367 1191 560 1266 presencium
584 1206 640 1264 per
662 1190 811 1264 vigorem.
843 1188 996 1262 Quocirca
1026 1191 1118 1250 vobis
1148 1191 1295 1250 fidelibus
1318 1193 1431 1251 nostris
1455 1192 1630 1266 magnificis

367 1298 456 1356 banis
479 1297 531 1354 vel
553 1295 709 1354 vicebanis
733 1295 807 1353 dicti
830 1296 916 1368 regni
939 1296 1037 1354 nostri
1058 1295 1230 1368 Sclauonie,
1245 1311 1363 1356 necnon
1387 1298 1553 1356 comitibus
1577 1299 1629 1356 vel

367 1402 602 1462 vicecomitibus
624 1406 654 1459 et
676 1399 832 1476 judicibus
855 1401 1010 1458 nobilium
1034 1402 1199 1460 comitatus
1221 1403 1437 1476 aagrabiensis,
1461 1403 1538 1462 item
1560 1404 1630 1462 uni-

367 1509 465 1568 versis
489 1513 519 1566 et
548 1507 680 1580 singulis
710 1505 901 1565 dicatoribus
931 1512 961 1564 et
993 1507 1189 1566 exactoribus
1219 1509 1398 1568 huiusmodi
1421 1515 1630 1583 proventuum

366 1613 626 1674 mardurinalium
656 1627 774 1670 necnon
804 1617 947 1670 taxarum
979 1619 1009 1670 et
1042 1613 1256 1687 quarumlibet
1279 1615 1413 1673 aliarum
1435 1615 1630 1673 solucionum

366 1723 398 1781 in
418 1697 540 1796 prefato
571 1719 719 1776 comitatu
748 1718 940 1792 zagrabiensi
973 1733 1031 1792 pro
1063 1725 1204 1792 tempore
1227 1720 1408 1792 constitutis,
1432 1720 1628 1794 presentibus

366 1837 397 1887 et
419 1827 540 1897 futuris,
561 1824 754 1898 presencium
777 1824 923 1883 noticiam
946 1825 1107 1898 habituris,
1129 1824 1308 1884 firmissime
1324 1825 1528 1900 precipientes
1544 1841 1629 1884 com·

367 1935 519 1994 mittimus
549 1937 579 1989 et
609 1930 793 1988 mandamus
824 1936 973 2004 quatenus
1005 1929 1119 1988 amodo
1151 1930 1297 2006 deinceps
1328 1931 1464 2006 prefatos
1493 1932 1576 1989 cives
1598 1939 1629 1990 et

365 2040 483 2100 incolas
505 2053 541 2096 ac
571 2035 825 2093 communitatem
849 2035 930 2094 dicte
953 2035 1085 2094 civitatis
1107 2043 1212 2094 nostre
1235 2037 1349 2095 montis
1381 2036 1542 2096 Greceusis
1570 2052 1628 2112 pro

366 2153 507 2221 tempore
529 2143 562 2202 iu
584 2140 692 2199 eadem
712 2147 940 2200 commorantes
955 2141 996 2199 ad
1011 2141 1202 2200 solucionem
1217 2127 1396 2201 huiusmodi
1418 2149 1629 2216 proventuum

366 2248 625 2310 mardurinalium
656 2263 691 2305 ac
722 2248 934 2321 quorumlibet
964 2253 1107 2306 taxarum
1142 2248 1457 2308 extraordinariarum
1489 2249 1628 2323 quando·

366 2373 499 2431 cumque
522 2361 552 2414 et
576 2353 844 2428 qualitercumque
866 2353 898 2412 in
921 2353 1061 2410 medium
1076 2354 1305 2426 regnicolarum
1322 2353 1397 2413 dicti
1419 2356 1508 2428 regni
1529 2353 1627 2412 nostri

365 2463 537 2532 Sclauonie,
568 2464 604 2519 ut
634 2459 842 2534 premisimus,
874 2459 1135 2533 imponendarum
1166 2460 1204 2517 ad
1235 2460 1422 2518 solvendum
1447 2460 1573 2519 eosdem
1596 2461 1628 2518 in

365 2569 504 2628 medium
534 2568 675 2642 ipsorum
703 2567 933 2639 regnicolarum
966 2571 1144 2624 nostrorum
1174 2571 1277 2624 artare
1307 2573 1337 2625 et
1360 2567 1551 2642 compellere
1573 2573 1628 2624 aut

365 2675 490 2734 eosdem
521 2678 688 2747 propterea
711 2672 742 2730 in
773 2672 922 2745 personis,
954 2672 1110 2746 rebusque
1133 2679 1162 2730 et
1185 2673 1277 2731 bonis
1298 2673 1439 2746 ipsorum
1462 2673 1626 2746 quibusvis

364 2786 470 2840 contra
497 2778 633 2838 formam
657 2778 807 2852 premisse
829 2784 934 2836 nostre
963 2779 1174 2852 exempcionis
1197 2779 1360 2853 impedire,
1382 2779 1549 2838 molestare
1570 2795 1624 2837 seu

364 2885 587 2962 quosvismodo
618 2883 842 2958 dampnificare
871 2899 1024 2957 nusquam
1056 2892 1085 2941 et
1115 2899 1313 2958 nequaquam
1338 2885 1537 2958 presumatis,
1569 2901 1626 2943 nec

363 2993 429 3052 sLtis
452 2991 519 3049 ausi
541 2989 636 3048 modo
659 2988 797 3063 aliquali,
828 2990 931 3063 gracie
953 2997 1057 3047 nostre
1079 2991 1139 3047 sub
1170 2991 1306 3048 obtentu.
1330 2990 1489 3049 Presentes
1512 2997 1625 3062 autem,

365 3114 442 3173 quas
464 3098 569 3171 sigillo
592 3102 698 3154 nostro
721 3097 752 3154 in
776 3095 922 3170 pendenti
946 3096 1133 3154 communiri
1164 3095 1302 3169 fecimus,
1333 3107 1404 3170 post
1427 3113 1534 3155 earum
1565 3097 1625 3154 lec-

362 3211 465 3263 turam
496 3202 616 3262 reddite
647 3203 845 3276 presentanti.
881 3202 997 3260 Datum
1026 3201 1111 3259 Bude
1141 3201 1218 3259 feria
1251 3211 1362 3276 quarta
1384 3203 1529 3278 proxima
1553 3207 1625 3276 post

364 3309 479 3369 festum
511 3309 733 3368 penthecostes.
765 3311 854 3366 Anno
886 3307 1003 3365 domini
1036 3307 1204 3365 millesimo
1228 3307 1533 3380 quadringentesimo
1556 3325 1625 3382 sep·

364 3417 535 3490 tuagesimo
557 3414 702 3473 secundo.
735 3415 911 3486 Regnorum
934 3421 1112 3471 nostrorum
1134 3428 1214 3471 anno
1237 3414 1396 3486 Hungarie
1424 3423 1480 3473 etc.
1503 3417 1626 3488 quinto·

364 3522 494 3593 decimo,
517 3520 728 3580 coronacionis
750 3535 840 3591 nonu,
867 3519 1010 3578 Bohemie
1030 3535 1106 3577 vero
1129 3525 1249 3594 quarto.

469 3658 494 3706 E
513 3662 673 3722 transumpto
701 3655 808 3721 capituli
834 3655 1007 3720 zagrabiensis
1035 3656 1067 3705 de
1097 3671 1164 3704 anno
1192 3667 1267 3720 1473.
1295 3662 1321 3704 et
1345 3658 1414 3720 regis
1437 3655 1566 3706 Vladislai
1593 3655 1627 3704 de

364 3763 432 3797 anno
454 3757 528 3812 1505.
547 3747 580 3795 In
607 3745 722 3794 archivio
746 3745 792 3794 lib.
812 3745 937 3809 regcivit.
956 3744 1058 3809 zagrab

949 3991 1032 4061 272.

469 4119 550 4168 Anno
572 4129 646 4182 1472,
668 4127 709 4168 20.
729 4117 797 4170 maii.
817 4117 914 4168 Eudae.

363 4245 507 4316 Matln'as,
530 4245 709 4319 Hungan'ae
731 4253 778 4303 etc.
801 4264 864 4315 rex,
894 4245 1016 4302 mundat
1043 4244 1169 4316 capitulo
1198 4243 1316 4314 albensi,
1338 4249 1373 4300 ut
1399 4241 1502 4299 cr'uitas
1524 4243 1627 4300 montis

369 4352 520 4412 Greceusis
531 4353 561 4408 in
574 4351 740 4425 legittimum
751 4352 952 4425 possessionem
964 4349 1129 4426 Kraljevec,
1147 4347 1237 4428 Cerje,
1250 4349 1390 4424 Kobr'ljuk
1401 4355 1449 4406 etc.
1465 4355 1624 4408 statuatur.

468 4495 600 4554 Mathias
625 4495 673 4553 dei
697 4496 801 4569 gracia
817 4511 872 4553 rex
889 4495 1055 4567 [longerie
1080 4493 1226 4552 Bohemie
1249 4499 1304 4552 etc.
1328 4491 1487 4550 Fidelibus
1509 4492 1624 4549 nostris

362 4601 501 4676 capitulo
524 4601 653 4660 ecclesie
675 4602 819 4673 albensis,
850 4601 981 4659 salutem
1014 4609 1044 4658 et
1069 4601 1215 4673 graciam,
1239 4599 1319 4656 Cum
1342 4613 1398 4657 nos
1421 4597 1623 4656 consideratis

362 4707 514 4766 fidelitate
546 4711 586 4765 et'
610 4707 749 4765 serviciis
783 4706 924 4765 fidelium
959 4712 1135 4764 nostrorum
1175 4705 1470 4778 circumspectorum
1504 4701 1623 4779 Judicis,

360 4812 543 4889 juratorum,
567 4819 803 4886 ceterorumque
833 4813 949 4870 civium
980 4813 1113 4870 civitatis
1136 4817 1240 4870 nostre
1265 4811 1377 4868 montis
1401 4808 1562 4867 Greceusis
1585 4808 1624 4867 de

360 4919 447 4997 juxta
476 4921 683 4994 Zagrabiam,
716 4935 772 4995 per
810 4935 862 4978 eos
892 4918 983 4976 nobis
1013 4918 1176 4988 exhibitis,
1214 4917 1424 4991 possessiones
1452 4914 1623 4985 Kralewca,
