3828 5822
386 427 450 491 374
802 407 874 463 Dec.
892 417 967 481 302.
995 437 1031 447 -
1056 403 1113 462 An.
1137 397 1227 479 1476.

387 641 463 702 pore
487 639 679 700 possessores
702 624 785 681 male
808 622 986 695 gubernate,
1010 621 1183 694 quinimmo
1206 618 1344 677 desolate
1366 623 1396 676 et
1419 619 1451 676 in
1473 615 1652 674 necessariis

387 731 517 791 edificiis
552 731 685 805 turpiter
719 729 858 802 neglecte
880 728 1054 800 extiterunt,
1088 732 1118 786 et
1142 728 1240 786 eciam
1264 725 1399 784 existunt
1433 724 1472 782 de
1506 723 1651 798 presenti,

383 839 507 912 aliquas
535 836 776 895 reformaciones
798 835 864 892 sive
889 833 1010 892 edificia
1031 850 1114 892 nova
1137 835 1169 891 in
1192 837 1257 891 toto
1281 831 1334 890 vel
1356 831 1388 889 in
1410 835 1499 906 parte
1521 828 1650 888 iecerint

385 949 416 1002 et
438 944 599 1015 erexerint,
621 943 761 1000 valorem
785 942 998 1015 impensarum
1021 942 1053 998 in
1082 940 1307 999 reformacione
1331 944 1362 996 et
1393 937 1523 996 edificiis
1545 936 1651 994 huius·

385 1047 473 1108 modi
504 1049 664 1119 factarum,
696 1049 783 1106 iuxta
806 1047 934 1105 fidelem
965 1052 995 1104 et
1025 1044 1211 1120 condignam
1245 1046 1484 1104 extimacionem
1518 1048 1650 1118 quatuor

384 1154 584 1214 dominorum
613 1155 785 1228 pociorum,
816 1168 894 1226 quos
917 1151 957 1210 ad
987 1153 1046 1210 hoc
1076 1168 1132 1210 nos
1161 1157 1215 1210 aut
1245 1164 1436 1209 successores
1468 1149 1574 1220 nostri,
1599 1146 1649 1204 vel

383 1262 474 1322 nobis
504 1266 557 1318 aut
585 1260 814 1318 successoribus
847 1259 960 1318 nostris
990 1258 1179 1330 absentibus,
1202 1258 1375 1332 capitulum
1400 1255 1585 1332 predictum,
1609 1253 1648 1310 de

384 1371 490 1426 nostra
515 1371 568 1424 aut
590 1381 803 1424 successorum
831 1370 1010 1423 nostrorum
1040 1365 1202 1423 voluntate
1225 1363 1405 1422 duxerimus
1428 1378 1482 1419 seu
1505 1360 1650 1418 duxerint

387 1472 555 1546 eligendos,
578 1472 632 1545 qui
661 1475 795 1544 quatuor
829 1469 947 1528 domini
977 1471 1066 1544 prius
1096 1471 1226 1544 prestito
1248 1468 1423 1546 juramento
1445 1467 1649 1536 strictissimo,

386 1577 471 1652 quod
493 1593 593 1652 neque
616 1577 700 1652 odio,
715 1591 816 1650 neque
832 1591 939 1634 amore
954 1581 1006 1634 aut
1022 1575 1130 1634 favore
1146 1576 1199 1634 vel
1214 1575 1355 1633 amicicia
1376 1589 1430 1632 seu
1453 1585 1649 1646 quacumque

384 1684 508 1744 racione
523 1684 752 1756 interveniente,
769 1681 870 1740 dicent
885 1687 938 1740 aut
955 1681 1067 1740 facient
1082 1680 1168 1740 aliud
1184 1683 1216 1740 in
1239 1680 1442 1740 extimacione
1461 1675 1648 1748 huiusmodi,

384 1805 480 1864 quarn
504 1788 587 1862 quod
611 1789 655 1846 eis
675 1789 762 1847 iuxta
784 1804 892 1846 eorum
920 1789 1125 1846 consciencias
1155 1787 1359 1846 iustissimum
1383 1784 1549 1856 videbitur,
1580 1783 1646 1842 sive

385 1894 494 1954 domos
518 1900 547 1953 et
577 1895 679 1954 curias
709 1893 864 1968 predictas
895 1909 951 1968 per
981 1900 1125 1964 mortem,
1149 1893 1388 1952 translacionem
1412 1895 1466 1948 aut
1487 1888 1647 1948 renuncia·

384 2001 513 2070 cionem,
534 2001 600 2060 sive
623 2015 820 2074 quocumque
843 2001 906 2058 alio
929 1999 1024 2058 modo
1047 1999 1086 2058 de
1107 1999 1176 2076 jure
1200 2007 1229 2058 et
1251 1998 1289 2056 de
1313 1998 1395 2056 facto
1418 2011 1529 2055 vacare
1550 1993 1648 2052 conti·

384 2109 472 2180 gerit,
495 2105 638 2178 donandi,
669 2105 809 2179 testandi,
841 2106 966 2180 legandi
1002 2121 1057 2164 seu
1091 2105 1277 2181 disponendi
1298 2107 1331 2164 in
1352 2105 1418 2162 vita
1439 2109 1471 2162 et
1493 2103 1525 2160 in
1547 2107 1648 2159 morte

384 2227 444 2288 pro
466 2213 628 2286 refrigerio
651 2212 753 2270 anime
783 2229 837 2274 sue
868 2212 908 2270 ad
932 2213 1071 2286 aliquam
1101 2213 1268 2272 utilitatem
1290 2211 1420 2270 ecclesie
1450 2213 1555 2269 nostre
1579 2222 1648 2282 pre·

385 2319 466 2377 dicte
489 2318 664 2393 dumtaxat,
684 2325 778 2392 prout
812 2319 873 2377 sibi
907 2318 1067 2377 videbitur
1101 2325 1134 2376 et
1167 2319 1329 2393 placuerit,
1364 2318 1499 2376 liberam
1522 2313 1648 2372 omnino

384 2425 573 2485 habeantet
596 2423 729 2498 quilibet
757 2439 866 2483 eorum
895 2425 1008 2483 habeat
1038 2425 1200 2499 potestatis
1230 2425 1422 2484 facultatem.
1453 2423 1521 2480 Hoc
1543 2429 1648 2478 tamen

384 2545 539 2604 expresso
569 2529 653 2603 quod
684 2530 710 2588 si
740 2531 906 2604 quisquam
937 2530 1150 2604 predictorum
1173 2536 1203 2588 et
1233 2531 1396 2604 presertim
1426 2528 1467 2587 ab
1500 2529 1647 2588 intestato

385 2635 605 2694 decedencium
634 2640 754 2694 tantum
784 2637 906 2710 penitus
928 2636 961 2694 in
993 2637 1064 2695 aliis
1099 2637 1189 2695 bonis
1219 2637 1283 2696 suis
1304 2651 1367 2696 non
1398 2634 1543 2694 habuerit
1564 2632 1646 2692 unde

385 2741 561 2814 creditores
584 2741 696 2800 famuli
718 2756 842 2814 quoque
865 2746 895 2800 et
917 2744 1083 2801 servitores
1105 2743 1154 2802 sui
1169 2743 1251 2802 solvi
1273 2748 1304 2802 et
1326 2741 1496 2802 contentari
1511 2743 1646 2816 possent,

384 2855 495 2906 extunc
519 2847 558 2905 de
581 2847 689 2905 valore
722 2847 934 2922 impensarum
957 2849 1177 2923 predictarum,
1207 2856 1277 2910 ante
1300 2851 1405 2908 omnia
1427 2848 1595 2906 creditores
1617 2851 1648 2903 et

383 2953 550 3012 servitores
572 2952 719 3011 antedicti
748 2958 970 3028 contententur,
1001 2956 1159 3015 residuum
1188 2973 1263 3018 vero
1293 2957 1332 3015 ad
1355 2957 1541 3031 premissam
1564 2955 1647 3013 utili·

382 3065 480 3118 tatem
502 3059 630 3118 ecclesie
652 3064 757 3118 nostre
780 3060 866 3118 iuxta
888 3061 1020 3134 legantis
1035 3077 1089 3120 seu
1105 3061 1297 3138 disponentis
1320 3063 1514 3122 voluntatem
1538 3061 1647 3120 devol-

382 3171 482 3226 vatur.
506 3164 598 3239 Quod
621 3165 648 3224 si
671 3181 709 3224 ex
741 3166 812 3224 aliis
842 3167 932 3225 bonis
962 3167 1182 3228 decedencium
1204 3171 1265 3244 ipsi
1287 3171 1458 3229 contentari
1479 3169 1646 3244 potuerint,

383 3277 496 3330 extunc
518 3272 610 3330 valor
632 3271 790 3331 huismodi
820 3287 858 3330 ex
892 3274 1012 3348 integro
1047 3275 1087 3332 ad
1117 3276 1225 3350 ipsius,
1256 3282 1290 3334 ut
1321 3275 1485 3350 prefertur,
1516 3275 1645 3334 ecclesie

384 3377 551 3436 utilitatem
572 3377 775 3451 relinquatur.
799 3379 954 3438 Volumus
978 3380 1105 3456 insuper
1128 3387 1158 3440 et
1173 3382 1313 3454 graciose
1329 3381 1537 3455 indulgemus,
1562 3379 1644 3455 quod

381 3485 408 3542 si
437 3485 602 3558 quippiam
625 3500 664 3543 ex
687 3485 822 3544 dominis
846 3492 877 3544 et
908 3489 1061 3547 canonicis
1093 3488 1241 3562 predictis
1272 3491 1434 3548 intestatus
1469 3488 1642 3556 decesserit,

382 3591 601 3650 nichilominus
625 3591 765 3666 impense
796 3609 853 3666 per
882 3609 954 3652 eum
977 3594 1059 3654 circa
1089 3595 1199 3653 domos
1234 3601 1265 3654 et
1287 3597 1406 3654 curiam
1437 3609 1526 3652 suam
1556 3593 1646 3666 facte,

381 3713 439 3771 per
461 3696 559 3754 dictos
575 3703 708 3770 quatuor
724 3697 866 3757 dominos
881 3700 1075 3774 extimentur,
1099 3707 1138 3774 et,
1161 3707 1196 3759 ut
1212 3703 1419 3776 premisimus,
1442 3705 1645 3776 exponantur.

380 3803 423 3862 Ut
445 3808 550 3860 autem
572 3819 700 3877 presens
730 3810 835 3862 nostra
857 3806 998 3878 graciosa
1021 3806 1179 3866 ordinacio
1201 3822 1262 3866 non
1287 3809 1450 3867 verbalem
1473 3807 1644 3878 dumtaxat,

380 3907 435 3967 sed
457 3909 574 3967 realem
598 3913 628 3968 et
648 3910 842 3968 effectualem
865 3911 1017 3970 sorciatur
1039 3914 1258 3986 executionem,
1283 3915 1429 3973 volumus
1452 3919 1482 3972 et
1505 3914 1564 3972 sub
1592 3929 1644 3972 ex·

380 4016 671 4074 communicacionis
702 4021 732 4074 et
755 4017 824 4074 aliis
846 4017 1051 4093 infrascriptis
1073 4020 1169 4093 penis,
1193 4019 1326 4080 firmiter
1348 4020 1544 4095 mandamus
1566 4034 1644 4094 qua·

379 4126 468 4182 tenus
490 4121 526 4194 is,
542 4121 592 4180 cui
613 4135 670 4180 nos
693 4123 811 4181 curiam
834 4129 864 4182 et
887 4122 997 4183 domos
1019 4125 1174 4200 predictas
1197 4128 1420 4186 contulerimus
1441 4135 1494 4185 aut
1524 4141 1644 4184 succes·

380 4243 465 4286 sores
487 4228 587 4288 nostri
610 4229 796 4288 contulerint
816 4230 868 4288 vel
900 4236 1030 4290 vacante
1052 4231 1124 4290 sede
1146 4233 1273 4292 aliunde
1304 4234 1394 4292 titulo
1416 4233 1568 4307 acquisito
1591 4247 1640 4291 ea·

379 4332 512 4392 rundem
532 4335 758 4408 possessionem
781 4337 922 4395 obtinere
944 4338 1087 4408 valuerit,
1119 4345 1190 4398 ante
1223 4341 1397 4412 ingressum
1421 4343 1451 4398 et
1475 4340 1643 4414 acceptari·

379 4453 471 4498 onem
494 4440 696 4514 possessionis
719 4442 909 4516 earumdem,
933 4443 1089 4518 impensas
1114 4444 1272 4519 predictas
1288 4445 1401 4518 taliter,
1425 4451 1459 4504 ut
1475 4445 1643 4519 prefertur,

380 4545 552 4618 extimatas,
575 4545 615 4604 ad
633 4562 741 4606 manus
758 4550 1044 4608 commissariorum
1067 4567 1121 4610 seu
1144 4557 1383 4626 procuratorum
1407 4551 1488 4610 dicte
1511 4551 1643 4610 ecclesie

271 4667 277 4676 ·
375 4657 480 4712 nostre
503 4668 561 4726 pro
584 4657 724 4727 tempore
740 4655 985 4728 constitutorum,
1003 4655 1173 4731 dequibus
1196 4658 1227 4716 in
1250 4658 1320 4716 aliis
1336 4657 1448 4718 litteris
1461 4658 1575 4717 nostris
1592 4673 1642 4715 su·

375 4758 506 4834 perinde
521 4761 672 4820 concessis
687 4761 808 4820 mencio
824 4777 971 4837 expressa
981 4763 1121 4836 habetur,
1138 4765 1276 4839 plenarie
1293 4765 1416 4824 solvere
1429 4764 1511 4824 etde
1524 4764 1643 4824 eisdem

377 4864 554 4924 satisfacere
577 4871 716 4926 tencatur
747 4874 777 4927 et
800 4869 840 4927 sit
863 4869 1029 4942 obligatus,
1052 4871 1111 4929 nisi
1134 4871 1200 4944 ipse
1216 4871 1386 4945 impetrans
1403 4871 1596 4930 notabilitter
1611 4877 1642 4929 et
