3948 5804
420 547 461 606 30
845 530 918 590 Doc.
936 543 990 606 32.
1012 560 1056 573 -
1079 529 1138 594 An,
1160 544 1248 609 1422.

417 748 543 819 portam
565 744 733 802 nonnullos
756 745 840 803 cives
861 751 892 803 et
914 745 1056 804 homines
1079 745 1109 804 in
1132 745 1192 804 ista
1214 739 1302 820 parte
1318 761 1351 803 se
1367 745 1567 808 defendentes
1589 749 1682 810 mise·

416 851 511 910 rabili
533 865 608 909 nece
626 849 842 909 interimerunt
864 857 895 909 et
917 851 1120 926 interemptos
1144 850 1183 910 de
1205 852 1265 910 ista
1287 857 1376 926 parte
1391 851 1430 911 ad
1447 855 1543 913 aliam
1558 861 1681 930 partem

416 955 505 1016 fluvit
525 961 687 1016 traxerunt
708 963 740 1015 et
764 956 1017 1031 deportaverunt,
1042 957 1195 1031 quosdam
1218 959 1282 1017 iam
1306 963 1446 1018 mortuos
1479 961 1559 1020 alios
1589 963 1681 1021 semi-

416 1064 515 1135 vivos,
539 1064 593 1136 qui
616 1067 724 1137 postea
746 1061 864 1122 ibidem
887 1063 987 1122 vitam
1009 1079 1119 1122 eorum
1142 1064 1359 1124 concluserunt
1375 1057 1609 1140 'temporalem
1632 1084 1680 1126 ce·

415 1173 561 1244 terosque
583 1169 700 1227 multos
723 1169 907 1242 sagittarum
930 1169 1042 1228 ictibus
1065 1176 1095 1228 et
1129 1169 1264 1228 aliorum
1298 1185 1459 1230 armorum
1496 1173 1680 1232 vulneribus

415 1276 584 1335 crudeliter
606 1276 790 1334 sauciarunt
812 1275 848 1333 ln
871 1291 932 1349 qua
955 1277 1055 1334 eciam
1074 1291 1180 1350 pugna
1202 1275 1362 1336 Gerardus
1387 1277 1486 1336 lector
1515 1277 1554 1337 de
1583 1294 1679 1338 manu

414 1397 470 1440 sua
503 1382 633 1457 propria
664 1397 763 1441 unum
796 1383 859 1440 ictu
895 1383 1006 1456 sagitte
1040 1382 1079 1441 de
1114 1383 1229 1442 balista
1262 1385 1428 1457 interemit,
1452 1385 1531 1444 alios
1554 1400 1678 1461 quoque

413 1488 532 1547 multos
555 1489 740 1547 vulneravit
764 1487 926 1546 Ladislaus
949 1493 1054 1547 autem
1075 1487 1115 1547 de
1136 1489 1272 1548 Dawoth
1293 1503 1390 1548 unum
1420 1491 1518 1549 eciam
1549 1490 1589 1549 de
1624 1493 1678 1551 ba·

413 1594 485 1652 lisia
508 1595 637 1669 propria
661 1609 755 1653 manu
779 1595 891 1668 sagitta
913 1595 1079 1667 interemit,
1102 1595 1183 1654 alios
1206 1610 1332 1670 quoque
1355 1595 1496 1656 diversos
1511 1596 1679 1656 crudeliter

413 1701 533 1774 sagittis
555 1699 742 1773 vulneravit,
765 1699 955 1760 Premissam
978 1717 1103 1776 quoque
1138 1716 1277 1775 pugnam
1300 1707 1332 1760 et
1354 1701 1543 1761 discordiam
1572 1719 1611 1762 ex
1640 1717 1678 1764 eo

414 1806 596 1881 inceperunt
618 1805 736 1865 domini
760 1806 799 1864 de
821 1806 959 1881 capitulo
993 1807 1159 1882 prenotati,
1190 1808 1264 1881 quia
1293 1806 1411 1866 eisdem
1445 1807 1565 1868 litteras
1592 1809 1678 1882 regie

413 1913 582 1972 maiestatis
605 1913 814 1985 exhibuimus,
837 1913 868 1972 in
892 1913 1007 1987 quibus
1029 1927 1085 1971 sua
1108 1913 1253 1972 maiestas
1275 1912 1411 1986 mandat,
1434 1919 1469 1972 ut
1484 1921 1582 1974 terras
1596 1916 1678 1975 intra

413 2024 511 2078 metas
545 2019 636 2077 huius
665 2017 799 2078 civitatis
837 2035 893 2093 per
922 2019 1008 2094 ipsos
1031 2024 1197 2093 occupatas
1219 2019 1342 2078 noviter
1364 2019 1465 2078 eidem
1489 2021 1607 2080 civitati
1630 2037 1678 2080 re·

412 2125 535 2184 mittere
558 2123 707 2183 deberent
730 2130 761 2182 et
784 2130 969 2198 tenerentur,
992 2125 1112 2184 litteras
1136 2127 1235 2184 eciam
1257 2125 1386 2184 minime
1420 2126 1588 2186 observare
1622 2141 1677 2186 vo·

413 2231 546 2302 luerunt,
570 2247 627 2288 nec
647 2230 687 2288 ad
710 2230 835 2290 easdem
858 2231 978 2305 aliquid
1001 2232 1076 2290 boni
1091 2230 1327 2307 responderunt,
1342 2231 1396 2292 sed
1413 2233 1515 2308 ipsam
1538 2248 1677 2308 pugnam

413 2340 599 2414 premissam
622 2337 734 2396 litteris
757 2337 918 2412 regalibus
940 2337 1089 2412 predictis
1119 2339 1196 2398 visis
1226 2339 1489 2412 excogitaverunt,
1522 2345 1616 2414 prout
1646 2345 1678 2398 et

411 2443 559 2504 fecerunt.

520 2581 709 2632 Documentum
729 2579 934 2634 munctionale.
970 2581 1003 2630 In
1031 2579 1127 2632 archiv.
1152 2596 1212 2635 reu.
1229 2580 1315 2646 Capit.
1341 2580 1442 2645 repub.
1460 2579 1522 2631 Act.
1542 2579 1604 2645 Cap.
1623 2587 1678 2634 ant.

412 2671 473 2722 fasc.
496 2681 535 2722 ro.
554 2686 593 2722 nr.
615 2682 654 2733 ¹4·

1013 2843 1073 2910 32.

524 2987 606 3038 Auno
627 2998 703 3050 1422,
722 2998 746 3051 7.
767 2986 927 3052 septembris.
947 2985 1096 3050 Zagnbiae.

410 3113 560 3188 lohannes
589 3115 732 3188 epsicopus
760 3113 975 3187 sagrabismis,
1003 3113 1078 3170 cives
1106 3111 1317 3191 zagrabienses,
1350 3115 1403 3188 qui
1433 3121 1551 3172 ansata
1584 3133 1674 3175 manu

479 3221 635 3295 capitulum
655 3219 772 3293 agressi
790 3227 860 3277 sunt
879 3237 1071 3293 magnamque
1092 3218 1198 3276 cladem
1212 3219 1357 3293 s'ectmm,
1379 3221 1609 3279 excommunicat.

514 3380 672 3463 Jobannes
695 3379 747 3438 dei
769 3385 800 3438 et
822 3379 994 3454 apostolice
1015 3377 1098 3438 sedis
1120 3379 1225 3452 gracia
1259 3379 1423 3454 episcopus
1453 3381 1672 3456 zagrabiensis,

409 3486 524 3559 regalis
547 3492 578 3544 et
601 3486 748 3559 reginalis
772 3485 968 3544 maiestatum
992 3485 1080 3558 regni
1103 3485 1261 3558 Hungarie
1282 3501 1446 3558 sumpmus
1462 3487 1672 3546 cancellarius.

409 3591 570 3652 Universis
593 3596 624 3650 et
646 3591 778 3665 singulis
798 3591 1039 3662 venerabilibus,
1056 3591 1297 3666 circumspectis,
1313 3591 1467 3664 religiosis
1483 3599 1513 3649 et
1532 3591 1673 3652 discretis

408 3698 485 3756 viris
507 3697 598 3755 nobis
628 3697 660 3755 in
695 3695 821 3755 Christo
856 3697 977 3755 dilectis
1011 3697 1187 3768 abbatibus,
1212 3697 1388 3771 prepositis,
1412 3697 1579 3770 prioribus,
1602 3714 1672 3770 gar·

408 3802 516 3874 dianis,
539 3803 689 3861 ministris
712 3810 742 3860 et
765 3803 1012 3876 provincialibus
1035 3817 1071 3860 ac
1094 3803 1263 3873 monachis,
1295 3801 1445 3860 fratribus
1476 3808 1508 3862 et
1537 3818 1671 3862 conven-

407 3910 491 3968 tibus
513 3908 661 3968 ordinum
683 3923 952 3982 quorumcumque
975 3913 1192 3983 exemptorum
1216 3916 1247 3966 et
1269 3924 1330 3968 non
1354 3913 1580 3983 exemptorum,
1605 3922 1671 3968 ruo·

406 4016 674 4088 nasteriorumque
697 4019 728 4074 et
751 4015 952 4074 ecclesiarum
976 4015 1150 4074 rectoribus
1172 4031 1225 4072 seu
1260 4015 1414 4089 plebanis,
1438 4013 1670 4083 archidiaconis,

406 4121 698 4180 vicearchidiaconis
721 4137 757 4179 ac
792 4123 954 4192 canonicis,
985 4121 1162 4194 lectoribus,
1194 4121 1372 4180 cantoribus
1402 4137 1455 4180 seu
1488 4120 1671 4180 custodibus

406 4227 598 4286 kathedralis
621 4233 731 4286 nostre
754 4228 961 4299 zagrabiensis
992 4233 1022 4285 et
1053 4227 1298 4301 collegiatarum,
1330 4228 1511 4302 presbiteris
1546 4242 1671 4301 quoque

407 4341 437 4392 et
460 4333 630 4408 capellanis
654 4333 767 4392 curatis
790 4341 820 4391 et
845 4348 906 4391 non
930 4335 1052 4404 curatis,
1085 4333 1268 4406 clericisque
1299 4339 1329 4390 et
1360 4333 1583 4392 tabellionibus
1614 4348 1672 4406 pu·

406 4439 497 4498 blicis
519 4454 577 4512 per
599 4445 629 4498 et
651 4439 732 4498 inira
755 4440 913 4498 civitatem
935 4454 990 4500 seu
1012 4438 1162 4498 diocesim
1185 4443 1322 4498 nostram
1345 4439 1577 4512 zagrabiensem
1600 4439 1671 4497 ubi-

406 4545 484 4604 libet
506 4545 687 4618 constitutis,
710 4547 764 4620 qui
785 4546 982 4620 presentibus
1017 4545 1131 4604 fuerint
1160 4545 1300 4618 requisiti
1332 4545 1383 4604 uel
1415 4545 1494 4603 alter
1528 4545 1670 4619 ipsorum

405 4651 581 4724 requisitus,
605 4651 739 4710 salutem
775 4651 806 4710 in
847 4651 975 4710 domino
1010 4659 1041 4710 et
1072 4651 1211 4710 debitam
1234 4667 1270 4709 ac
1292 4651 1439 4710 solertem
1463 4649 1578 4708 habere
1601 4648 1672 4708 dili·

405 4758 546 4832 genciam
570 4757 600 4815 in
623 4757 806 4830 commissis,
830 4759 1088 4832 presentibusque
1111 4757 1224 4816 litteris
1247 4756 1360 4814 nostris
1381 4755 1476 4813 fidem
1509 4754 1671 4813 indubiam

405 4863 561 4922 adhibere.
592 4863 765 4937 Replerunt
798 4863 1004 4922 amaritudine
1039 4863 1298 4922 thabernaculum
1329 4861 1443 4920 mentis
1477 4865 1582 4920 nostre
1614 4859 1669 4918 ille

404 4985 546 5028 enormes
569 4969 686 5028 offense
708 4971 856 5044 preterite
879 4975 909 5028 et
931 4969 1015 5028 istud
1037 4985 1155 5030 novum
1178 4967 1370 5028 horrendum
1394 4967 1525 5026 iacimus
1555 4967 1587 5024 in
1618 4964 1668 5023 dei
