3948 5804
720 561 795 620 Doc.
819 555 872 618 68.
895 592 938 602 —
961 559 1018 617 An.
1041 571 1130 637 1433.
1517 574 1556 636 q9

291 784 384 852 atque
407 778 612 852 proventibus
635 777 788 836 universis
819 775 963 834 antelatis
993 774 1211 832 executoribus
1241 779 1345 831 tenere
1375 780 1405 832 et
1436 790 1558 833 conser-

292 900 376 956 vare,
412 884 581 957 levareque
616 889 647 941 et
682 883 844 957 percipere
879 881 962 940 sinas
994 887 1023 938 et
1046 881 1209 955 permittas
1232 879 1298 938 sine
1321 879 1506 938 difficultate
1528 889 1558 940 et

291 989 537 1048 contradiccione
559 989 701 1064 aliquali,
726 988 869 1047 ulteriori
892 992 999 1046 nostro
1022 985 1171 1045 mandato
1193 1002 1289 1060 super
1311 985 1382 1044 inde
1414 1001 1476 1044 non
1506 1002 1560 1044 ex·

289 1103 418 1172 pectato.
443 1095 505 1170 Qui
528 1098 554 1155 si
576 1112 664 1154 secus
684 1094 803 1168 leceris,
814 1111 853 1153 ex
877 1101 950 1152 tunc
979 1093 1193 1152 commisimus
1217 1098 1247 1150 et
1269 1094 1384 1150 harum
1404 1093 1482 1150 serie
1505 1091 1558 1150 iir-

287 1178 382 1261 miter
404 1204 629 1262 committimus
662 1201 751 1260 fideli
784 1207 891 1260 nostro
926 1199 1091 1274 spectabili
1126 1205 1156 1258 et
1186 1195 1353 1272 magnifico
1378 1198 1557 1256 Hermanno
1594 1185 1596 1188 ’

290 1307 369 1366 Cilie
392 1313 422 1367 et
444 1308 574 1382 Zagorie
598 1308 713 1372 comiti,
737 1308 886 1381 regnique
910 1307 1007 1366 nostri
1031 1304 1195 1364 Sclauonie
1219 1307 1311 1376 bano,
1327 1319 1433 1363 socero
1451 1310 1558 1362 nostro

293 1415 462 1486 carissimo,
483 1420 519 1474 ut
540 1415 608 1489 ipse
631 1419 661 1472 te
682 1413 722 1472 ad
745 1414 973 1487 premissorum
995 1419 1174 1472 nostrorum
1205 1410 1424 1470 mandatorum
1448 1411 1502 1468 sed
1527 1417 1557 1470 et

291 1522 466 1579 testamenti
490 1521 685 1595 prennarrati
708 1519 924 1578 omnimodam
947 1519 1202 1578 observacionem
1226 1518 1324 1576 eciam
1347 1534 1404 1591 per
1420 1525 1474 1576 tua
1489 1533 1558 1592 gra·

292 1625 415 1683 vamina
438 1626 541 1684 arcius
564 1625 739 1700 compellat
759 1627 790 1683 et
812 1626 961 1698 astringat
983 1625 1164 1684 auctoritate
1198 1630 1304 1683 nostra
1338 1625 1399 1682 sibi
1434 1624 1464 1682 in
1501 1625 1559 1682 hac

292 1737 380 1804 parte
404 1731 580 1806 specialiter
603 1729 753 1790 attributa
784 1731 947 1790 mediante.
983 1731 1021 1790 Et
1043 1731 1263 1790 nichilominus
1286 1731 1468 1788 memoratis
1490 1746 1559 1788 exe-

292 1837 452 1894 cutoribus
474 1837 639 1896 annuimus
662 1843 693 1896 et
714 1838 827 1895 harum
858 1837 937 1894 serie
961 1837 1159 1896 concedimus
1183 1828 1335 1914 (plenam)
1370 1836 1558 1908 facultatem,

292 1947 326 2000 ut
348 1936 408 2017 ipsi
443 1949 550 2002 contra
584 1949 613 2004 te
648 1945 674 2003 si
705 1960 792 2002 secus
824 1943 934 2002 feceris
956 1945 1061 2018 rigore
1083 1941 1161 2018 juris
1184 1951 1214 2001 et
1237 1941 1358 2018 justicie
1380 1943 1479 2000 eciam
1502 1959 1559 2016 per

291 2063 452 2108 censuram
478 2051 718 2110 ecclesiasticam
742 2066 834 2124 agere
858 2051 977 2124 possint
999 2055 1030 2108 et
1050 2049 1219 2126 procedere
1243 2049 1375 2120 valeant,
1399 2049 1426 2106 si
1455 2065 1559 2108 neces·

291 2157 408 2214 sarium
432 2156 525 2215 fuerit
548 2163 578 2214 et
601 2162 824 2232 opportunum.
849 2155 943 2214 Secus
967 2173 1041 2228 ergo
1064 2157 1241 2214 nullatenus
1266 2155 1369 2214 facere
1393 2169 1557 2231 presumas

291 2263 394 2334 gracie
414 2270 517 2321 nostre
540 2264 599 2320 sub
622 2268 758 2336 optentu.
783 2263 943 2320 Presentes
967 2265 1065 2321 eciam
1086 2267 1158 2337 post
1174 2277 1281 2320 earum
1297 2262 1453 2320 lecturam
1469 2259 1559 2318 reddi

293 2368 437 2427 iubemus
460 2369 658 2443 presentanti.
683 2369 800 2426 Datum
823 2369 942 2426 Basilee
958 2370 988 2427 in
1006 2368 1084 2428 festo
1100 2370 1266 2426 beatorum
1282 2366 1416 2426 Simonis
1432 2371 1463 2426 et
1477 2365 1557 2448 Jude

292 2475 514 2548 apostolorum.
538 2477 627 2532 Anno
648 2475 768 2532 domini
784 2474 1062 2533 MCCCCXXXill.
1077 2475 1258 2547 Regnorum
1273 2479 1452 2532 nostrorum
1476 2488 1558 2531 anno

291 2573 462 2659 H(ungarie
486 2589 540 2640 etc.
574 2573 707 2660 XL)Vli,
740 2582 954 2640 Romanorum
978 2582 1099 2642 XXllll.
1134 2581 1282 2639 Bohemie
1313 2580 1406 2639 XIIII.
1431 2580 1556 2654 imperii

292 2702 367 2744 vero
391 2701 502 2761 primo.

397 2823 575 2887 originalem
594 2824 690 2873 charta.
710 2825 741 2872 In
761 2824 874 2887 margine
893 2824 1009 2872 inferiori
1027 2825 1180 2888 impressum
1205 2832 1243 2872 est
1268 2823 1382 2888 sigillum
1408 2824 1498 2876 maius.
1526 2825 1559 2873 In

293 2911 398 2961 archivo
415 2929 472 2964 ven.
492 2913 554 2978 Cup.
574 2913 675 2976 zagrrb.
696 2913 757 2964 Act.
778 2912 841 2978 Cap.
862 2913 923 2977 (nou
942 2913 1094 2977 registrata).

896 3107 956 3172 68.

397 3247 478 3296 Anno
501 3259 575 3310 1433,
598 3261 624 3297 11
656 3249 811 3300 novembris.
830 3249 928 3301 Budae.

293 3375 432 3432 Mattheus
453 3376 489 3434 de
512 3376 631 3446 Paloch,
646 3377 743 3452 judex
766 3379 871 3448 curiae,
893 3379 1018 3454 capetulo
1047 3378 1187 3446 lasmensi
1206 3379 1338 3448 nrandat,
1375 3386 1409 3435 ut
1437 3397 1557 3436 continu-

292 3481 409 3538 nitatem
423 3483 526 3540 montis
556 3482 704 3541 Grecensis
722 3491 842 3558 prepter
863 3487 920 3542 vim
943 3486 1069 3557 capitulo
1092 3485 1210 3559 aagrab.
1227 3486 1350 3554 illatam,
1361 3493 1418 3558 per
1433 3486 1557 3559 legatum

820 3591 851 3647 in
868 3592 923 3666 jus
945 3591 1038 3648 ducat.

400 3733 518 3790 Amicis
541 3734 604 3792 suis
626 3734 805 3792 reverendis
829 3735 966 3808 capitulo
990 3735 1119 3794 ecclesie
1142 3736 1330 3794 chasmensis
1354 3749 1457 3794 comes
1481 3729 1557 3814 M(a·

295 3838 384 3896 theus
407 3837 446 3896 de
469 3837 591 3911 Paloch‚
615 3839 708 3915 judex
740 3841 824 3897 curie
855 3839 974 3898 domini
1007 3840 1207 3913 sigismundi,
1238 3841 1287 3900 dei
1318 3843 1422 3914 gracia
1444 3841 1559 3898 Roma·

293 3958 405 4001 norum
428 3937 532 4022 regis),
554 3962 678 4019 semper
701 3947 831 4017 augusti,
855 3961 890 4004 ac
914 3941 1095 4019 (Hungarie¹
1121 3941 1457 4017 Bohemie,Dalmacie,
1482 3945 1556 4004 Cro-

292 4051 357 4108 acie
380 4043 450 4126 etc.)
473 4051 563 4123 regis,
587 4051 760 4109 amiciciam
791 4057 932 4125 paratam
956 4068 1026 4110 cum
1043 4053 1166 4110 honore.
1192 4052 1355 4122 Noveritis,
1384 4051 1468 4125 quod
1492 4067 1557 4109 ma-

292 4156 387 4229 gister
403 4155 556 4229 Georgius
571 4157 636 4214 Lari
654 4198 660 4212 .
678 4201 684 4216 .
701 4171 759 4230 pro
775 4157 951 4215 honorabili
964 4159 1101 4232 capitulo
1118 4159 1245 4215 ecclesie
1261 4159 1468 4229 zagrabiensis
1485 4173 1557 4216 cum

293 4263 514 4335 procuratoriis
530 4264 642 4322 litteris
658 4263 795 4322 eiusdem
813 4264 898 4321 iuxta
922 4265 1146 4322 continenciam
1171 4265 1345 4321 litterarum
1369 4257 1556 4341 (nostrarum

292 4362 591 4446 provocaitoriarum
616 4372 647 4430 in
670 4371 787 4429 octavis
811 4369 880 4428 festi
904 4370 986 4427 beati
1009 4371 1168 4427 Michaelis
1184 4371 1363 4442 archangeli
1376 4363 1468 4447 (nunc
1485 4385 1555 4443 pro·
1654 4418 1663 4433 ‚

293 4476 378 4532 xime
394 4469 554 4554 preteriti),
570 4477 718 4549 infigura
734 4478 832 4535 nostri
854 4473 960 4551 judicii
983 4470 1213 4554 (comparendo
1232 4483 1338 4534 contra
1354 4473 1555 4547 Stephanum,

291 4571 406 4658 filium)
431 4583 590 4640 Michaelis
614 4583 799 4642 modernum
823 4599 859 4640 ac
881 4581 1075 4652 Michaelem,
1097 4583 1199 4640 fitium
1223 4581 1405 4652 sebastiani,
1440 4583 1556 4640 Antho-

290 4687 377 4744 nium
399 4687 549 4759 ltalicum‚
574 4689 734 4758 Briccium,
758 4689 860 4746 filium
885 4689 1048 4758 Benedicti,
1072 4689 1197 4746 Petrum
1229 4688 1413 4760 Hungarum
1444 4694 1474 4745 et
1496 4687 1556 4748 Ge·

291 4792 413 4864 orgium
437 4803 589 4851 sartorem
613 4795 691 4853 alias
713 4794 829 4869 judices
857 4811 912 4852 nec
935 4811 996 4854 non
1011 4796 1183 4853 Fabianum
1199 4787 1392 4873 (litteratum,
1416 4787 1556 4872 Fryche‚)

292 4897 440 4969 Blasium‚
463 4899 566 4956 filium
590 4899 782 4972 Wythezich,
806 4901 985 4976 Georgium,
1009 4901 1111 4960 filium
1142 4900 1298 4958 Francisci
1329 4905 1360 4957 et
1388 4899 1467 4958 alios
1498 4893 1555 4977 (ju-

291 5009 375 5062 ratos
398 5005 482 5063 cives
505 5012 535 5064 et
558 4999 708 5084 hospi)tes
732 5015 762 5063 et
785 5014 881 5066 totam
905 5011 1158 5068 communitatem
1180 5009 1313 5068 civitatis
1342 5008 1457 5065 montis
1480 5008 1555 5067 Gre-
