3828 5822
365 567 427 642 360
743 565 816 622 Dec.
840 577 911 638 290.
936 577 1005 638 291.
1033 595 1070 606 —
1095 562 1152 622 Aa.
1177 515 1264 640 1472

363 787 392 842 et
408 781 542 840 aliorum
559 781 753 854 ingeniorum
770 779 999 838 ordinacionem
1017 778 1235 837 concluserunt
1245 777 1378 837 firmiter
1390 778 1630 850 observandum,

362 887 447 963 quod
470 887 603 961 quilibet
626 886 823 944 dominorum
849 886 1043 959 presencium
1066 890 1097 943 et
1120 901 1178 959 pro
1202 901 1328 943 currens
1351 885 1532 944 absencium
1555 900 1628 960 pro·

361 995 448 1069 prios
477 995 619 1069 ipsorum
649 994 775 1052 colonos
806 993 846 1050 ad
877 992 1128 1050 commissionem
1164 997 1195 1049 et
1227 991 1408 1050 mandatum
1432 991 1631 1050 dominorum

361 1101 595 1174 capitaneorum
625 1101 664 1157 ad
696 1100 728 1159 id
760 1101 982 1174 deputatorum
1013 1115 1071 1174 pro
1101 1100 1263 1158 laboribus
1294 1107 1324 1157 et
1347 1101 1576 1158 municionibus
1598 1100 1630 1158 in

361 1207 431 1281 ipso
453 1207 591 1280 capitulo
615 1206 762 1266 faciendis
782 1207 973 1281 compellere
995 1205 1158 1278 tenebitur,
1178 1221 1214 1263 ac
1238 1204 1313 1263 dum
1329 1206 1390 1280 ipsi
1406 1207 1530 1266 labores
1547 1205 1629 1277 fient,

361 1327 418 1386 per
441 1327 474 1369 se
498 1311 550 1370 vel
571 1313 710 1386 ipsorum
733 1313 901 1384 hominem,
925 1313 1006 1369 circa
1029 1327 1082 1369 eos
1105 1311 1231 1369 stabunt
1261 1317 1291 1368 et
1321 1311 1445 1372 labores
1477 1311 1627 1385 perficere

362 1423 472 1490 cogent
502 1418 618 1476 tociens
649 1419 796 1491 quociens
826 1433 904 1491 opus
937 1417 1030 1476 fuerit
1063 1424 1093 1474 et
1122 1432 1255 1480 necesse.
1278 1417 1364 1490 Item,
1389 1417 1474 1491 quod
1497 1417 1632 1491 quilibet

362 1524 490 1581 colonus
514 1523 553 1582 de
575 1539 763 1598 unoquoque
786 1525 868 1582 bove
891 1539 988 1581 unum
1017 1539 1144 1581 currum
1168 1523 1377 1596 virgultarum
1400 1523 1553 1582 adducere
1577 1523 1631 1582 de·

361 1627 458 1702 bebit,
481 1630 530 1688 illi
554 1645 636 1702 vero,
661 1632 715 1704 qui
738 1631 840 1688 bobus
863 1634 993 1702 carreni,
1009 1629 1146 1702 virgulta
1168 1630 1342 1701 seccabunt,
1364 1630 1507 1688 curribus
1528 1630 1628 1704 impo-

297 1783 301 1791 .
361 1743 434 1794 nent
464 1741 494 1793 et
523 1751 612 1809 sepes
646 1737 731 1794 iuxta
766 1736 988 1794 limitacionem
1023 1735 1205 1793 eorumdem
1240 1736 1472 1810 capitaneorum
1508 1734 1627 1793 facient.

360 1839 557 1916 Quicumque
580 1847 684 1899 autem
707 1839 918 1915 predictorum
935 1840 1133 1898 dominorum
1156 1841 1222 1899 sive
1245 1847 1482 1915 procuratorum
1505 1841 1566 1898 hoc
1583 1838 1627 1896 fa·

361 1961 431 2005 cere
453 1947 646 2019 neglexerint
669 1947 700 2006 in
723 1963 802 2022 pena
826 1946 961 2004 duorum
983 1945 1172 2005 florenorum
1203 1948 1270 2006 auri
1293 1949 1362 2020 ipso
1386 1945 1467 2004 facto
1491 1947 1531 2004 sit
1554 1960 1624 2002 con-

360 2053 470 2124 victus,
494 2053 579 2111 nulla
604 2055 725 2126 penitus
747 2053 850 2127 gracia
874 2055 904 2111 in
928 2052 1045 2112 eisdem
1068 2053 1128 2110 sibi
1152 2053 1303 2114 facienda.

467 2188 546 2238 Liber
564 2189 658 2238 rubeus
678 2205 735 2242 ven.
755 2189 838 2254 Capit,
857 2187 959 2253 zagrab.
978 2190 1010 2237 In
1028 2188 1123 2241 archiv.
1142 2189 1202 2240 incl.
1223 2189 1307 2240 Acad.
1328 2189 1416 2238 Scieut
1443 2188 1513 2241 Slav.
1533 2185 1616 2236 merid

964 2416 1057 2484 290.

366 2586 370 2592 ·
466 2561 549 2612 Anno
570 2570 645 2624 1473,
668 2571 707 2624 17.
727 2559 852 2624 Augusti.
870 2557 1019 2623 Zagrabiee.

448 2670 577 2747 &acilas
596 2672 657 2730 siaa
679 2669 849 2728 bombardae
870 2669 1020 2726 manuales
1042 2669 1120 2727 inter
1140 2669 1290 2727 canont'cos
1311 2669 1532 2730 distn'buuntur.

466 2813 619 2872 Dominus
640 2814 816 2888 prepositus
839 2813 947 2870 maior.
970 2813 1123 2871 Dominus
1148 2811 1253 2884 lector,
1276 2813 1372 2872 habet
1394 2812 1445 2870 IV.
1473 2813 1625 2871 Dominus

359 2923 474 2991 cantor,
495 2919 591 2978 habet
611 2919 646 2977 II.
668 2919 822 2976 Dominus
838 2919 1014 2992 prepositus
1037 2919 1234 2976 chasmensis.
1258 2919 1411 2978 Dominus
1426 2919 1626 2978 kathedralis.

360 3023 512 3083 Dominus
535 3025 719 3098 dubicensis,
742 3025 836 3084 habet
864 3024 915 3085 lv.
946 3025 1099 3083 Dominus
1121 3024 1358 3084 kamarchensis.
1381 3025 1626 3084 Archidiaconus

360 3132 504 3206 Kemlelr,
532 3134 627 3192 hahet
657 3133 706 3190 lll.
737 3131 981 3190 Archidiaconus
1010 3131 1124 3190 Vaslra.
1156 3131 1399 3190 Archidiaconus
1429 3133 1625 3190 chasmensis.

360 3239 603 3298 Archidiaconus
626 3239 730 3312 Bexin,
754 3239 848 3296 habet
864 3238 899 3296 ll.
923 3237 1166 3296 Archidiaconus
1189 3237 1320 3310 Varosd,
1339 3239 1432 3296 habet
1457 3239 1492 3298 Il.
1515 3239 1625 3298 Archi-

360 3344 507 3404 diaconus
530 3346 691 3417 Vrbowcz,
715 3345 808 3402 babet
832 3343 867 3402 ll.
898 3343 1016 3402 Custos.
1046 3344 1182 3424 Jacobus
1207 3343 1322 3402 doctor.
1347 3344 1448 3416 myas,
1471 3345 1566 3404 habet
1589 3346 1624 3406 ΙΙ.

359 3451 496 3510 Thomas
518 3451 669 3525 Thompa.
693 3449 850 3509 Gerardus
874 3449 912 3507 de
935 3448 1061 3520 pathah,
1085 3450 1180 3508 habet
1195 3450 1230 3508 ll.
1259 3449 1378 3510 Blasius
1394 3450 1512 3525 doctor,
1527 3453 1624 3512 habet

359 3557 408 3616 Ill.
432 3558 564 3616 Michael
587 3557 754 3629 Rayffntcz,
777 3557 872 3614 habet
896 3556 930 3614 ll.
954 3556 1106 3630 Georgius
1123 3557 1380 3631 Medzthregnew,
1396 3559 1489 3616 habet
1506 3557 1541 3618 ΙΙ.
1565 3559 1625 3618 Ge·

362 3665 467 3738 orgius
498 3664 536 3721 de
559 3663 714 3722 Gorbana.
738 3663 892 3719 Fabianus
916 3661 955 3720 de
977 3662 1118 3734 Zemche,
1141 3664 1237 3721 babet
1266 3663 1301 3722 II.
1331 3663 1475 3722 Galasius
1506 3665 1624 3724 doctor.

359 3767 534 3845 Stephanus
557 3769 596 3827 de
618 3769 760 3842 Vizlicza,
782 3769 876 3826 habet
899 3768 934 3827 ll.
966 3769 1073 3828 Petrus
1096 3769 1134 3828 de
1158 3769 1274 3827 Vizoka
1296 3785 1368 3828 cum
1392 3771 1542 3843 magistro
1565 3770 1625 3829 Ge·

359 3875 461 3935 rardo.
483 3877 638 3960 Johannes
661 3875 700 3932 de
723 3875 856 3948 Roycha.
880 3875 1033 3933 Dominus
1056 3875 1208 3950 Georgius
1225 3875 1446 3948 suffraganeus.
1470 3875 1624 3950 Georgius

360 3981 398 4040 de
420 3974 587 4042 Miletincz.
611 3980 763 4054 Georgius
786 3981 825 4039 de
848 3980 1063 4040 Zthenichnak.

465 4118 545 4168 Liber
561 4117 656 4166 rubeus
674 4133 732 4167 ven.
752 4117 837 4183 Capit.
855 4118 957 4182 zagrab.
976 4120 1008 4168 Iu
1026 4118 1096 4171 arch.
1115 4117 1176 4172 incl.
1195 4120 1279 4172 Acad.
1299 4119 1394 4173 Scient.
1414 4120 1484 4174 Slav.
1497 4121 1588 4174 merid.

953 4295 1032 4362 291„

463 4437 545 4486 Anno
567 4448 642 4501 1473,
663 4448 704 4501 24.
723 4435 848 4501 Augusti.
867 4436 1016 4499 Zagrablae.

359 4563 504 4622 ll't'colaus
534 4563 625 4640 Ujlak
647 4573 676 4622 ct
694 4565 868 4622 Damianus
889 4563 1017 4635 [adtraat
1039 4563 1116 4633 bani,
1139 4563 1170 4621 in
1193 4581 1294 4642 causa,
1316 4582 1391 4640 quaa
1413 4565 1490 4625 inter
1502 4583 1623 4624 eanmu-

402 4670 519 4728 m'tatam
541 4671 667 4729 cubitalis
681 4670 887 4748 etJalrannem
914 4669 978 4728 Tua
1001 4670 1108 4744 agitur,
1131 4668 1204 4728 diem
1226 4669 1376 4729 identidem
1395 4673 1576 4730 constituam.

463 4812 529 4872 Nos
552 4813 698 4874 Nicolaus
727 4815 778 4873 dei
806 4815 910 4889 gracia
939 4830 996 4873 rex
1018 4813 1117 4873 Boane
1140 4821 1170 4874 et
1194 4816 1374 4890 Damyauus
1403 4815 1559 4874 Horwath
1583 4813 1622 4874 de

357 4920 510 4992 Linthwa,
532 4919 613 4980 inter
635 4927 734 4980 cetera
756 4921 845 4994 regni
867 4920 1012 4980 Slavouie
1035 4921 1116 4980 bani
1140 4921 1259 4980 Damus
1283 4936 1342 4997 pro
1358 4922 1518 4994 memoria,
1534 4920 1619 4996 quod

358 5041 492 5100 causam,
505 5041 598 5100 quam
616 5027 832 5103 circumspecti
854 5027 956 5101 iudex,
975 5027 1076 5100 iurati,
1093 5028 1248 5103 ceterique
1261 5029 1344 5087 cives
1357 5028 1490 5087 civitatis
1507 5028 1621 5086 montis
