3932 5806
805 536 879 594 Doc.
904 551 971 612 214.
998 571 1030 580 -
1063 539 1120 594 An.
1146 551 1234 614 1459.

1330 645 1655 654 Ἣ.-.

988 745 1069 812 214.

502 907 582 956 Anno
604 917 678 972 1459,
699 907 723 958 8.
741 907 811 958 maii.
830 905 916 958 Crisii.

396 1031 441 1089 Ab
470 1032 576 1104 (lirion,
598 1035 694 1090 comite
715 1033 813 1103 ciliae,
836 1051 913 1092 nova
935 1034 994 1090 dies
1016 1035 1199 1092 constituitur
1219 1037 1249 1092 in
1272 1043 1371 1106 carisa,
1393 1057 1481 1111 quom
1498 1040 1656 1114 chr'ngus

395 1138 429 1195 de
452 1137 547 1197 Sused
565 1141 665 1198 intulit
685 1141 880 1198 communitati
906 1141 1040 1210 etaetatis,
1062 1159 1136 1214 quae
1158 1160 1263 1199 nouam
1286 1144 1364 1201 viam
1386 1145 1519 1214 martiali,
1550 1165 1586 1203 ne
1606 1153 1661 1220 pro

826 1264 916 1303 nurci
937 1246 1074 1304 tributum
1097 1248 1227 1306 solveret.

501 1408 564 1467 Nos
595 1407 721 1466 Vlricus
744 1407 794 1466 dei
824 1408 929 1482 gracia
961 1407 1048 1481 Cilie,
1080 1409 1297 1482 Ortemburge,
1326 1409 1516 1485 Zagorieque
1548 1427 1660 1483 comes,

394 1515 610 1588 necnonregni
622 1513 787 1572 Sclauonie
800 1515 904 1573 banus.
928 1515 1077 1574 Memorie
1093 1515 1357 1588 commendamus,
1381 1518 1467 1590 quod
1479 1519 1570 1576 nobis
1582 1517 1659 1577 feria

394 1620 528 1678 secunda
551 1621 695 1694 proxima
714 1627 788 1694 ¹post
811 1625 937 1680 octavas
968 1619 1039 1678 festi
1075 1621 1156 1679 beati
1180 1620 1305 1698 Georgii
1337 1623 1474 1681 martiris
1505 1638 1658 1682 unacum

393 1727 481 1798 regni
502 1727 663 1785 nobilibus
684 1741 742 1800 pro
774 1727 914 1786 iaciendo
945 1727 1139 1796 moderativo
1162 1726 1277 1802 judicio
1310 1730 1508 1788 causancium
1531 1730 1658 1792 insede

393 1837 498 1890 nostra
520 1829 671 1907 judicaria
693 1832 880 1905 sedentibus,
904 1834 1047 1906 egregius
1069 1834 1244 1908 Hennyngh
1267 1833 1305 1892 de
1329 1834 1530 1894 Zomzedwar
1552 1851 1660 1910 perso-

392 1938 505 1996 naliter
526 1943 665 1997 nostram
696 1939 821 1998 veniens
855 1940 887 1998 in
916 1941 1118 2014 presenciam,
1142 1942 1337 2013 presentibus
1368 1947 1399 2000 et
1428 1957 1533 2000 coram
1567 1943 1657 2000 nobis

393 2045 565 2104 astantibus
596 2044 707 2116 Blasio,
742 2044 809 2102 filio
839 2045 937 2118 Pauli,
972 2045 1111 2104 Corardo
1144 2047 1281 2118 Rawsar,
1315 2055 1345 2106 et
1379 2049 1503 2106 Matheo
1527 2050 1658 2120 notario,

393 2151 514 2208 civibus
536 2151 670 2209 civitatis
691 2151 899 2224 zagrabiensis
922 2153 1035 2210 montis
1059 2151 1229 2225 Grecensis,
1252 2159 1359 2211 eontra
1381 2153 1516 2226 eosdem,
1539 2169 1657 2218 necnon

393 2253 530 2332 judicem
553 2263 582 2314 et
604 2253 730 2331 juratos,
754 2262 934 2330 ceterosque
956 2259 1040 2315 cives
1062 2264 1092 2316 et
1112 2259 1334 2317 inhabitatores
1360 2259 1500 2318 eiusdem
1523 2260 1658 2318 civitatis

393 2363 555 2436 proposuit
577 2378 613 2420 eo
636 2363 747 2421 modo:
771 2362 929 2436 quomodo
951 2363 1043 2422 iidem
1068 2361 1171 2439 judex,
1194 2362 1295 2440 jurati,
1315 2367 1460 2439 civesque
1483 2371 1513 2425 et
1536 2367 1657 2426 inhabi-

393 2474 507 2526 tatores
530 2470 744 2543 prenominate
766 2469 901 2528 civitatis
917 2469 1123 2542 zagrabiensis
1139 2471 1276 2530 obmissa
1294 2477 1324 2528 et
1340 2477 1518 2545 postergata
1545 2487 1657 2546 magna

394 2581 424 2632 et
446 2575 596 2648 pupplica
627 2575 740 2633 riade
772 2575 853 2633 dicta
884 2576 1008 2633 civitate
1042 2576 1234 2650 zagrabiensi
1263 2593 1371 2635 versus
1403 2584 1539 2636 castrum
1564 2595 1655 2636 suurn

393 2679 592 2739 Zomzedwar
615 2681 790 2756 predictum
822 2687 852 2740 et
882 2683 1035 2740 tributum
1066 2684 1125 2741 sub
1155 2661 1265 2742 eodem
1299 2690 1400 2741 castro
1424 2685 1506 2758 exigi
1529 2685 1657 2743 solitum

393 2787 531 2859 ducente,
555 2787 711 2860 quandam
735 2789 830 2846 aliam
852 2804 967 2847 noram
993 2790 1073 2847 viam
1098 2805 1207 2848 versus
1230 2789 1456 2864 possessionem
1472 2789 1657 2864 Sthwbycza

393 2899 423 2953 et
445 2895 486 2951 ab
508 2894 579 2952 inde
610 2894 649 2951 ad
677 2895 849 2968 Krapinam
881 2896 1056 2955 tendentem
1086 2897 1316 2956 adinvenientes
1348 2901 1377 2954 et
1407 2897 1468 2955 sibi
1499 2897 1577 2972 ipsis
1600 2899 1654 2955 eli·

398 3006 512 3072 gentes,
535 3005 601 3058 tam
624 3001 656 3059 in
677 3001 817 3076 predicto
848 3003 917 3060 loco
941 3003 1038 3076 ipsius
1057 3004 1105 3062 sui
1126 3005 1236 3062 tributi
1258 3005 1317 3062 sub
1340 3003 1423 3062 dicto
1446 3011 1547 3064 castro
1568 3005 1657 3064 Zom-

392 3105 516 3164 zedwar
538 3107 620 3180 exigi
641 3113 796 3180 consueto,
820 3123 915 3181 quam
931 3109 1028 3166 eciam
1044 3109 1075 3167 in
1092 3109 1172 3167 dicta
1189 3109 1250 3167 alia
1270 3124 1351 3168 nova
1373 3111 1425 3168 via
1451 3128 1507 3185 per
1530 3111 1656 3170 eosdem

391 3211 566 3283 adinventa,
591 3212 629 3270 de
659 3215 753 3272 rebus
775 3220 805 3272 et
834 3216 1022 3274 animalibus
1045 3217 1185 3289 ipsorum
1217 3216 1380 3275 venalibus
1410 3233 1446 3276 ac
1476 3219 1656 3277 mercanciis

391 3319 508 3377 tributa
531 3319 591 3378 sibi
615 3325 644 3378 et
667 3321 730 3378 suis
753 3321 925 3380 tributariis
948 3321 1022 3381 dare
1045 3329 1075 3380 et
1094 3323 1256 3380 exsolvere
1271 3322 1400 3394 nollent,
1422 3326 1656 3397 recusarent,.in

391 3440 483 3482 suum
507 3425 713 3499 preiudicium
737 3432 767 3484 et
790 3426 964 3500 dampnum
987 3428 1080 3486 valde
1096 3443 1253 3502 maguum,
1277 3445 1316 3486 ex
1339 3435 1426 3502 parte
1449 3443 1584 3502 quorum
1599 3446 1656 3505 per

390 3546 447 3589 nos
469 3532 530 3591 sibi
552 3530 703 3609 judicium
719 3539 748 3592 et
771 3531 926 3609 justiciam
942 3536 1112 3608 postulavit
1134 3535 1296 3608 impertiri.
1321 3534 1390 3607 Quo
1413 3535 1518 3594 audito
1542 3536 1655 3610 prefati

392 3636 519 3711 Blasius,
555 3639 710 3698 Corardus
733 3647 763 3698 et
786 3642 926 3699 Matheus
961 3641 1043 3700 cives
1065 3643 1097 3700 in
1120 3643 1262 3716 ipsorum
1285 3657 1322 3699 ac
1356 3641 1507 3700 dictorum
1532 3635 1654 3719 judicis,

391 3743 574 3820 juratorum,
598 3746 795 3820 aliorumque
818 3747 933 3805 civium
957 3754 987 3806 et
1022 3747 1265 3806 inhabitatorum
1293 3753 1429 3822 pretacte
1452 3749 1586 3808 civitatis
1608 3765 1655 3808 za·

393 3851 565 3923 grabiensis
587 3853 765 3910 nominibus
788 3859 819 3911 et
841 3855 873 3912 in
896 3855 1037 3928 personis
1053 3860 1190 3912 nostram
1208 3861 1392 3928 exurgentes
1407 3855 1439 3912 in
1463 3857 1654 3929 presenciam

390 3956 616 4030 responderunt
639 3974 677 4016 ex
701 3958 847 4018 adverso:
877 3961 1035 4033 quomodo
1059 3961 1127 4034 ipsi,
1150 3962 1343 4034 pretactique
1364 3959 1467 4037 judex,
1482 3959 1583 4036 jurati,
1607 3977 1654 4020 ce·

391 4063 511 4136 terique
535 4064 617 4121 cives
640 4071 669 4122 et
690 4065 911 4123 inhabitatores
927 4066 1007 4124 dicte
1023 4067 1156 4125 civitatis
1171 4068 1378 4141 zagrabiensis
1402 4069 1481 4126 iutra
1506 4069 1654 4127 terminos

390 4175 421 4226 et
443 4169 558 4227 limites
581 4172 668 4243 regni
687 4171 845 4244 Hungarie
869 4179 899 4229 et
923 4174 1061 4246 parcium
1098 4174 1158 4232 sibi
1192 4175 1403 4232 subiectarum
1435 4179 1499 4232 tam
1523 4173 1561 4232 de
1585 4191 1654 4249 per·

390 4276 481 4346 sonis,
516 4276 673 4349 quamde
703 4279 796 4335 rebus
825 4285 856 4335 et
886 4279 1094 4338 mercimoniis
1128 4295 1237 4338 eorum
1272 4280 1465 4353 quibuslibet
1500 4281 1654 4340 tributum

389 4382 512 4440 solvere
534 4397 596 4440 non
619 4387 800 4454 tenerentur,
818 4391 847 4441 et
871 4385 902 4442 in
922 4385 1100 4442 huiusmodi
1115 4387 1406 4458 comprobacionem
1431 4387 1549 4446 litteras
1572 4388 1649 4446 olim

388 4489 576 4548 serenissimi
599 4489 748 4564 principis
770 4489 889 4548 domini
912 4490 983 4549 Bele
1006 4491 1086 4564 regis
1110 4492 1212 4564 quarti
1235 4507 1315 4550 anno
1339 4491 1457 4550 domini
1479 4494 1649 4553 millesimo

389 4595 601 4654 ducentesimo
623 4597 815 4669 sexagesimo
838 4603 934 4668 sexta,
957 4613 1038 4656 nono
1061 4598 1208 4656 kalendas
1232 4598 1414 4672 decembris,
1440 4601 1526 4673 regni
1549 4607 1652 4659 autem

388 4703 437 4762 sui
459 4717 539 4762 anno
561 4703 717 4760 tricesimo
741 4705 844 4776 primo
867 4703 1104 4778 privilegialiter
1115 4711 1281 4776 emanatas,
1305 4705 1447 4778 dupplici
1468 4720 1525 4763 suo
1547 4707 1653 4780 sigillo

389 4809 542 4867 autentico
565 4809 698 4867 vallatas
721 4823 826 4866 coram
849 4811 939 4867 nobis
962 4816 1108 4868 curarunt
1129 4811 1284 4882 exhibere,
1310 4811 1479 4886 inquibus
1503 4811 1581 4871 inter
1606 4831 1652 4872 ce·

388 4921 454 4973 tera
477 4916 533 4972 hec
556 4915 697 4974 clausula
719 4914 989 4974 adinveniebatur:
1013 4917 1099 4989 Item,
1123 4917 1240 4976 tributa
1263 4916 1344 4976 infra
1364 4917 1484 4990 regales
1504 4920 1653 4978 terminos

388 5021 421 5080 in
442 5021 532 5080 nullo
554 5021 624 5081 loco
647 5021 769 5081 solvere
793 5029 958 5082 teneantur.
991 5023 1113 5097 Quibus
1136 5025 1281 5083 exhibitis
1315 5023 1454 5098 prefatus
1477 5025 1652 5100 Hennyngh
