3948 5804
776 548 851 608 Doc.
870 559 926 624 99.
952 579 989 590 -
1015 546 1072 608 An.
1096 541 1187 625 1436.
1551 557 1608 614 125

344 763 501 824 restitutis.
522 761 639 823 Datum
654 763 782 838 Iglauie,
792 763 933 838 parcium
945 761 1091 838 Morauie,
1114 762 1147 822 in
1173 760 1282 836 vigilia
1294 760 1365 820 festi
1387 758 1612 836 assumpcionis

345 870 436 929 beate
450 870 548 930 Maria
568 871 697 945 virginis
712 869 856 944 gloriose
881 870 971 928 Anno
987 867 1107 927 domini
1123 867 1293 928 millesimo
1309 867 1612 942 quadringentesimo

344 975 502 1036 tricesimo
524 982 620 1036 sexto.
641 975 822 1051 Regnorum
844 981 1031 1047 nostrorum,
1054 989 1135 1034 anno
1164 973 1323 1048 Hungarie
1346 979 1404 1033 etc.
1421 975 1612 1050 quinquage-

347 1083 439 1159 simo,
461 1083 677 1142 Romanorum
695 1081 849 1156 vigesimo
872 1087 969 1154 sexto,
984 1079 1132 1140 Bohemie
1147 1081 1243 1155 XVll,
1258 1081 1384 1156 imperii
1399 1094 1475 1140 vero
1492 1081 1612 1153 quarto.

450 1219 475 1268 E
494 1224 655 1284 tranmmpto
676 1215 805 1283 Johanuis
829 1215 890 1270 abb.
914 1221 1023 1268 monast.
1041 1215 1068 1267 b.
1086 1232 1111 1268 v.
1130 1216 1237 1276 mare.
1263 1217 1411 1281 Zagrablae‚
1430 1213 1482 1265 ord
1504 1213 1611 1266 Claterc.

347 1321 414 1358 anno
434 1307 509 1371 ¹43⁶·
529 1307 572 1358 die
593 1306 632 1360 16.
653 1307 767 1358 octobris
786 1313 814 1356 ut
832 1305 909 1358 infra.
927 1307 992 1358 Doc.
1015 1316 1072 1358 ror.

942 1482 1005 1550 99.

450 1625 531 1677 Anno
552 1625 627 1690 1436,
650 1638 689 1689 13·
708 1625 869 1691 septembris.
885 1625 982 1676 Budae.

346 1751 556 1828 Sagismundus,
586 1753 763 1828 Hungariae
791 1761 839 1812 etc.
858 1771 934 1825 ¹rece,
963 1769 1047 1812 arbes:
1076 1751 1130 1828 qui
1147 1753 1258 1810 armati
1278 1751 1391 1810 domum
1413 1749 1612 1809 triasbnalem

347 1861 452 1934 mpetu
466 1861 552 1937 facta
569 1861 770 1935 spalrbvcrunt
781 1865 811 1918 et
822 1859 959 1918 damnum
973 1871 1047 1938 400.
1055 1858 1237 1933 florenorum
1253 1859 1490 1932 importaverunt,
1504 1855 1613 1914 acerbis

490 1967 584 2026 uerbis
607 1967 761 2041 viaperat,
783 1963 958 2041 mandatque
979 1966 1024 2036 iis,
1048 1965 1199 2023 utstatim
1221 1965 1315 2039 spata
1336 1963 1466 2022 reddant.

782 2105 825 2153 Ex
843 2101 1032 2154 deliberacione
1051 2099 1208 2168 prelatorum
1228 2109 1253 2152 et
1270 2101 1397 2152 baronum
1412 2101 1572 2153 vicariorum.

450 2212 668 2288 Sigismundus
691 2213 741 2275 dei
755 2217 859 2289 gracia
874 2215 1089 2275 Romanorum
1104 2215 1284 2290 imperator,
1306 2229 1432 2288 semper
1453 2217 1611 2286 augustus,

346 2335 383 2379 ac
405 2321 573 2394 Hungarie,
597 2319 752 2394 Bohemie,
775 2322 946 2394 Dalmacie,
970 2321 1098 2381 Croacie
1128 2327 1183 2380 etc.
1216 2337 1279 2380 rex.
1309 2319 1469 2379 Fidelibus
1498 2319 1612 2378 nostris

346 2424 451 2503 judici,
474 2425 592 2504 juratis,
616 2427 786 2501 ceterisque
808 2428 929 2486 civibus
951 2435 1056 2488 nostre
1080 2425 1213 2486 civitatis
1242 2427 1357 2485 montis
1389 2425 1551 2484 Grecensis
1573 2424 1612 2483 de

346 2531 499 2606 Zagrabia
520 2533 654 2591 salutem
677 2537 708 2591 et
730 2533 875 2607 graciam.
899 2533 1037 2593 Gravem
1060 2534 1221 2610 querelam
1243 2531 1347 2592 fidelis
1371 2533 1469 2592 nostri
1496 2531 1612 2606 egregii

346 2637 500 2698 Leonardi
522 2637 640 2712 Noffvy
664 2637 703 2697 de
726 2639 877 2713 Baymocz
901 2640 1129 2700 tricesimamm
1152 2645 1182 2699 et
1204 2639 1394 2698 urburarum
1417 2643 1448 2698 et
1479 2635 1612 2697 cusionis
1675 2665 1677 2673 2

345 2749 544 2803 monetarum
566 2749 743 2803 nostrarum
767 2746 898 2818 comitis,
920 2745 1097 2806 celsitudini
1119 2751 1224 2805 nostre
1246 2759 1282 2804 ac
1304 2743 1434 2820 prelatis
1468 2749 1497 2802 et
1521 2741 1612 2802 baro·

345 2850 438 2910 nibus
464 2849 587 2909 vicariis
610 2850 728 2909 scilicet
750 2851 864 2909 nostris
883 2857 1059 2925 porrectam
1083 2851 1280 2927 percepimus
1303 2849 1511 2925 displicenter,
1535 2863 1613 2922 quo·

347 2955 444 3015 modo
467 2971 524 3014 vos
548 2953 659 3015 diebus
681 2955 850 3015 novissime
880 2958 1039 3032 preteritis
1073 2958 1238 3016 temeraria
1268 2955 1353 3015 ducti
1374 2955 1612 3030 presumpcione

346 3060 387 3120 ad
410 3062 596 3122 instanciam
619 3067 650 3119 et
672 3063 909 3138 requisicionem
933 3062 1095 3122 cuiusdam
1118 3063 1207 3122 Pauli
1228 3063 1266 3122 de
1289 3061 1417 3136 Zylagb,
1441 3059 1612 3137 provisoris

347 3167 431 3226 curie
467 3167 655 3244 episcopalis
686 3169 902 3243 zagrabiensis,
937 3171 1055 3246 pariter
1088 3186 1160 3229 cum
1194 3170 1304 3228 eodem
1338 3167 1378 3228 ad
1408 3169 1526 3227 curiam
1557 3183 1612 3226 seu

349 3272 480 3332 domum
503 3280 643 3332 nostram
666 3275 885 3334 tricesimalem
908 3275 940 3334 in
964 3275 1045 3336 dicta
1067 3281 1173 3336 nostra
1195 3277 1320 3335 civitate
1336 3275 1432 3334 vestri
1448 3274 1565 3333 scilicet
1579 3273 1612 3332 in

346 3371 457 3439 medio
473 3379 664 3468 eristentem,
687 3380 815 3438 armatis
838 3382 983 3440 manibus
1007 3387 1037 3440 et
1059 3382 1258 3458 potenciariis
1274 3383 1433 3452 irruentes,
1447 3379 1610 3438 destructis

346 3485 446 3560 portis
469 3500 524 3543 seu
546 3484 658 3544 hostiis
681 3488 763 3545 curie
788 3493 817 3546 et
840 3485 952 3546 domus
976 3488 1166 3562 eorumdem,
1190 3487 1343 3562 quasdam
1357 3503 1406 3546 res
1430 3492 1458 3545 et
1481 3487 1563 3544 bona
1580 3485 1611 3544 in

346 3593 458 3666 pannis
483 3591 630 3662 barbanis
652 3597 684 3651 et
705 3593 776 3652 aliis
798 3593 893 3652 rebus
923 3595 1210 3653 mercimonialibus
1244 3593 1452 3666 consistencia,
1477 3607 1535 3667 per
1556 3590 1612 3650 bo·

346 3697 446 3756 mines
469 3701 500 3757 et
523 3696 695 3757 familiares
717 3713 771 3757 seu
795 3699 1103 3760 vicetricesimatores
1133 3701 1264 3776 preteeti
1298 3699 1423 3760 comitia
1457 3695 1611 3758 Leonardi

347 3805 426 3864 inibi
450 3806 641 3878 constitutos,
664 3806 889 3880 aquibusdam
912 3808 1138 3866 mercatoribus
1167 3807 1200 3866 in
1222 3805 1302 3866 falsa
1324 3812 1354 3864 et
1376 3803 1527 3865 indirecta
1560 3805 1612 3862 via

348 3925 418 3968 cum
452 3909 570 3969 eisdem
605 3909 794 3970 clandestine
828 3914 1059 3972 transeuntibus
1092 3929 1111 3972 a
1143 3913 1363 3986 solucioneque
1402 3915 1612 3987 proventuum

346 4015 583 4075 tricesimalium
614 4021 719 4076 nostre
748 4017 919 4078 maiestatis
949 4035 982 4078 se
1004 4024 1034 4078 et
1055 4020 1140 4094 ipsas
1174 4018 1410 4090 occultantibus,
1440 4015 1534 4086 licite,
1565 4018 1611 4077 uti

347 4120 455 4190 fertur,
477 4129 619 4198 receptas
650 4129 680 4182 et
709 4123 824 4198 ablata,
855 4125 1023 4184 simulcum
1052 4126 1206 4184 universis
1236 4124 1306 4183 aliis
1334 4123 1428 4182 rebus
1459 4127 1489 4181 et
1520 4122 1611 4182 bonis

347 4227 530 4288 eorumdem
554 4228 758 4288 familiarium
781 4229 834 4289 sed
858 4237 888 4289 et
919 4231 1057 4307 pecuniis
1091 4247 1130 4289 ex
1152 4229 1229 4305 ipsis
1260 4228 1465 4304 proventibus
1497 4228 1612 4288 nostris

348 4336 552 4409 congregatis,
575 4335 755 4409 auferentes,
780 4337 858 4396 duos
881 4353 920 4396 ex
943 4337 1060 4397 eisdem
1084 4336 1292 4396 familiaribus
1316 4335 1539 4412 captivassetis,
1556 4335 1611 4408 qui

347 4445 378 4498 et
411 4457 493 4499 nunc
517 4441 614 4516 apud
645 4458 703 4501 vos
726 4459 781 4502 seu
816 4443 934 4502 dictum
970 4443 1103 4503 Paulum
1136 4443 1218 4518 capti
1242 4446 1273 4501 et
1305 4441 1456 4501 vinculati
1490 4455 1612 4498 conser-

346 4556 501 4606 varentur.
524 4545 661 4621 Quidam
696 4564 772 4608 vero
806 4550 861 4609 alii
884 4567 923 4610 ex
956 4549 1074 4609 eisdem
1107 4548 1317 4608 familiaribus
1358 4548 1456 4622 ipsius
1489 4546 1611 4604 comitis

347 4651 499 4712 launardi
523 4661 608 4712 metu
631 4655 801 4714 consimilis
825 4656 1013 4730 captivitatis
1037 4661 1067 4714 et
1089 4655 1342 4715 incarceracionis
1365 4654 1438 4712 tacti
1461 4653 1501 4710 ab
1523 4653 1611 4711 illinc

348 4758 499 4832 fugientes
521 4761 552 4818 in
575 4760 645 4820 aliis
658 4762 826 4836 provinciis
850 4761 1070 4834 divagarentur
1093 4761 1196 4836 quoad
1220 4777 1355 4836 presens.
1380 4759 1438 4818 Per
1461 4775 1522 4833 qne
1540 4774 1610 4833 pre-

347 4865 442 4922 missa
464 4875 568 4924 nostre
580 4866 733 4926 maiestati
759 4883 795 4924 ac
812 4871 949 4941 pretacto
965 4867 1073 4926 comiti
1088 4865 1247 4926 Leonardo
1271 4867 1440 4941 plusquam
1463 4863 1611 4939 quadrin-

345 4977 509 5044 gentorum
531 4972 719 5031 florenorum
743 4973 810 5031 auri
823 4971 959 5048 dampna
974 4973 1163 5045 intulissetis,
1180 4972 1265 5047 quod
1288 4973 1394 5046 utique
1416 4985 1478 5030 non
1502 4969 1606 5028 solum
