3930 5802
384 541 445 598 180
804 541 876 598 Doc.
902 551 967 616 127.
990 574 1034 583 -
1057 541 1113 599 Aa
1137 555 1229 618 1439.

375 643 773 652 ———--—--——-—-—
1284 648 1293 652 -
1303 648 1342 653 —-
1352 647 1367 652 -
1375 647 1528 652 —-——-
1535 648 1554 652 —
1561 648 1616 654 .—-
1625 647 1639 653 -

371 753 465 812 finem
490 753 629 812 debitum
654 761 684 812 et
708 755 872 814 indilatum
897 757 1011 814 faceret
1033 772 1125 814 causa
1148 758 1180 815 in
1202 757 1355 831 premissa
1378 771 1482 814 comes
1503 756 1639 814 Mathius

370 867 559 936 prenotatus,
583 868 677 936 prout
701 863 831 922 dictaret
854 864 933 922 ordo
955 863 1041 939 juris,
1065 868 1095 920 et
1118 869 1189 936 post
1211 865 1268 920 hec
1301 862 1400 936 ipsius
1428 861 1640 920 trinesorensis

370 967 630 1040 proclamacionis
665 969 778 1027 seriem
812 986 884 1027 curn
925 969 1104 1027 nominibus
1139 969 1405 1042 proclamatorum
1441 967 1481 1025 ad
1514 967 1639 1026 easdem

370 1078 496 1130 octavas
519 1073 602 1132 dicto
626 1073 755 1133 domino
777 1077 844 1148 regi
874 1075 1011 1133 fideliter
1044 1075 1264 1133 rescriberetis.
1300 1074 1422 1146 Quibus
1457 1073 1641 1148 presentatis

370 1178 437 1252 ipse
460 1179 569 1237 Petrus
592 1179 691 1238 lector
713 1186 900 1254 procurator
922 1182 1058 1238 annotati
1081 1181 1211 1255 capituli
1233 1181 1360 1238 ecclesie
1382 1180 1590 1253 zagrabiensis
1606 1182 1640 1238 in

369 1299 502 1358 persona
537 1285 677 1344 eiusdem
708 1287 857 1360 allegavit
891 1302 927 1346 eo
962 1286 1071 1345 modo:
1095 1293 1130 1344 ut
1153 1286 1272 1344 domini
1294 1286 1333 1344 de
1355 1285 1476 1359 prefato
1501 1285 1640 1358 capitulo

370 1391 498 1450 ecclesie
532 1391 742 1464 zagrabiensis
778 1392 968 1475 quibusdam
999 1393 1069 1450 aliis
1103 1393 1246 1467 ipsorum
1281 1393 1417 1465 negociis
1440 1391 1640 1465 expediendis

370 1502 481 1555 eotunc
515 1497 671 1572 prepediti
705 1499 892 1574 premissam
926 1499 1210 1573 proclamacionem
1246 1499 1332 1556 iuxta
1363 1503 1507 1556 contenta
1538 1497 1640 1570 preta-

370 1607 473 1660 tarum
496 1603 672 1662 litterarum
695 1605 842 1678 prelibati
865 1605 986 1662 comitis
1009 1606 1144 1663 Mathius
1167 1585 1482 1678 proclama'toriarum
1505 1602 1545 1661 ad
1569 1618 1639 1676 pre·

371 1708 489 1768 dictum
512 1710 683 1768 terminum
706 1709 807 1769 facere
837 1712 1046 1784 neglexissent
1078 1716 1109 1768 et
1142 1711 1348 1782 obmisissent,
1383 1711 1428 1768 sic
1460 1707 1641 1767 huiusmodi

371 1829 463 1872 causa
486 1830 595 1874 eorum
618 1817 742 1874 interim
766 1822 797 1875 et
817 1817 922 1876 medio
945 1821 1086 1890 tempore
1108 1817 1188 1874 inter
1210 1817 1315 1890 ipsum
1331 1816 1507 1890 capitulum
1523 1815 1564 1872 ab
1579 1829 1640 1872 una

370 1925 401 1979 et
424 1926 580 1994 pretectos
603 1937 713 1980 eorum
743 1923 940 1982 adversarios
970 1923 1174 1981 condescensa
1207 1923 1367 1980 extitisset.
1403 1921 1493 1981 Unde
1523 1921 1550 1980 si
1579 1919 1642 1996 juri
1733 1921 1736 1928 '

372 2033 555 2086 consonaret
577 2034 607 2086 et
631 2029 760 2102 equitati
783 2029 951 2101 videretur,
974 2035 1086 2087 extunc
1108 2030 1214 2104 ipsum
1244 2029 1418 2103 capitulum
1449 2033 1639 2086 memoratos

372 2133 405 2191 in
438 2149 564 2192 causam
595 2139 745 2192 attractos
776 2136 845 2194 vice
877 2136 987 2194 iterata
1021 2141 1129 2194 contra
1159 2151 1192 2193 se
1224 2142 1364 2194 nostram
1388 2133 1584 2208 personalem
1607 2133 1640 2190 in

372 2242 567 2314 presenciam
589 2242 621 2299 in
643 2241 792 2314 predictis
814 2242 916 2300 tribus
938 2241 1015 2300 foris
1037 2241 1343 2316 conprovincialibus
1365 2240 1517 2313 legittime
1539 2239 1641 2298 facere

373 2345 471 2404 vellet
494 2347 692 2419 proclamari.
715 2349 752 2406 Et
775 2348 849 2421 quia
870 2347 965 2406 iidem
989 2348 1021 2406 in
1043 2363 1169 2404 causam
1189 2347 1313 2405 attracti
1334 2346 1374 2404 ad
1398 2347 1550 2421 premissa
1565 2360 1639 2420 pro·

373 2452 530 2510 clamandi
552 2452 619 2511 iore
642 2453 837 2526 videbantur,
861 2453 931 2512 ideo
964 2452 1109 2512 fidelitati
1140 2458 1241 2512 vestre
1270 2453 1404 2512 firmiter
1433 2453 1640 2527 precipientes

316 2637 321 2644 ι
374 2557 569 2630 mandamus,
593 2564 744 2632 quatenus
767 2564 907 2618 vestrum
930 2560 1060 2618 mittatis
1090 2560 1249 2618 hominem
1280 2575 1338 2634 pro
1369 2559 1547 2618 testimonio
1577 2556 1641 2616 fide

374 2662 512 2736 dignum,
542 2678 605 2737 quo
635 2670 785 2737 presente,
816 2664 1007 2736 Valentinus,
1042 2664 1127 2722 filius
1156 2663 1314 2738 Stephani,
1347 2665 1401 2722 vel
1422 2664 1503 2722 alter
1526 2664 1640 2722 Valen-

375 2770 468 2842 tinus,
502 2770 550 2828 sin
582 2770 760 2828 Demetrius
791 2769 829 2828 de
861 2771 1026 2843 Drenowa,
1048 2786 1102 2828 seu
1125 2771 1300 2843 Dyonisius,
1333 2769 1418 2828 filius
1446 2770 1580 2828 Emerici
1602 2768 1641 2827 de

374 2875 559 2950 Adamolch,
593 2877 659 2935 sive
691 2876 789 2934 Lucas
822 2891 901 2934 neve
932 2877 1065 2936 Michael
1099 2877 1137 2935 de
1173 2877 1323 2950 Kysgora,
1346 2893 1402 2936 ceu
1425 2875 1580 2935 Ladomer
1602 2875 1641 2935 de

379 2982 461 3041 dicta
484 2982 670 3054 Adamolch,
693 2982 763 3041 aliis
786 2983 974 3054 absentibus,
997 2985 1093 3042 homo
1114 2989 1228 3055 noster,
1252 2983 1423 3057 prelibatos
1439 2981 1640 3057 Stephanum,

375 3089 477 3147 filium
513 3089 682 3162 Michaelis,
718 3089 911 3162 Michaelem,
944 3089 1048 3148 filium
1081 3089 1262 3162 Sebastiani,
1296 3090 1423 3148 Petrum
1444 3089 1640 3162 Hungarum,

375 3196 569 3254 Anthonium
591 3195 744 3267 italicum,
772 3195 926 3253 Briccium
949 3195 1185 3267 Dombrensem,
1220 3194 1391 3268 Georgium
1427 3199 1581 3254 sartorem
1610 3199 1641 3251 et

373 3301 547 3373 Nicolaum,
570 3302 648 3359 alias
670 3299 795 3377 judices,
817 3315 936 3360 necnon
957 3301 1131 3360 Fabianum
1153 3301 1334 3372 litteratum,
1358 3300 1477 3375 Friche,
1493 3299 1640 3372 Blasium,

374 3405 477 3466 filium
502 3407 689 3480 Vytbezych,
713 3407 893 3481 Georgium,
915 3407 1019 3466 filium
1041 3407 1196 3465 Francisci
1218 3411 1248 3464 et
1270 3406 1348 3464 alios
1371 3420 1479 3464 omnes
1512 3402 1640 3482 juratos,

374 3514 527 3586 consules,
550 3515 642 3588 cives,
664 3514 803 3589 hospites
824 3519 854 3572 et
876 3519 974 3573 totam
997 3513 1252 3572 communitatem
1275 3510 1356 3570 dicte
1373 3511 1507 3570 civitatis
1523 3511 1638 3570 montis

375 3619 537 3679 Grecensis
572 3635 667 3694 super
708 3620 868 3694 premissis
909 3619 1141 3695 perhemptorie
1174 3632 1386 3692 responsuros,
1419 3618 1641 3690 racionemque

374 3725 532 3786 efficacem
555 3726 740 3799 reddituros,
763 3743 800 3784 ac
822 3725 860 3784 de
881 3725 1061 3800 prescriptis
1090 3722 1213 3801 judiciis
1247 3723 1471 3797 quinquaginta
1504 3723 1641 3796 quinque

375 3847 552 3892 marcarum
575 3831 670 3909 judici
694 3837 725 3892 et
746 3833 831 3908 parti
853 3832 983 3891 adverse
1005 3830 1217 3890 satisfacturos
1238 3835 1344 3888 contra
1375 3832 1557 3888 annotatum
1590 3843 1639 3886 ca·

373 3938 511 4012 pitulum
534 3939 664 3998 ecclesie
685 3939 892 4012 zagrabiensis
913 3939 953 3996 ad
977 3943 1102 3997 octavas
1124 3936 1195 3995 festi
1218 3937 1302 3994 beati
1323 3935 1484 3994 Michaelis
1511 3935 1639 3993 archan·

374 4043 445 4116 geli,
467 4059 547 4102 nunc
571 4049 725 4117 venturas,
749 4045 781 4102 in
805 4045 906 4103 tribus
936 4043 1012 4102 foris
1043 4041 1349 4116 conprovincialibus
1372 4046 1511 4099 nostram
1535 4054 1639 4114 perso-

373 4145 478 4205 nalem
501 4149 627 4222 publice
651 4149 744 4208 faciat
766 4150 957 4224 proclamari
978 4149 1010 4208 in
1033 4148 1233 4222 presenciam,
1257 4146 1440 4206 insinuando
1462 4146 1589 4220 ibidem,
1605 4151 1640 4204 ut

373 4252 400 4310 si
423 4252 563 4310 venerint
586 4260 615 4312 et
639 4256 671 4313 in
694 4256 853 4330 premissis
875 4272 908 4315 se
931 4257 1014 4314 bono
1038 4253 1132 4312 modo
1155 4253 1396 4325 emendaverint,
1420 4252 1458 4310 de
1489 4251 1640 4326 dictisque

373 4354 496 4433 judiciis
519 4354 614 4431 judici
638 4365 668 4418 et
698 4362 781 4434 parti
810 4361 940 4420 adverse
973 4360 1184 4446 satisfecerint,
1218 4360 1297 4418 bene
1332 4358 1467 4432 quidem,
1500 4357 1640 4430 alioquin

373 4477 435 4520 non
458 4463 599 4523 obstante
623 4465 765 4540 ipsorum
787 4467 980 4525 contumacia
1003 4472 1032 4526 et
1055 4466 1227 4525 rebellione
1256 4465 1352 4524 finem
1384 4465 1525 4523 debitum
1548 4463 1640 4523 facie-

373 4582 445 4626 mus
467 4584 559 4628 causa
582 4571 613 4630 in
636 4573 788 4646 premissa
810 4571 944 4632 dictante
966 4570 1042 4648 juris
1057 4574 1209 4646 equitate;
1233 4578 1262 4630 et
1286 4577 1358 4646 post
1380 4571 1438 4629 bec
1466 4571 1563 4645 ipsius
1585 4570 1639 4628 tri·

374 4673 542 4736 nelorensis
576 4679 835 4752 proclamacionis
869 4679 980 4737 seriem
1014 4697 1085 4738 cum
1108 4679 1287 4738 nominibus
1310 4679 1576 4752 proclamatorum
1599 4677 1639 4736 ad

374 4779 497 4839 easdem
519 4787 645 4842 octavas
668 4785 768 4842 eidem
788 4791 892 4842 nostre
915 4787 1072 4858 personali
1102 4785 1260 4860 presencie
1290 4783 1427 4843 fideliter
1453 4784 1639 4842 rescribatis.

372 4885 486 4946 Datum
511 4887 595 4947 Bude
619 4871 753 4950 secundo
776 4890 827 4948 die
849 4891 975 4950 termini
996 4892 1159 4966 prenotati.
1194 4891 1284 4950 Anno
1315 4889 1435 4949 domini
1466 4889 1640 4948 millesimo

374 4993 676 5069 quadringentesimo
699 4997 854 5056 tricesimo
875 5011 965 5056 nonu.
