3948 5804
745 524 819 581 Dec.
842 533 889 600 79.
916 557 957 567 -
981 523 1038 582 An.
1064 538 1153 601 1434·
1524 543 1583 600 ¹03

319 745 386 800 tore
401 745 579 815 apparente,
595 739 705 798 diebus
721 740 882 812 legittimis
904 744 933 797 et
956 741 1102 812 congruis
1116 737 1204 816 juxta
1219 741 1308 812 regni
1332 740 1586 798 consuetudinem

318 849 350 906 in
381 847 521 906 faciebus
554 846 735 906 earumdem
764 844 955 918 permanens.
986 847 1020 904 ln
1051 847 1138 904 cuius
1161 847 1206 904 rei
1237 846 1433 918 memoriam,
1457 845 1586 903 firmita-

319 958 444 1027 temque
477 958 662 1028 perpetuam
696 957 854 1026 presentes
888 952 1008 1010 litteras
1039 957 1160 1010 nostras
1189 951 1401 1025 privilegiales
1424 951 1586 1026 pendentis

320 1060 466 1121 autentici
483 1058 582 1131 sigilli
604 1059 701 1118 nostri
717 1059 889 1117 munimine
911 1060 1082 1130 roboratas,
1098 1059 1268 1133 alphabeto
1284 1059 1452 1132 intercisas,
1468 1058 1585 1116 eisdem

321 1163 453 1224 dominis
476 1166 628 1223 canonicis
651 1170 682 1223 et
707 1166 820 1222 rectori
843 1165 918 1223 dicti
939 1165 1046 1222 altaris
1062 1163 1209 1223 duximus
1226 1165 1445 1224 concedendas.
1469 1165 1585 1223 Datum

320 1271 548 1343 quintodecimo
581 1271 632 1329 die
667 1271 906 1345 possessionarie
936 1270 1116 1330 statucionis
1152 1276 1320 1344 prenotate.
1353 1273 1443 1329 Anno
1467 1270 1586 1328 domini

320 1377 506 1450 supradicto.

424 1513 558 1578 Originale
584 1514 613 1564 iu
636 1514 791 1564 membrana.
818 1513 845 1562 A
869 1529 934 1564 zona
952 1515 1048 1564 sericea
1072 1485 1182 1564 violacei
1200 1512 1294 1562 coloris
1313 1513 1443 1578 appendet
1461 1511 1583 1577 sigillum.

320 1603 353 1651 In
370 1602 437 1654 arch.
456 1619 513 1653 ven.
533 1603 609 1668 capit.
629 1603 730 1667 zagrab.
750 1603 812 1655 Act.
832 1619 889 1668 cap.
908 1609 960 1654 ant.
980 1604 1041 1652 fase.
1062 1616 1087 1654 a.
1106 1618 1144 1654 nr.
1165 1614 1206 1666 32.

924 1837 983 1904 79.

425 1979 505 2028 Anno
526 1991 601 2042 1434,
621 1991 663 2042 23.
683 1979 844 2045 septembris.
864 1964 978 2030 Casmae.

330 2104 493 2179 Capitulum
515 2105 659 2166 lasmcnsc
681 2107 824 2166 Mathaeo
847 2107 967 2177 Paloch,
990 2107 1089 2166 curiae
1103 2106 1203 2182 sitdiu
1226 2115 1346 2180 cogente,
1362 2105 1587 2165 comnmnitatem

394 2214 518 2271 civitatis
540 2214 657 2288 aagrab.
680 2234 700 2271 a
722 2233 752 2272 se
773 2217 804 2272 in
820 2217 876 2290 jus
898 2221 1028 2273 vocatam
1051 2232 1109 2272 esse
1131 2213 1315 2288 &gismundo
1337 2215 1402 2287 regi
1420 2205 1518 2288 refert.

424 2359 625 2418 Serenissimo
648 2362 784 2435 principi
807 2361 934 2419 domino
955 2359 1156 2434 Sigismundo
1172 2360 1222 2418 dei
1238 2361 1342 2433 gracia
1373 2360 1586 2417 Romanorum

325 2465 518 2540 imperatori,
543 2483 666 2540 semper
689 2471 829 2540 augusto,
853 2481 888 2523 ac
904 2467 1070 2540 Hungarie,
1087 2466 1241 2538 Bohemie‚
1265 2455 1435 2537 Dalmacie‚
1460 2465 1586 2524 Croacie

319 2578 373 2631 etc.
401 2575 474 2646 regi,
499 2573 625 2631 domino
648 2575 788 2646 ipsorum
805 2574 948 2644 naturali,
970 2573 1141 2646 capitulum
1167 2572 1295 2630 ecclesie
1316 2573 1503 2630 chasmensis
1518 2587 1586 2630 ora·

324 2664 447 2737 c'ionum
475 2679 624 2751 suffragia
654 2679 838 2736 devotarum
869 2694 940 2736 curn
974 2662 1126 2752 perpetua
1158 2677 1317 2736 fidelitate.
1353 2677 1485 2734 Noverit
1518 2677 1587 2750 ipsa

319 2790 422 2842 vestra
446 2785 601 2858 serenitas,
625 2785 709 2858 quod
733 2801 789 2842 nos
806 2786 922 2842 honore
939 2799 1001 2857 quo
1017 2784 1119 2842 decuit
1136 2784 1269 2858 receptis
1292 2783 1404 2841 litteris
1428 2781 1586 2856 magnifici

317 2889 436 2947 domini
459 2889 580 2948 comitis
603 2891 747 2962 Mathyus
772 2890 810 2947 de
826 2890 940 2949 Paloch
955 2888 1067 2966 judicis
1082 2891 1166 2948 curie
1181 2891 1278 2964 ipsius
1297 2895 1399 2948 vestre
1415 2889 1586 2948 serenitatis

317 2995 513 3067 evocatoriis,
536 2995 626 3054 nobis
639 2997 845 3054 amicabiliter
867 2996 999 3070 directis,
1024 3012 1100 3071 quas
1124 2997 1224 3071 capite
1242 2998 1340 3055 nostri
1355 2995 1452 3070 sigilli
1468 2995 1586 3067 consig-

316 3107 423 3160 nantes
450 3102 541 3159 vobis
564 3103 596 3159 in
619 3103 721 3176 specie
753 3103 900 3161 duximus
935 3103 1185 3162 transmittendas
1221 3109 1251 3162 et
1284 3104 1371 3160 iuxta
1405 3101 1586 3160 earumdem

318 3209 541 3265 continenciam
564 3222 696 3265 unacum
721 3209 881 3268 Demetrio
905 3209 1129 3282 deDrenowa,
1161 3211 1286 3267 homine
1315 3208 1453 3267 eiusdem
1484 3213 1585 3266 vestre

316 3313 487 3392 serenitatis
511 3314 542 3370 in
575 3313 691 3371 eisdem
714 3315 826 3398 litteris
849 3317 946 3388 ipsius
963 3315 1081 3373 domini
1104 3316 1225 3373 comitis
1239 3316 1382 3386 Mathyus
1402 3315 1585 3372 evocatoriis

315 3419 395 3476 inter
418 3418 495 3476 alios
531 3419 672 3477 homines
702 3421 800 3495 ipsius
834 3427 936 3480 vestre
977 3421 1148 3480 serenitatis
1177 3422 1361 3502 nominatim
1401 3417 1592 3495 conscripto,

317 3529 458 3582 nostrum
481 3525 639 3606 hominem
663 3527 807 3586 videlicet
838 3528 1005 3586 discretum
1037 3529 1142 3586 virum
1173 3527 1344 3601 Georgium
1376 3527 1523 3586 clericum
1546 3527 1585 3586 de
1642 3513 1644 3518 ’

274 3717 276 3722 Ι
315 3629 467 3704 Zwsycza,
481 3623 572 3690 cho'ri
595 3617 722 3690 ecclesie
744 3638 849 3720 nostre
872 3633 1008 3707 predicte
1024 3633 1274 3708 prebendarium,
1288 3633 1328 3691 ad
1353 3632 1584 3708 infrascriptam

317 3737 533 3810 evocacionem
549 3737 722 3795 faciendam
737 3743 843 3797 nostro
860 3755 917 3813 pro
933 3741 1108 3798 testimonio
1124 3741 1352 3798 transmisimus
1369 3739 1430 3798 fide
1445 3739 1581 3812 dignum.
1644 3817 1647 3823 Ι
1702 3743 1703 3746 ’

289 3833 378 3916 ²·Qui
401 3842 526 3900 tandem
550 3841 661 3902 exinde
684 3843 722 3902 ad
746 3859 802 3904 nos
826 3848 944 3904 reversi
966 3847 1056 3905 nobis
1079 3846 1277 3906 uniformiter
1291 3846 1473 3917 retulerunt,
1497 3846 1582 3918 quod

287 3933 295 3943 ⁷
316 3949 455 4023 prefatus
478 3949 573 4007 homo
597 3951 693 4023 ipsius
713 3956 814 4010 vestre
829 3953 1009 4025 serenitatis
1022 3957 1162 4027 presente
1178 3952 1260 4011 dicto
1276 3957 1381 4010 nostro
1398 3952 1583 4024 testimonio,

317 4057 448 4114 sabbato
473 4057 617 4129 proximo
647 4061 717 4114 ante
752 4057 866 4116 testum
893 4059 976 4117 beati
1010 4059 1124 4116 Mathei
1156 4058 1291 4134 apostoli
1323 4064 1353 4116 et
1386 4057 1585 4130 ewangeliste

315 4165 457 4236 proxime
493 4155 686 4236 preteritum,
722 4163 922 4238 Stephanum,
958 4165 1060 4222 filium
1096 4165 1263 4236 Michaelis,
1295 4163 1498 4235 modernum,
1527 4164 1584 4221 Mi·

315 4269 463 4339 chaelem,
487 4268 590 4328 filium
613 4267 801 4343 Sebastiani,
833 4270 1019 4344 Gregorium
1043 4269 1245 4343 Hodosthyh,
1268 4270 1430 4342 Briccium,
1453 4268 1582 4327 fratrem

314 4373 468 4446 eiusdem,
505 4376 697 4433 Anthonium
734 4376 771 4433 de
805 4377 973 4448 Florencia,
1011 4377 1139 4435 Petrum
1182 4377 1382 4449 Hungarum‚
1418 4375 1583 4434 Nicolaum

313 4478 450 4552 lllenky;
467 4478 638 4554 Georgium
657 4487 831 4562 sartorem,
845 4483 922 4540 alias
937 4482 1070 4559 judices;
1083 4482 1254 4540 Fabianum
1271 4481 1452 4553 litteratum,
1465 4481 1583 4554 Fryche

313 4584 559 4659 Thewtunicum,
576 4587 721 4659 Blasium,
738 4588 841 4646 filium
861 4589 1025 4662 Wytezycz
1048 4593 1078 4646 et
1100 4589 1178 4646 alios
1193 4586 1321 4664 juratos,
1337 4588 1428 4661 cives,
1444 4587 1583 4662 hospites

314 4695 344 4748 et
366 4696 463 4750 totam
487 4695 742 4752 communitatem
765 4695 898 4753 civitatis
920 4697 1034 4754 montis
1067 4695 1230 4760 Grecensis
1252 4695 1285 4752 in
1316 4693 1425 4751 eadem
1457 4694 1581 4752 civitate

313 4797 427 4856 montis
449 4797 612 4857 Grecensis
635 4799 674 4858 ad
691 4805 832 4860 contenta
849 4801 1002 4860 dictarum
1018 4803 1194 4860 litterarum
1211 4801 1460 4860 evocatoriarum
1485 4801 1582 4876 ipsius

314 4901 432 4964 domini
455 4905 576 4964 comitis
600 4907 744 4980 Mathyus
768 4909 798 4966 in
821 4909 981 4983 premissis
1005 4910 1236 4983 perhemptorie
1252 4921 1463 4982 responsuros,
1486 4907 1582 4965 racio·

312 5025 446 5085 nemque
470 5013 629 5071 efficacem
651 5013 827 5072 reddituros
851 5030 886 5072 ac
909 5013 948 5072 de
969 5013 1091 5091 judiciis
1124 5016 1248 5089 triginta
1276 5013 1372 5073 trium
1405 5029 1581 5072 marcarum
