3948 5804
770 521 845 578 Doc.
869 529 915 596 77.
939 517 989 596 78.
1012 555 1052 564 -
1079 521 1135 580 An.
1157 536 1247 600 1434.

987 734 1044 800 77.

483 873 563 923 Auno
586 885 661 937 1434,
683 886 722 937 14.
742 875 902 939 septembris.
923 875 1037 926 Posonii.

482 1003 617 1062 Evocate
640 1009 744 1062 autem
767 1005 890 1078 saepius
914 1006 1038 1063 civitate
1060 1004 1100 1062 ad
1125 1007 1243 1062 curiam
1266 1007 1384 1076 regiam
1408 1007 1534 1064 absente
1549 1005 1643 1079 Sigis-

378 1109 505 1182 mundo,
529 1115 559 1167 et
582 1110 644 1167 ianr
669 1125 725 1184 per
756 1115 874 1168 ternam
898 1111 1176 1184 proclamationem
1200 1113 1317 1169 ratione
1339 1117 1561 1185 occupatarum
1585 1118 1643 1171 ter·

372 1227 493 1288 rarum,
517 1215 651 1274 aliarum
663 1216 892 1289 violentiarum,
909 1234 1034 1292 semper
1050 1223 1154 1277 tamen
1170 1219 1391 1276 contumaciter
1406 1235 1438 1276 se
1454 1219 1642 1291 absentante,

377 1338 469 1381 causa
488 1322 572 1380 finiri
593 1338 654 1380 non
679 1325 794 1398 potuit;
811 1323 881 1382 ideo
904 1323 1121 1397 Sigismundus
1144 1324 1183 1382 ad
1207 1324 1397 1398 parcendum
1420 1326 1572 1398 expensis,
1588 1327 1643 1383 ab·

376 1434 470 1503 rupto
494 1430 588 1502 longo
612 1444 767 1505 processu,
792 1433 893 1506 prima
916 1433 948 1489 in
971 1434 1144 1504 praesentia
1167 1447 1292 1489 causam
1316 1433 1501 1490 concludere
1520 1433 1642 1512 uolens,

377 1535 504 1594 mandat
527 1537 653 1612 civitati,
674 1542 708 1594 ut
731 1538 848 1595 Albam
871 1539 1010 1610 regalem
1034 1545 1212 1612 compareat
1236 1542 1346 1596 octavo
1370 1537 1420 1595 die
1443 1538 1642 1613 Epiphaniae.

392 1721 395 1726 ,
483 1673 591 1737 Georgii
609 1673 780 1723 Marcelovie:
800 1675 919 1738 Regesta
938 1681 967 1723 ut
983 1689 1068 1740 supra.

980 1903 1039 1970 78.
1066 1895 1070 1905 '

483 2045 564 2094 Auno
586 2055 660 2108 1434,
678 2056 721 2107 23.
740 2044 901 2109 septembris.
922 2027 1037 2095 Cumae.

379 2147 547 2248 *Capitulum
562 2173 702 2232 laconense
716 2174 834 2230 nunniti·
846 2172 1001 2246 capimlum
1017 2172 1206 2246 zagrobisnse
1220 2174 1251 2230 in
1258 2173 1463 2246 possessionem
1485 2171 1646 2250 Kralsovec

729 2279 790 2337 sine
812 2278 1032 2337 contradictione
1054 2297 1113 2338 esse
1134 2285 1285 2338 stamnum.

483 2421 665 2496 Capitulum
700 2423 826 2481 ecclesie
861 2423 1056 2481 chasmensis.
1081 2423 1234 2482 Omnibus
1257 2422 1374 2482 Christi
1404 2422 1550 2482 fidelibus
1580 2427 1645 2482 tam

377 2529 573 2604 presentibus
608 2544 703 2603 quam
738 2529 850 2588 tuturis
885 2531 1081 2604 presencium
1110 2531 1257 2588 noticiam
1280 2531 1433 2588 habituris
1455 2529 1590 2588 salutem
1613 2531 1645 2588 in

377 2637 520 2694 omnium
554 2635 718 2694 salvatore.
752 2635 804 2694 Ad
837 2637 1056 2694 universorum
1086 2636 1232 2694 noticiam
1262 2636 1375 2694 harum
1398 2636 1475 2694 serie
1499 2636 1646 2693 volumus

378 2742 549 2816 pervenire,
574 2742 658 2815 quod
680 2757 737 2801 nos
761 2741 880 2800 litteras
908 2742 1088 2816 spectabilis
1111 2747 1141 2800 et
1163 2742 1323 2816 magnifici
1346 2742 1464 2800 domini
1486 2743 1645 2814 Hermoni,

378 2847 465 2919 Cilie,
499 2848 689 2922 Zagorieque
721 2850 842 2908 comitis
873 2853 928 2906 etc.
948 2850 1035 2921 regni
1059 2847 1222 2906 Sclauouie
1246 2849 1328 2918 bani,
1352 2847 1591 2906 introductorios
1615 2853 1646 2906 et

377 2957 555 3013 statutorias
577 2957 668 3015 nobis
692 2955 832 3027 directas,
856 2957 972 3014 honore
996 2970 1058 3028 quo
1082 2955 1192 3028 decuit,
1210 2957 1383 3030 recepimus
1406 2955 1438 3012 in
1460 2956 1516 3012 hec
1533 2956 1644 3014 verba:

377 3056 461 3142 (ride
484 3062 559 3120 Doc.
585 3061 633 3130 76.
658 3061 696 3119 de
720 3076 800 3120 anno
827 3075 921 3136 1434.
946 3061 995 3119 die
1020 3075 1048 3130 7.
1073 3053 1279 3138 septembris).
1304 3053 1372 3122 Nos
1404 3063 1507 3134 itaque
1531 3064 1646 3120 amica-

377 3170 495 3228 bilibus
519 3169 725 3242 peticionibus
747 3170 844 3242 ipsius
868 3167 986 3225 domini
1021 3169 1170 3225 Hermani
1205 3169 1278 3224 bani
1301 3172 1476 3240 annuentes,
1509 3183 1643 3226 unacum

376 3257 497 3352 prelato
521 3275 658 3347 Nicola0,
683 3275 751 3334 filio
772 3273 916 3345 Ladislai‚
938 3275 997 3332 filii
1021 3273 1197 3332 Ladomerii
1220 3273 1258 3332 de
1281 3273 1485 3346 Radomerch‚
1517 3276 1643 3333 homine

376 3365 473 3455 ipsius
496 3381 615 3440 domini
647 3381 729 3452 bani,
759 3385 901 3440 nostrum
935 3381 1094 3438 hominem
1123 3379 1324 3452 fidedignum,
1346 3379 1515 3438 discretum
1537 3381 1644 3439 virum

377 3487 547 3560 Georgium
572 3487 781 3560 presbiterum
804 3487 890 3544 chori
913 3487 1011 3560 ipsius
1035 3487 1163 3544 ecclesie
1193 3492 1296 3549 nostre
1329 3486 1571 3560 prebendarium
1607 3487 1647 3545 ad

377 3580 563 3668 premissam
600 3593 873 3665 possessionariam
908 3593 1114 3650 statucionem
1149 3591 1323 3650 taciendam
1352 3597 1459 3650 nostro
1482 3607 1541 3666 pro
1562 3595 1645 3652 testi·

379 3701 485 3758 monio
509 3699 655 3758 duximus
671 3698 895 3758 destinandum.
920 3698 982 3772 Qui
1005 3697 1129 3756 tandem
1153 3697 1263 3756 exinde
1286 3698 1325 3755 ad
1340 3712 1396 3756 nos
1412 3701 1538 3773 reversi,
1554 3701 1644 3758 nobis

381 3819 457 3864 voce
480 3819 613 3865 consona
636 3805 807 3864 retulerunt
829 3807 887 3864 isto
908 3805 1014 3864 modo:
1039 3804 1123 3879 quod
1146 3805 1305 3879 predictus
1328 3806 1422 3862 homo
1438 3805 1646 3894 dicti'domini

379 3914 451 3972 bani
485 3917 626 3988 presente
663 3913 773 3970 eodem
806 3918 912 3970 nostro
942 3913 1117 3972 testimonio
1149 3911 1226 3970 terta
1261 3913 1369 3984 quinta
1400 3913 1544 3985 proxima
1575 3917 1646 3986 post

378 4017 553 4096 predictum
589 4019 704 4078 testum
737 4020 907 4082 nativitatis
942 4020 1031 4078 beate
1060 4020 1157 4078 Marie
1187 4018 1326 4091 virginis,
1349 4033 1430 4076 nunc
1454 4019 1646 4092 preteritum,

381 4126 420 4186 ad
445 4125 538 4184 facies
569 4125 781 4201 predictarum
813 4127 1043 4200 possessionum
1073 4125 1254 4198 Kralyouch
1278 4139 1313 4183 ac
1337 4125 1465 4198 cherye,
1483 4124 1523 4182 ad
1546 4125 1647 4198 ipsam

379 4233 560 4305 Kralyouch
595 4233 772 4308 spectantis,
811 4246 928 4290 necnon
952 4233 1061 4290 tributi
1093 4233 1126 4290 in
1148 4231 1289 4305 predicta
1311 4230 1432 4304 Cheryc
1463 4232 1546 4304 exigi
1577 4246 1647 4290 con-

378 4340 466 4410 sueti,
490 4340 565 4398 item
589 4337 744 4412 Kobylalr,
770 4338 911 4411 Zywblie
934 4343 964 4396 et
987 4337 1104 4395 Naarth
1128 4343 1319 4408 vocatarum,
1355 4338 1386 4396 in
1410 4338 1560 4396 comitatu
1595 4353 1643 4396 za-

376 4425 532 4524 grabiensi
568 4447 779 4520 existendum,
814 4445 924 4504 vicinis
955 4450 985 4503 et
1020 4445 1239 4504 commetaneis
1273 4447 1415 4519 ipsarum
1445 4450 1476 4502 et
1506 4445 1645 4502 eiusdem

375 4554 527 4612 universis
558 4553 636 4612 inibi
667 4553 820 4626 legittime
847 4553 1024 4611 convocatis
1056 4557 1086 4610 et
1115 4552 1311 4627 presentibus
1341 4551 1515 4612 accedendo
1550 4553 1645 4610 intro·

376 4659 515 4718 duxisset
537 4659 675 4734 prefatos
700 4659 843 4717 dominos
866 4660 1030 4717 canonicos
1046 4658 1127 4716 dicte
1158 4659 1285 4717 ecclesie
1301 4659 1508 4731 zagrabiensis
1525 4637 1645 4716 necnon

377 4771 530 4825 rectorem
562 4765 636 4825 dicti
667 4765 774 4824 altaris
805 4771 908 4826 sancte
932 4765 1032 4824 crucis
1055 4766 1086 4824 in
1109 4764 1219 4824 eadem
1234 4765 1371 4823 'ecclesia
1393 4764 1513 4822 fundati
1537 4765 1569 4822 in
1593 4763 1647 4821 do·

377 4873 510 4932 minium
533 4872 714 4932 earumdem
735 4877 764 4930 et
787 4871 934 4944 eiusdem,
958 4873 1175 4946 statuissetque
1199 4871 1324 4930 easdem
1355 4877 1385 4930 et
1415 4871 1499 4928 idem
1531 4869 1648 4928 eisdem

373 4977 441 5055 jure
465 4979 540 5052 ipsis
563 4979 760 5036 incumbente
784 4983 935 5052 perpetuo
960 4977 1171 5052 possidendas,
1194 4977 1283 5035 nullo
1315 4978 1437 5052 penitus
1470 4975 1648 5034 contradic-
