3932 5806
320 480 323 486 ¹
381 509 441 582 308
793 509 866 566 Doc.
890 521 957 585 251.
984 543 1021 554 -
1047 511 1103 572 An.
1126 506 1220 588 1466.

378 723 475 796 ipsius
498 725 651 781 societatis
674 725 774 783 libere
790 725 907 782 auffere
930 726 1033 796 possit.
1057 725 1171 783 Nullus
1194 726 1293 783 eciam
1317 732 1472 783 mercator
1494 725 1546 783 vel
1561 715 1641 782 alter

378 827 473 885 homo
488 823 666 902 negociator
690 831 839 904 pelliceas
855 831 906 888 rel
922 831 1000 888 alios
1024 836 1185 889 extraneos
1201 831 1325 890 labores
1348 832 1466 890 arcium
1489 831 1642 906 prescrip·

378 939 480 992 tarum
511 935 543 992 in
573 936 641 1010 ipsa
672 937 797 995 civitate
820 943 924 995 nostra
949 937 1081 996 vendere
1112 943 1280 1010 presumat,
1310 939 1369 996 nisi
1399 943 1541 1012 tempore
1563 953 1641 996 nun·

378 1039 523 1099 dinarum
545 1057 599 1099 seu
623 1041 765 1100 sororum
788 1044 969 1101 annualium
977 1062 984 1114 ;
1008 1049 1038 1102 et
1061 1045 1087 1102 si
1110 1044 1267 1119 quispiam
1284 1045 1465 1104 huiusmodi
1487 1033 1641 1119 pelliceo's

379 1147 430 1204 vel
458 1147 537 1205 alios
568 1153 729 1208 extraneos
761 1150 884 1208 labores
916 1149 1050 1207 vendere
1080 1151 1356 1224 attemptaverint,'
1377 1153 1526 1224 magister
1557 1151 1638 1210 dicte

377 1253 531 1311 societatis
560 1254 720 1314 auferendi
751 1256 884 1314 liberam
914 1257 1008 1312 babet
1039 1258 1200 1329 potestatis
1231 1255 1411 1316 facultatem
1445 1274 1483 1314 ex
1505 1257 1641 1331 presenti

377 1361 571 1418 concessione
601 1368 713 1421 nostra.
748 1360 900 1434 Quocirca
938 1363 1030 1419 vobis
1060 1361 1207 1420 fidelibus
1235 1363 1350 1420 nostris
1381 1363 1557 1437 capetaneis
1590 1363 1642 1420 vel

377 1465 619 1540 vicecapetaneis
635 1482 692 1542 per
706 1484 762 1526 nos
781 1468 833 1525 vel
848 1482 1039 1525 successores
1062 1475 1184 1526 nostros
1208 1483 1296 1541 reges
1319 1469 1352 1526 in
1375 1467 1495 1543 prelata
1518 1469 1641 1527 civitate

376 1575 481 1629 nostra
511 1574 740 1646 constituendis,
771 1575 846 1632 item
876 1573 972 1632 iudici
1003 1581 1032 1632 et
1062 1575 1179 1648 iuratis,
1203 1575 1374 1648 ceterisque
1397 1575 1519 1633 civibus
1541 1574 1640 1648 ipsius

377 1677 510 1736 civitatis
540 1685 645 1738 nostre
677 1681 872 1754 presentibus
902 1687 931 1738 et
963 1679 1075 1738 futuris
1099 1681 1296 1754 presencium
1317 1681 1465 1738 noticiam
1488 1679 1641 1738 habituris

377 1785 488 1842 harum
512 1786 591 1844 serie
615 1785 747 1844 firmiter
765 1787 958 1861 precipimus
982 1793 1012 1844 et
1035 1787 1228 1856 mandamus,
1252 1794 1404 1861 quatenus
1427 1785 1540 1844 amodo
1556 1785 1641 1843 dein·

376 1905 449 1965 ceps
473 1891 610 1973 prefatos
635 1892 785 1966 pellifices
808 1899 839 1950 et
858 1893 992 1951 artifices
1016 1892 1176 1951 frenorum
1200 1900 1231 1951 et
1253 1893 1492 1966 corrigiatorum
1516 1893 1567 1949 rel
1584 1891 1640 1963 ali·

377 2010 470 2070 quem
501 2013 539 2055 ex
570 1999 646 2072 ipsis
676 1999 707 2056 in
738 2000 839 2057 causis
870 1999 1055 2072 supradictis
1078 2005 1220 2074 pretextu
1243 2001 1361 2058 scilicet
1385 1997 1564 2057 huiusmodi
1591 2013 1640 2055 ar-

377 2103 458 2161 cium
484 2109 514 2161 et
537 2105 681 2162 laborum
706 2106 846 2180 ipsorum
870 2105 1008 2163 iudicare
1029 2107 1081 2163 vel
1106 2121 1180 2163 vero
1203 2112 1304 2164 astare
1327 2105 1475 2164 iudicatui
1499 2104 1637 2178 compel-

376 2207 441 2268 lere
470 2217 523 2267 aut
552 2209 630 2268 alias
654 2209 863 2284 quovismodo
886 2218 992 2269 contra
1013 2211 1149 2268 sormam
1173 2211 1353 2269 huiusmodi
1374 2219 1479 2269 nostre
1501 2211 1640 2283 graciose

376 2317 543 2374 annuencie
567 2333 693 2392 quoquo
716 2319 877 2392 impedire,
895 2319 1070 2390 molestare,
1083 2326 1136 2376 aut
1153 2320 1336 2392 perturbare
1359 2324 1389 2376 et
1412 2317 1638 2393 dampnificare

377 2423 466 2480 nullo
482 2439 632 2496 umquam
657 2429 798 2499 tempore
814 2426 1011 2499 presumatis,
1029 2425 1188 2482 Presentes
1212 2431 1327 2500 autem,
1351 2439 1428 2498 quas
1451 2424 1639 2498 appensione

375 2528 473 2601 sigilli
504 2532 602 2588 nostri
633 2531 742 2588 secreti
766 2532 953 2589 communiri
978 2530 1114 2600 lecimus,
1140 2537 1210 2604 post
1233 2546 1339 2588 earum
1365 2531 1526 2598 lecturam,
1550 2529 1640 2588 reddi

377 2635 561 2694 mandamus
590 2638 765 2709 presentati.
796 2637 912 2694 Datum
945 2637 1095 2709 Zagrabie
1118 2637 1151 2694 in
1173 2637 1283 2709 vigilia
1307 2635 1375 2694 testi
1400 2637 1483 2694 beati
1507 2635 1637 2694 Bartho-

376 2742 471 2800 lomei
501 2745 643 2816 apostoli.
666 2747 756 2802 Anno
780 2744 898 2802 domini
922 2744 1092 2802 millesimo
1116 2743 1421 2816 quadringentesimo
1444 2743 1637 2816 sexagesimo

375 2854 469 2906 sexto.
495 2848 593 2922 Regni
615 2851 714 2908 nostri
736 2866 816 2908 anno
839 2867 929 2922 nono,
954 2850 1165 2909 coronacionis
1189 2865 1264 2908 vero
1288 2851 1391 2909 tercio.

479 3053 655 3104 Protocollurn
673 3056 724 3105 loci
742 3057 874 3106 credibilis
891 3073 947 3108 ven.
967 3055 1051 3121 Capit.
1070 3055 1242 3120 zagrabiensis
1261 3071 1298 3106 nr.
1318 3056 1431 3108 XXIX.
1452 3071 1510 3122 pag.
1531 3067 1573 3120 40.
1604 3056 1637 3105 In

374 3142 470 3194 archiv.
490 3159 544 3192 ven,
566 3143 629 3210 Cap,
648 3145 748 3208 zagrab.

965 3426 1044 3492 251.

479 3639 559 3688 Anno
582 3636 656 3699 1466,
677 3649 709 3700 23
739 3637 863 3702 Augusti.
883 3638 1031 3701 Zagrabiae.

373 3801 402 3859 A
424 3801 554 3873 Mathia,
577 3803 755 3876 Hungan'ae
783 3809 830 3859 etc.
853 3819 928 3875 rege,
951 3809 1079 3859 surorum
1103 3803 1133 3859 in
1156 3803 1270 3860 cimtate
1291 3803 1393 3860 montis
1421 3803 1572 3862 Grecensis
1593 3823 1637 3863 so-

775 3927 885 3985 cietates
906 3932 1017 3984 statuta
1042 3927 1257 4002 confirmantur.

475 4125 539 4183 Nos
570 4127 701 4184 Mathias
732 4126 782 4184 dei
809 4125 913 4199 gracia
944 4141 1000 4182 rex
1033 4125 1199 4197 Hungarie,
1232 4124 1403 4197 Dalmacie,
1428 4125 1556 4184 Croacie
1579 4129 1635 4183 etc.

372 4232 522 4290 Memorie
545 4231 799 4290 commendamus
823 4237 928 4288 tenore
944 4231 1138 4304 presencium
1155 4229 1362 4303 significantes
1379 4232 1493 4305 quibus
1509 4231 1636 4305 expedit

362 4337 531 4408 universis,
556 4337 638 4411 quod
663 4353 727 4410 nos,
751 4345 819 4395 turn
842 4337 881 4394 ad
905 4337 1129 4395 nonnullorum
1153 4335 1295 4394 fidelium
1319 4345 1497 4396 nostrorum
1521 4337 1636 4396 humil·

369 4445 445 4504 lime
468 4446 708 4520 supplicacionis
730 4445 920 4516 instanciam,
944 4459 1000 4517 per
1022 4459 1074 4501 eos
1089 4459 1149 4518 pro
1166 4456 1253 4518 parte
1268 4444 1478 4502 universitatis
1493 4449 1635 4502 sutomm

371 4554 402 4611 in
424 4553 482 4611 bac
506 4553 629 4611 civitate
653 4557 757 4610 nostra
782 4551 895 4610 montis
918 4549 1080 4608 Grecensis
1099 4566 1180 4608 nunc
1194 4551 1458 4608 commorancium
1482 4553 1565 4608 etin
1588 4549 1636 4608 tu·

370 4665 476 4718 turum
500 4665 813 4729 commoraturorum,
829 4665 934 4716 nostre
950 4661 1116 4730 propterea
1132 4661 1274 4729 porrecte
1291 4657 1451 4728 maiestati,
1467 4663 1534 4715 turn
1550 4669 1634 4728 vero,

372 4772 404 4823 ut
426 4765 521 4824 iidem
544 4773 625 4824 artes
648 4768 790 4840 ipsorum
813 4779 849 4823 eo
873 4764 1002 4822 liberius
1025 4777 1168 4821 exercere
1183 4761 1316 4829 valeant,
1334 4761 1449 4820 eisdem
1474 4763 1632 4821 sutoribus

338 4895 340 4898 ·
372 4872 402 4931 id
435 4874 574 4947 graciose
604 4880 771 4932 annuentes
802 4871 948 4930 duximus
978 4875 1008 4928 et
1039 4869 1255 4942 concedentes,
1288 4869 1385 4928 immo
1406 4869 1581 4938 ,annuimus
1604 4873 1634 4927 et

370 4981 567 5042 concedimus
591 4997 647 5057 per
670 4987 836 5058 presentes,
859 4987 893 5039 ut
916 4977 977 5055 ipsi
1005 4985 1035 5037 et
1067 4992 1175 5036 eorum
1209 4977 1344 5037 universi
1380 4991 1570 5038 successores
1603 4981 1634 5038 et
