3932 5806
762 556 836 614 Dec.
862 566 930 630 205.
957 587 994 598 -
1020 548 1112 630 1458.
1502 555 1561 624 267

297 776 389 834 nobis
418 773 592 848 significare
623 777 810 831 curaverunt
840 771 872 829 in
904 771 985 830 hunc
1016 771 1161 831 modum:
1193 771 1278 845 quod
1309 771 1386 829 dum
1416 769 1562 828 Nicolaus

298 881 472 952 aurifaber,
512 879 655 938 similiter
694 878 771 936 alias
803 876 896 953 judex
935 884 965 936 et
998 879 1075 936 civis
1108 877 1248 936 eiusdem
1282 877 1416 935 civitatis
1450 876 1564 933 montis

298 987 472 1056 Grecensis,
495 1000 629 1044 unacum
663 983 775 1042 litteris
808 985 996 1042 serenissimi
1030 983 1179 1059 principis
1215 990 1246 1041 et
1280 982 1413 1053 domini,
1445 981 1563 1039 domini

298 1094 413 1151 Mathie
436 1093 486 1151 dei
509 1091 613 1164 gracia
634 1091 733 1148 incliti
758 1091 839 1163 regis
871 1091 1029 1164 Hungarie
1057 1095 1112 1148 etc.
1136 1090 1254 1148 domini
1285 1089 1384 1147 nostri
1405 1088 1563 1158 naturalis,

297 1198 427 1273 prefatis
449 1195 553 1272 judici,
576 1193 702 1271 juratis,
725 1197 895 1269 ceterisque
924 1197 1045 1254 civibus
1078 1195 1158 1254 dicte
1190 1187 1347 1275 (civitatis)
1371 1193 1564 1268 preceptorie

300 1303 501 1377 loquentibus
525 1309 555 1360 et
578 1302 722 1372 directis,
745 1300 932 1374 eosdemque
968 1303 999 1360 in
1030 1317 1067 1360 eo
1101 1303 1334 1375 requisivisset,
1369 1307 1402 1358 ut
1435 1301 1494 1374 ipsi
1526 1316 1564 1358 ex

297 1415 386 1484 parte
415 1413 572 1466 certorum
602 1407 720 1465 civium
750 1410 781 1464 et
809 1407 1055 1467 inhabitatorum
1086 1407 1167 1466 dicte
1197 1409 1330 1466 civitatis
1362 1408 1485 1465 racione
1509 1406 1564 1463 do·

299 1530 434 1588 morum,
469 1528 589 1572 necnon
624 1513 853 1587 possessionum
876 1517 907 1570 et
941 1515 1075 1573 aliorum
1106 1514 1260 1572 bonorum
1295 1515 1327 1572 in
1350 1513 1457 1572 eadem
1489 1513 1565 1570 civi·

298 1626 360 1679 tate
383 1627 414 1678 et
437 1621 592 1678 territorio
614 1619 753 1678 eiusdem
785 1619 994 1692 existencium,
1019 1607 1128 1678 eidem
1144 1620 1273 1678 Nicolao
1296 1619 1455 1678 aurifabro
1482 1618 1562 1678 iudi·

298 1727 381 1785 cium
404 1730 435 1785 et
456 1723 611 1802 justiciam
635 1724 744 1796 facere,
767 1725 975 1798 exhibereque
999 1733 1029 1784 et
1054 1726 1249 1784 aministrare
1284 1726 1470 1784 debuissent.
1487 1725 1562 1798 Qui·

299 1832 425 1906 quidem
448 1831 542 1891 iudex
564 1837 594 1889 et
610 1832 703 1890 ceteri
726 1831 808 1889 cives
832 1831 986 1890 mandatis
1017 1833 1101 1904 regie
1131 1833 1303 1890 serenitatis
1335 1831 1462 1890 obedire
1479 1831 1566 1905 cupi·

299 1942 391 2010 entes,
415 1937 566 2013 judicium
590 1941 620 1995 et
640 1935 797 2013 justiciam
814 1953 853 1994 ex
869 1943 957 2011 parte
973 1937 1155 1995 eorumdem
1178 1938 1294 1996 civium
1317 1937 1420 1996 eidem
1437 1937 1565 1994 Nicolao

302 2043 463 2102 aurifabro
486 2043 587 2102 facere
609 2049 639 2101 et
662 2044 808 2102 exhibere
831 2044 931 2118 parati
947 2044 1084 2117 fuissent,
1100 2044 1279 2118 eisdemque
1295 2045 1437 2117 partibus
1453 2042 1564 2100 feriam

299 2155 419 2208 sextam
451 2151 629 2224 proximam
658 2155 730 2223 post
759 2148 873 2207 festum
907 2150 1098 2209 Invencionis
1133 2157 1236 2208 sancte
1275 2149 1391 2220 crucis,
1423 2148 1565 2223 proxime

298 2256 488 2330 preteritum,
511 2272 585 2315 cum
606 2256 758 2314 universis
780 2253 910 2331 juribus,
934 2257 1171 2331 literalibusque
1194 2256 1418 2328 instrumentis,
1441 2269 1561 2313 necnon

299 2363 492 2422 documentis
523 2379 628 2422 coram
659 2363 777 2422 eisdem
808 2363 980 2437 producere
1011 2362 1197 2421 debentibus
1228 2378 1288 2437 pro
1310 2363 1444 2421 termino
1467 2361 1563 2434 assig-

298 2475 422 2528 nassent
445 2476 474 2527 et
497 2470 701 2544 prefuissent,
725 2474 759 2527 ut
774 2470 818 2528 sic
834 2470 908 2528 visis
932 2476 962 2527 ct
985 2470 1167 2528 examinatis
1191 2467 1313 2545 juribus
1336 2473 1366 2527 et
1387 2468 1563 2526 literalibus

300 2577 519 2648 instrumentis,
548 2591 666 2634 necnon
689 2575 933 2649 allegacionibus
956 2580 986 2634 et
1009 2575 1280 2650 proposicionibus
1297 2575 1478 2654 earumdem
1495 2589 1565 2647 par·

299 2681 391 2753 cium,
422 2682 523 2740 eidem
556 2682 683 2740 Nicolao
717 2681 876 2740 aurifabro
900 2697 938 2739 ex
962 2687 1049 2755 parte
1080 2683 1325 2756 prescriptorum
1356 2681 1482 2752 civium,
1506 2696 1563 2754 per

226 2771 230 2779 ⁸
301 2789 406 2864 ipsum
430 2789 461 2847 in
477 2803 602 2846 causam
625 2793 836 2859 attractorum,
858 2785 1009 2863 judicium
1031 2793 1062 2845 et
1076 2785 1231 2863 justiciam
1249 2787 1382 2847 termino
1405 2788 1437 2846 in
1453 2785 1563 2844 eodem

299 2894 446 2970 facerent,
486 2894 581 2953 iidem
610 2893 705 2970 judex
736 2893 878 2952 accires
908 2894 1041 2952 civitatis
1071 2893 1210 2967 predicte
1242 2892 1344 2952 facere
1367 2901 1396 2951 et
1419 2893 1565 2950 exhibere

300 3001 486 3072 voluissent;
500 3000 683 3074 quiquidem
699 2999 846 3058 Nicolaus
861 2997 1028 3072 aurifaber,
1051 3000 1097 3058 uti
1112 2999 1207 3058 iidem
1223 2999 1353 3058 Rawsar
1375 3005 1405 3057 et
1429 2999 1565 3057 Thomas

300 3107 435 3166 Croacus
450 3106 651 3178 retullissent,
668 3106 792 3164 nullum
807 3104 967 3182 judicium,
983 3105 1147 3163 nullumve
1162 3102 1282 3181 justicie
1306 3106 1566 3179 complimentum

300 3213 433 3271 termino
467 3213 499 3270 in
533 3211 643 3271 eodem
678 3227 784 3270 coram
817 3210 934 3270 eisdem
966 3209 1068 3286 judice
1100 3226 1137 3268 ac
1169 3212 1293 3270 civibus
1323 3211 1404 3270 dicte
1427 3211 1562 3269 civitatis

300 3333 497 3393 asumpmere
531 3324 561 3376 et
596 3323 755 3391 acceptare
789 3317 954 3390 noluisset,
990 3317 1046 3375 sed
1077 3317 1180 3376 solum
1204 3317 1242 3375 de
1266 3317 1422 3390 domibus,
1445 3331 1564 3375 necnon

300 3425 547 3499 possessionibus
581 3429 612 3482 et
640 3424 710 3482 aliis
744 3424 834 3482 bonis
869 3424 932 3482 suis
967 3421 1005 3480 'ex
1036 3428 1125 3496 parte
1149 3423 1332 3482 eorumdem
1358 3424 1475 3482 civium
1509 3439 1566 3498 per

301 3529 427 3588 eosdem
456 3529 591 3606 jndicem
614 3535 643 3588 et
667 3531 750 3588 cives
774 3529 855 3587 dicte
878 3529 1011 3588 civitatis
1036 3529 1149 3587 montis
1170 3529 1332 3588 Grecensis
1355 3531 1416 3589 sibi
1437 3531 1564 3604 plenam

301 3641 331 3696 et
346 3636 559 3695 omnimodam
582 3635 828 3695 satisfaccionem
850 3635 960 3708 facere,
983 3636 1276 3709 restitucionemque
1299 3635 1479 3712 impendere
1494 3651 1566 3711 pos-

301 3743 436 3802 tulasset.
461 3743 561 3818 Super
584 3743 698 3817 quibus
722 3744 860 3802 annotati
883 3741 1047 3800 Conradus
1070 3743 1200 3801 Rawsar
1223 3748 1253 3801 et
1275 3743 1412 3802 Thomas
1429 3743 1564 3801 Croacus

303 3850 366 3908 suis
389 3855 420 3908 et
443 3865 577 3924 quorum
600 3865 696 3925 supra
718 3849 896 3908 nominibus
919 3849 1077 3923 pecierunt
1100 3849 1176 3923 ipsis
1199 3854 1230 3908 et
1252 3849 1322 3908 aliis
1340 3848 1488 3924 predictis
1506 3863 1563 3922 per

300 3971 359 4014 nos
393 3955 461 4014 dari
490 3956 609 4015 litteras
639 3963 760 4014 nostras
783 3956 992 4030 protestarias,
1026 3970 1102 4029 quas
1125 3955 1242 4012 eisdem
1266 3957 1473 4014 concessimus
1496 3955 1566 4029 lege

301 4063 389 4134 regni
411 4063 586 4136 requirente
609 4069 639 4120 et
657 4062 816 4120 communi
831 4060 949 4137 justicia
966 4060 1123 4120 evadente.
1139 4061 1255 4118 Datum
1271 4062 1402 4120 sabbato
1419 4063 1564 4134 proximo

301 4173 372 4242 post
406 4167 581 4242 predictum
612 4167 726 4225 festum
749 4168 942 4226 Invencionis
966 4173 1069 4225 sancte
1092 4167 1191 4225 crucis
1222 4169 1312 4224 Anno
1348 4167 1466 4225 domini
1494 4167 1564 4224 mil-

301 4273 412 4332 lesimo
435 4273 738 4347 quadringentesimo
761 4274 1018 4348 quinquagesimo
1041 4279 1160 4332 octavo,

407 4461 541 4527 Originale
559 4462 586 4510 iu
614 4462 742 4520 charta,a
771 4469 842 4525 tergo
870 4459 1007 4524 vestigium
1034 4462 1152 4527 impressi
1183 4461 1270 4526 sigilli.
1299 4463 1330 4510 In
1358 4461 1472 4516 archivio
1501 4459 1561 4512 incl.

303 4551 387 4604 Acad.
406 4551 501 4602 Scieut.
521 4549 591 4602 Slav.
612 4551 702 4602 merid.
