<?xml version="1.0" encoding="UTF-8"?>
<!DOCTYPE html PUBLIC "-//W3C//DTD XHTML 1.0 Transitional//EN"
    "http://www.w3.org/TR/xhtml1/DTD/xhtml1-transitional.dtd">
<html xmlns="http://www.w3.org/1999/xhtml" xml:lang="en" lang="en">
 <head>
  <title>
</title>
<meta http-equiv="Content-Type" content="text/html;charset=utf-8" />
  <meta name='ocr-system' content='tesseract 3.04.00' />
  <meta name='ocr-capabilities' content='ocr_page ocr_carea ocr_par ocr_line ocrx_word'/>
</head>
<body>
  <div class='ocr_page' id='page_1' title='image "./monumentahistor20laszgoog_0584.png"; bbox 0 0 3828 5822; ppageno 0'>
   <div class='ocr_carea' id='block_1_1' title="bbox 267 536 1536 4430">
    <p class='ocr_par' dir='ltr' id='par_1_1' title="bbox 267 536 1536 4430">
     <span class='ocr_line' id='line_1_1' title="bbox 684 536 1530 622; baseline 0.012 -26"><span class='ocrx_word' id='word_1_1' title='bbox 684 539 756 600; x_wconf 85' lang='lat' dir='ltr'>Doc.</span> <span class='ocrx_word' id='word_1_2' title='bbox 778 536 853 617; x_wconf 70' lang='lat'>264.</span> <span class='ocrx_word' id='word_1_3' title='bbox 878 575 916 584; x_wconf 96' lang='lat'><em>-</em></span> <span class='ocrx_word' id='word_1_4' title='bbox 942 541 998 600; x_wconf 87' lang='lat' dir='ltr'>An.</span> <span class='ocrx_word' id='word_1_5' title='bbox 1023 538 1116 620; x_wconf 73' lang='lat'><em>1469.</em></span> <span class='ocrx_word' id='word_1_6' title='bbox 1469 563 1530 622; x_wconf 83' lang='lat'>327</span> 
     </span>
     <span class='ocr_line' id='line_1_2' title="bbox 268 752 1532 836; baseline 0.007 -26"><span class='ocrx_word' id='word_1_7' title='bbox 268 752 352 810; x_wconf 90' lang='lat' dir='ltr'>tibus</span> <span class='ocrx_word' id='word_1_8' title='bbox 375 754 539 828; x_wconf 82' lang='lat' dir='ltr'>spreciatis</span> <span class='ocrx_word' id='word_1_9' title='bbox 561 761 591 813; x_wconf 92' lang='lat' dir='ltr'>et</span> <span class='ocrx_word' id='word_1_10' title='bbox 614 754 652 812; x_wconf 88' lang='lat' dir='ltr'>ad</span> <span class='ocrx_word' id='word_1_11' title='bbox 676 756 778 830; x_wconf 85' lang='lat' dir='ltr'><strong>ipsam</strong></span> <span class='ocrx_word' id='word_1_12' title='bbox 809 757 967 816; x_wconf 80' lang='lat' dir='ltr'>civitatem</span> <span class='ocrx_word' id='word_1_13' title='bbox 991 757 1180 817; x_wconf 88' lang='lat' dir='ltr'>adducendis</span> <span class='ocrx_word' id='word_1_14' title='bbox 1203 759 1411 833; x_wconf 88' lang='lat' dir='ltr'><strong>suspicionem</strong></span> <span class='ocrx_word' id='word_1_15' title='bbox 1439 777 1532 836; x_wconf 90' lang='lat' dir='ltr'>super</span> 
     </span>
     <span class='ocr_line' id='line_1_3' title="bbox 269 860 1530 940; baseline 0.006 -24"><span class='ocrx_word' id='word_1_16' title='bbox 269 873 305 916; x_wconf 93' lang='lat' dir='ltr'>eo</span> <span class='ocrx_word' id='word_1_17' title='bbox 329 860 478 918; x_wconf 86' lang='lat' dir='ltr'>haberent</span> <span class='ocrx_word' id='word_1_18' title='bbox 500 861 551 918; x_wconf 86' lang='lat' dir='ltr'>rel</span> <span class='ocrx_word' id='word_1_19' title='bbox 584 861 720 934; x_wconf 87' lang='lat' dir='ltr'>haberet,</span> <span class='ocrx_word' id='word_1_20' title='bbox 753 862 834 935; x_wconf 93' lang='lat' dir='ltr'>quod</span> <span class='ocrx_word' id='word_1_21' title='bbox 867 879 924 921; x_wconf 91' lang='lat' dir='ltr'>nos</span> <span class='ocrx_word' id='word_1_22' title='bbox 946 864 1086 938; x_wconf 85' lang='lat' dir='ltr'>aliquem</span> <span class='ocrx_word' id='word_1_23' title='bbox 1109 865 1160 924; x_wconf 83' lang='lat' dir='ltr'>vel</span> <span class='ocrx_word' id='word_1_24' title='bbox 1184 866 1307 940; x_wconf 89' lang='lat' dir='ltr'>aliquos</span> <span class='ocrx_word' id='word_1_25' title='bbox 1330 867 1362 924; x_wconf 90' lang='lat' dir='ltr'>in</span> <span class='ocrx_word' id='word_1_26' title='bbox 1385 865 1530 924; x_wconf 86' lang='lat' dir='ltr'>fraudem</span> 
     </span>
     <span class='ocr_line' id='line_1_4' title="bbox 268 965 1532 1041; baseline 0.006 -19"><span class='ocrx_word' id='word_1_27' title='bbox 268 965 446 1024; x_wconf 89' lang='lat' dir='ltr'>huiusmodi</span> <span class='ocrx_word' id='word_1_28' title='bbox 470 967 612 1040; x_wconf 86' lang='lat' dir='ltr'>ipsorum</span> <span class='ocrx_word' id='word_1_29' title='bbox 636 969 753 1039; x_wconf 89' lang='lat' dir='ltr'>tributi,</span> <span class='ocrx_word' id='word_1_30' title='bbox 776 976 882 1028; x_wconf 86' lang='lat' dir='ltr'>nostra</span> <span class='ocrx_word' id='word_1_31' title='bbox 903 970 986 1028; x_wconf 90' lang='lat' dir='ltr'>bona</span> <span class='ocrx_word' id='word_1_32' title='bbox 1009 976 1062 1030; x_wconf 91' lang='lat' dir='ltr'>aut</span> <span class='ocrx_word' id='word_1_33' title='bbox 1084 972 1212 1029; x_wconf 87' lang='lat' dir='ltr'>alterius</span> <span class='ocrx_word' id='word_1_34' title='bbox 1235 973 1334 1029; x_wconf 91' lang='lat' dir='ltr'>nostri</span> <span class='ocrx_word' id='word_1_35' title='bbox 1357 971 1532 1041; x_wconf 87' lang='lat' dir='ltr'>asserendo,</span> 
     </span>
     <span class='ocr_line' id='line_1_5' title="bbox 267 1069 1530 1153; baseline 0.008 -27"><span class='ocrx_word' id='word_1_36' title='bbox 267 1069 414 1128; x_wconf 87' lang='lat' dir='ltr'>libertare</span> <span class='ocrx_word' id='word_1_37' title='bbox 443 1072 644 1145; x_wconf 88' lang='lat' dir='ltr'>voluerimus,</span> <span class='ocrx_word' id='word_1_38' title='bbox 668 1079 780 1132; x_wconf 88' lang='lat' dir='ltr'>extunc</span> <span class='ocrx_word' id='word_1_39' title='bbox 802 1089 857 1132; x_wconf 88' lang='lat' dir='ltr'>nos</span> <span class='ocrx_word' id='word_1_40' title='bbox 880 1085 933 1132; x_wconf 89' lang='lat' dir='ltr'>ant</span> <span class='ocrx_word' id='word_1_41' title='bbox 956 1076 1036 1134; x_wconf 85' lang='lat' dir='ltr'>alter</span> <span class='ocrx_word' id='word_1_42' title='bbox 1058 1085 1207 1146; x_wconf 92' lang='lat' dir='ltr'>nostrum,</span> <span class='ocrx_word' id='word_1_43' title='bbox 1231 1075 1406 1153; x_wconf 86' lang='lat' dir='ltr'>juramento</span> <span class='ocrx_word' id='word_1_44' title='bbox 1432 1076 1530 1136; x_wconf 86' lang='lat' dir='ltr'>medi·</span> 
     </span>
     <span class='ocr_line' id='line_1_6' title="bbox 267 1175 1533 1256; baseline 0.006 -25"><span class='ocrx_word' id='word_1_45' title='bbox 267 1181 339 1232; x_wconf 89' lang='lat' dir='ltr'>ante</span> <span class='ocrx_word' id='word_1_46' title='bbox 362 1175 402 1234; x_wconf 87' lang='lat' dir='ltr'>ad</span> <span class='ocrx_word' id='word_1_47' title='bbox 434 1191 522 1235; x_wconf 87' lang='lat' dir='ltr'>suam</span> <span class='ocrx_word' id='word_1_48' title='bbox 555 1179 607 1236; x_wconf 85' lang='lat' dir='ltr'>vet</span> <span class='ocrx_word' id='word_1_49' title='bbox 631 1194 740 1237; x_wconf 92' lang='lat' dir='ltr'>eorum</span> <span class='ocrx_word' id='word_1_50' title='bbox 764 1181 1026 1253; x_wconf 84' lang='lat' dir='ltr'>expurgacionem</span> <span class='ocrx_word' id='word_1_51' title='bbox 1050 1198 1083 1240; x_wconf 92' lang='lat' dir='ltr'>se</span> <span class='ocrx_word' id='word_1_52' title='bbox 1104 1197 1278 1256; x_wconf 88' lang='lat' dir='ltr'>expurgare</span> <span class='ocrx_word' id='word_1_53' title='bbox 1302 1197 1408 1240; x_wconf 93' lang='lat' dir='ltr'>coram</span> <span class='ocrx_word' id='word_1_54' title='bbox 1432 1182 1533 1240; x_wconf 91' lang='lat' dir='ltr'>tribu·</span> 
     </span>
     <span class='ocr_line' id='line_1_7' title="bbox 267 1280 1531 1362; baseline 0.005 -24"><span class='ocrx_word' id='word_1_55' title='bbox 267 1280 347 1338; x_wconf 85' lang='lat' dir='ltr'>tario</span> <span class='ocrx_word' id='word_1_56' title='bbox 365 1297 472 1340; x_wconf 90' lang='lat' dir='ltr'>eorum</span> <span class='ocrx_word' id='word_1_57' title='bbox 499 1285 684 1342; x_wconf 86' lang='lat' dir='ltr'>tenebuntur</span> <span class='ocrx_word' id='word_1_58' title='bbox 707 1291 737 1342; x_wconf 91' lang='lat' dir='ltr'>et</span> <span class='ocrx_word' id='word_1_59' title='bbox 760 1286 923 1344; x_wconf 77' lang='lat' dir='ltr'>tenebitur.</span> <span class='ocrx_word' id='word_1_60' title='bbox 947 1286 1033 1352; x_wconf 87' lang='lat' dir='ltr'>Item,</span> <span class='ocrx_word' id='word_1_61' title='bbox 1057 1287 1141 1360; x_wconf 90' lang='lat' dir='ltr'>quod</span> <span class='ocrx_word' id='word_1_62' title='bbox 1165 1287 1225 1362; x_wconf 91' lang='lat' dir='ltr'>ipsi</span> <span class='ocrx_word' id='word_1_63' title='bbox 1249 1287 1365 1346; x_wconf 90' lang='lat' dir='ltr'>domini</span> <span class='ocrx_word' id='word_1_64' title='bbox 1392 1287 1430 1346; x_wconf 94' lang='lat' dir='ltr'>de</span> <span class='ocrx_word' id='word_1_65' title='bbox 1448 1287 1531 1346; x_wconf 86' lang='lat' dir='ltr'>dicto</span> 
     </span>
     <span class='ocr_line' id='line_1_8' title="bbox 268 1387 1532 1466; baseline 0.006 -24"><span class='ocrx_word' id='word_1_66' title='bbox 268 1387 405 1460; x_wconf 89' lang='lat' dir='ltr'>capitulo</span> <span class='ocrx_word' id='word_1_67' title='bbox 427 1395 480 1446; x_wconf 89' lang='lat' dir='ltr'>ant</span> <span class='ocrx_word' id='word_1_68' title='bbox 503 1389 706 1448; x_wconf 82' lang='lat' dir='ltr'>decimatores</span> <span class='ocrx_word' id='word_1_69' title='bbox 729 1405 837 1448; x_wconf 91' lang='lat' dir='ltr'>eorum</span> <span class='ocrx_word' id='word_1_70' title='bbox 861 1397 1003 1466; x_wconf 89' lang='lat' dir='ltr'>tempore</span> <span class='ocrx_word' id='word_1_71' title='bbox 1027 1393 1177 1452; x_wconf 90' lang='lat' dir='ltr'>vindemii</span> <span class='ocrx_word' id='word_1_72' title='bbox 1198 1395 1230 1452; x_wconf 88' lang='lat' dir='ltr'>in</span> <span class='ocrx_word' id='word_1_73' title='bbox 1254 1393 1382 1453; x_wconf 85' lang='lat' dir='ltr'>konchis</span> <span class='ocrx_word' id='word_1_74' title='bbox 1397 1401 1428 1451; x_wconf 91' lang='lat' dir='ltr'>et</span> <span class='ocrx_word' id='word_1_75' title='bbox 1455 1394 1532 1452; x_wconf 88' lang='lat' dir='ltr'>locis</span> 
     </span>
     <span class='ocr_line' id='line_1_9' title="bbox 268 1491 1531 1572; baseline 0.006 -23"><span class='ocrx_word' id='word_1_76' title='bbox 268 1491 299 1549; x_wconf 89' lang='lat' dir='ltr'>in</span> <span class='ocrx_word' id='word_1_77' title='bbox 322 1493 479 1552; x_wconf 90' lang='lat' dir='ltr'>territorio</span> <span class='ocrx_word' id='word_1_78' title='bbox 510 1496 608 1569; x_wconf 90' lang='lat' dir='ltr'>ipsius</span> <span class='ocrx_word' id='word_1_79' title='bbox 639 1497 773 1554; x_wconf 86' lang='lat' dir='ltr'>civitatis</span> <span class='ocrx_word' id='word_1_80' title='bbox 795 1504 899 1555; x_wconf 90' lang='lat' dir='ltr'>nostre</span> <span class='ocrx_word' id='word_1_81' title='bbox 923 1497 1059 1556; x_wconf 89' lang='lat' dir='ltr'>decimas</span> <span class='ocrx_word' id='word_1_82' title='bbox 1082 1499 1148 1556; x_wconf 88' lang='lat' dir='ltr'>vini</span> <span class='ocrx_word' id='word_1_83' title='bbox 1170 1515 1223 1557; x_wconf 88' lang='lat' dir='ltr'>seu</span> <span class='ocrx_word' id='word_1_84' title='bbox 1247 1501 1340 1557; x_wconf 89' lang='lat' dir='ltr'>musti</span> <span class='ocrx_word' id='word_1_85' title='bbox 1365 1500 1531 1572; x_wconf 81' lang='lat' dir='ltr'>exigentes,</span> 
     </span>
     <span class='ocr_line' id='line_1_10' title="bbox 268 1595 1532 1678; baseline 0.007 -24"><span class='ocrx_word' id='word_1_86' title='bbox 268 1595 344 1655; x_wconf 92' lang='lat' dir='ltr'>dum</span> <span class='ocrx_word' id='word_1_87' title='bbox 359 1605 389 1656; x_wconf 92' lang='lat' dir='ltr'>et</span> <span class='ocrx_word' id='word_1_88' title='bbox 405 1600 606 1674; x_wconf 82' lang='lat' dir='ltr'>quoadusque</span> <span class='ocrx_word' id='word_1_89' title='bbox 628 1604 660 1660; x_wconf 91' lang='lat' dir='ltr'>in</span> <span class='ocrx_word' id='word_1_90' title='bbox 682 1602 759 1677; x_wconf 89' lang='lat' dir='ltr'>ipsis</span> <span class='ocrx_word' id='word_1_91' title='bbox 782 1601 909 1661; x_wconf 89' lang='lat' dir='ltr'>decimis</span> <span class='ocrx_word' id='word_1_92' title='bbox 932 1611 962 1660; x_wconf 91' lang='lat' dir='ltr'>et</span> <span class='ocrx_word' id='word_1_93' title='bbox 984 1603 1112 1663; x_wconf 87' lang='lat' dir='ltr'>konchis</span> <span class='ocrx_word' id='word_1_94' title='bbox 1138 1606 1169 1662; x_wconf 91' lang='lat' dir='ltr'>in</span> <span class='ocrx_word' id='word_1_95' title='bbox 1192 1605 1350 1678; x_wconf 84' lang='lat' dir='ltr'>exigendis</span> <span class='ocrx_word' id='word_1_96' title='bbox 1375 1606 1454 1664; x_wconf 85' lang='lat' dir='ltr'>vinis</span> <span class='ocrx_word' id='word_1_97' title='bbox 1478 1621 1532 1663; x_wconf 91' lang='lat' dir='ltr'>seu</span> 
     </span>
     <span class='ocr_line' id='line_1_11' title="bbox 269 1704 1532 1779; baseline 0.006 -19"><span class='ocrx_word' id='word_1_98' title='bbox 269 1704 378 1762; x_wconf 88' lang='lat' dir='ltr'>mustis</span> <span class='ocrx_word' id='word_1_99' title='bbox 402 1708 677 1779; x_wconf 87' lang='lat' dir='ltr'>perseveraverint,</span> <span class='ocrx_word' id='word_1_100' title='bbox 693 1713 757 1764; x_wconf 92' lang='lat' dir='ltr'>tam</span> <span class='ocrx_word' id='word_1_101' title='bbox 780 1723 836 1766; x_wconf 93' lang='lat' dir='ltr'>nos</span> <span class='ocrx_word' id='word_1_102' title='bbox 851 1708 997 1767; x_wconf 86' lang='lat' dir='ltr'>videlicet</span> <span class='ocrx_word' id='word_1_103' title='bbox 1020 1709 1103 1767; x_wconf 87' lang='lat' dir='ltr'>eires</span> <span class='ocrx_word' id='word_1_104' title='bbox 1126 1723 1162 1767; x_wconf 89' lang='lat' dir='ltr'>ac</span> <span class='ocrx_word' id='word_1_105' title='bbox 1186 1711 1285 1768; x_wconf 92' lang='lat' dir='ltr'>eciam</span> <span class='ocrx_word' id='word_1_106' title='bbox 1309 1710 1532 1769; x_wconf 84' lang='lat' dir='ltr'>inhabitatores</span> 
     </span>
     <span class='ocr_line' id='line_1_12' title="bbox 268 1809 1530 1887; baseline 0.006 -21"><span class='ocrx_word' id='word_1_107' title='bbox 268 1816 299 1866; x_wconf 92' lang='lat' dir='ltr'>et</span> <span class='ocrx_word' id='word_1_108' title='bbox 327 1809 445 1869; x_wconf 90' lang='lat' dir='ltr'>incolas</span> <span class='ocrx_word' id='word_1_109' title='bbox 477 1812 557 1870; x_wconf 93' lang='lat' dir='ltr'>dicte</span> <span class='ocrx_word' id='word_1_110' title='bbox 588 1813 721 1872; x_wconf 87' lang='lat' dir='ltr'>civitatis</span> <span class='ocrx_word' id='word_1_111' title='bbox 752 1820 898 1887; x_wconf 88' lang='lat' dir='ltr'>pretextu</span> <span class='ocrx_word' id='word_1_112' title='bbox 932 1812 1095 1872; x_wconf 87' lang='lat' dir='ltr'>dumtaxat</span> <span class='ocrx_word' id='word_1_113' title='bbox 1125 1814 1304 1873; x_wconf 89' lang='lat' dir='ltr'>debitorum</span> <span class='ocrx_word' id='word_1_114' title='bbox 1327 1816 1391 1874; x_wconf 86' lang='lat' dir='ltr'>vini</span> <span class='ocrx_word' id='word_1_115' title='bbox 1415 1823 1445 1874; x_wconf 93' lang='lat' dir='ltr'>et</span> <span class='ocrx_word' id='word_1_116' title='bbox 1468 1831 1530 1874; x_wconf 91' lang='lat' dir='ltr'>non</span> 
     </span>
     <span class='ocr_line' id='line_1_13' title="bbox 268 1916 1533 1991; baseline 0.005 -18"><span class='ocrx_word' id='word_1_117' title='bbox 268 1916 401 1974; x_wconf 89' lang='lat' dir='ltr'>aliarum</span> <span class='ocrx_word' id='word_1_118' title='bbox 430 1933 544 1990; x_wconf 90' lang='lat' dir='ltr'>rerum,</span> <span class='ocrx_word' id='word_1_119' title='bbox 577 1933 671 1991; x_wconf 90' lang='lat' dir='ltr'>quam</span> <span class='ocrx_word' id='word_1_120' title='bbox 693 1919 791 1976; x_wconf 89' lang='lat' dir='ltr'>eciam</span> <span class='ocrx_word' id='word_1_121' title='bbox 824 1920 966 1978; x_wconf 90' lang='lat' dir='ltr'>homines</span> <span class='ocrx_word' id='word_1_122' title='bbox 989 1919 1126 1978; x_wconf 82' lang='lat' dir='ltr'>forenses</span> <span class='ocrx_word' id='word_1_123' title='bbox 1149 1937 1202 1978; x_wconf 90' lang='lat' dir='ltr'>seu</span> <span class='ocrx_word' id='word_1_124' title='bbox 1225 1926 1388 1980; x_wconf 88' lang='lat' dir='ltr'>extraneos</span> <span class='ocrx_word' id='word_1_125' title='bbox 1410 1923 1533 1980; x_wconf 86' lang='lat' dir='ltr'>racione</span> 
     </span>
     <span class='ocr_line' id='line_1_14' title="bbox 269 2023 1532 2102; baseline 0.004 -23"><span class='ocrx_word' id='word_1_126' title='bbox 269 2037 540 2097; x_wconf 86' lang='lat' dir='ltr'>quorumcumque</span> <span class='ocrx_word' id='word_1_127' title='bbox 582 2025 760 2082; x_wconf 89' lang='lat' dir='ltr'>debitorum</span> <span class='ocrx_word' id='word_1_128' title='bbox 795 2032 952 2096; x_wconf 89' lang='lat' dir='ltr'>arestare,</span> <span class='ocrx_word' id='word_1_129' title='bbox 985 2023 1144 2100; x_wconf 87' lang='lat' dir='ltr'>judicare,</span> <span class='ocrx_word' id='word_1_130' title='bbox 1179 2026 1383 2102; x_wconf 90' lang='lat' dir='ltr'>ipsorumque</span> <span class='ocrx_word' id='word_1_131' title='bbox 1417 2025 1532 2102; x_wconf 84' lang='lat' dir='ltr'>judicio</span> 
     </span>
     <span class='ocr_line' id='line_1_15' title="bbox 268 2129 1532 2204; baseline 0.003 -19"><span class='ocrx_word' id='word_1_132' title='bbox 268 2129 465 2188; x_wconf 82' lang='lat' dir='ltr'>astarifacere</span> <span class='ocrx_word' id='word_1_133' title='bbox 496 2139 642 2204; x_wconf 84' lang='lat' dir='ltr'>poterunt</span> <span class='ocrx_word' id='word_1_134' title='bbox 665 2139 694 2188; x_wconf 93' lang='lat' dir='ltr'>et</span> <span class='ocrx_word' id='word_1_135' title='bbox 719 2132 876 2189; x_wconf 90' lang='lat' dir='ltr'>valebunt.</span> <span class='ocrx_word' id='word_1_136' title='bbox 902 2131 1069 2190; x_wconf 87' lang='lat' dir='ltr'>Universas</span> <span class='ocrx_word' id='word_1_137' title='bbox 1093 2146 1218 2204; x_wconf 91' lang='lat' dir='ltr'>quoque</span> <span class='ocrx_word' id='word_1_138' title='bbox 1242 2131 1361 2190; x_wconf 87' lang='lat' dir='ltr'>litteras</span> <span class='ocrx_word' id='word_1_139' title='bbox 1384 2133 1532 2204; x_wconf 88' lang='lat' dir='ltr'>causales,</span> 
     </span>
     <span class='ocr_line' id='line_1_16' title="bbox 267 2235 1533 2310; baseline 0.002 -18"><span class='ocrx_word' id='word_1_140' title='bbox 267 2235 485 2308; x_wconf 83' lang='lat' dir='ltr'>inquisitorias,</span> <span class='ocrx_word' id='word_1_141' title='bbox 508 2237 749 2310; x_wconf 84' lang='lat' dir='ltr'>protestatorias‚</span> <span class='ocrx_word' id='word_1_142' title='bbox 772 2236 980 2304; x_wconf 84' lang='lat' dir='ltr'>inhibiturias,</span> <span class='ocrx_word' id='word_1_143' title='bbox 1003 2237 1205 2308; x_wconf 88' lang='lat' dir='ltr'>evocatorias,</span> <span class='ocrx_word' id='word_1_144' title='bbox 1230 2237 1454 2308; x_wconf 88' lang='lat' dir='ltr'>insinuatorias,</span> <span class='ocrx_word' id='word_1_145' title='bbox 1477 2238 1533 2294; x_wconf 92' lang='lat' dir='ltr'>ob·</span> 
     </span>
     <span class='ocr_line' id='line_1_17' title="bbox 268 2340 1533 2416; baseline 0.002 -18"><span class='ocrx_word' id='word_1_146' title='bbox 268 2341 435 2413; x_wconf 84' lang='lat' dir='ltr'>ligatorias,</span> <span class='ocrx_word' id='word_1_147' title='bbox 466 2343 709 2414; x_wconf 88' lang='lat' dir='ltr'>ammonitorias,</span> <span class='ocrx_word' id='word_1_148' title='bbox 732 2340 901 2416; x_wconf 89' lang='lat' dir='ltr'>judiciales,</span> <span class='ocrx_word' id='word_1_149' title='bbox 925 2343 1161 2400; x_wconf 87' lang='lat' dir='ltr'>obmissionales</span> <span class='ocrx_word' id='word_1_150' title='bbox 1184 2349 1215 2400; x_wconf 93' lang='lat' dir='ltr'>et</span> <span class='ocrx_word' id='word_1_151' title='bbox 1237 2343 1480 2402; x_wconf 89' lang='lat' dir='ltr'>sentencionales</span> <span class='ocrx_word' id='word_1_152' title='bbox 1503 2351 1533 2400; x_wconf 90' lang='lat' dir='ltr'>et</span> 
     </span>
     <span class='ocr_line' id='line_1_18' title="bbox 267 2447 1534 2523; baseline 0.002 -19"><span class='ocrx_word' id='word_1_153' title='bbox 267 2447 345 2504; x_wconf 87' lang='lat' dir='ltr'>alias</span> <span class='ocrx_word' id='word_1_154' title='bbox 368 2448 523 2520; x_wconf 86' lang='lat' dir='ltr'>quaslibet</span> <span class='ocrx_word' id='word_1_155' title='bbox 550 2462 608 2521; x_wconf 92' lang='lat' dir='ltr'>pro</span> <span class='ocrx_word' id='word_1_156' title='bbox 624 2455 713 2521; x_wconf 89' lang='lat' dir='ltr'>parte</span> <span class='ocrx_word' id='word_1_157' title='bbox 728 2455 833 2506; x_wconf 87' lang='lat' dir='ltr'>nostra</span> <span class='ocrx_word' id='word_1_158' title='bbox 849 2453 955 2506; x_wconf 88' lang='lat' dir='ltr'>contra</span> <span class='ocrx_word' id='word_1_159' title='bbox 978 2449 1062 2522; x_wconf 91' lang='lat' dir='ltr'>ipsos</span> <span class='ocrx_word' id='word_1_160' title='bbox 1079 2448 1221 2506; x_wconf 91' lang='lat' dir='ltr'>dominos</span> <span class='ocrx_word' id='word_1_161' title='bbox 1237 2447 1275 2506; x_wconf 89' lang='lat' dir='ltr'>de</span> <span class='ocrx_word' id='word_1_162' title='bbox 1299 2448 1380 2508; x_wconf 92' lang='lat' dir='ltr'>dicto</span> <span class='ocrx_word' id='word_1_163' title='bbox 1397 2449 1534 2523; x_wconf 88' lang='lat' dir='ltr'>capitulo</span> 
     </span>
     <span class='ocr_line' id='line_1_19' title="bbox 267 2552 1533 2628; baseline 0.001 -19"><span class='ocrx_word' id='word_1_164' title='bbox 267 2553 460 2625; x_wconf 83' lang='lat' dir='ltr'>zagrabiensi</span> <span class='ocrx_word' id='word_1_165' title='bbox 493 2554 552 2610; x_wconf 91' lang='lat' dir='ltr'>sub</span> <span class='ocrx_word' id='word_1_166' title='bbox 584 2569 781 2628; x_wconf 91' lang='lat' dir='ltr'>quacumque</span> <span class='ocrx_word' id='word_1_167' title='bbox 811 2552 912 2610; x_wconf 85' lang='lat' dir='ltr'>forma</span> <span class='ocrx_word' id='word_1_168' title='bbox 944 2555 1114 2612; x_wconf 89' lang='lat' dir='ltr'>verborum</span> <span class='ocrx_word' id='word_1_169' title='bbox 1146 2553 1300 2611; x_wconf 86' lang='lat' dir='ltr'>coniectas</span> <span class='ocrx_word' id='word_1_170' title='bbox 1324 2560 1354 2612; x_wconf 90' lang='lat' dir='ltr'>et</span> <span class='ocrx_word' id='word_1_171' title='bbox 1376 2559 1533 2612; x_wconf 90' lang='lat' dir='ltr'>emanatas</span> 
     </span>
     <span class='ocr_line' id='line_1_20' title="bbox 268 2659 1533 2734; baseline 0.002 -18"><span class='ocrx_word' id='word_1_172' title='bbox 268 2675 321 2716; x_wconf 90' lang='lat' dir='ltr'>seu</span> <span class='ocrx_word' id='word_1_173' title='bbox 345 2659 454 2718; x_wconf 86' lang='lat' dir='ltr'>confici</span> <span class='ocrx_word' id='word_1_174' title='bbox 478 2668 508 2717; x_wconf 90' lang='lat' dir='ltr'>et</span> <span class='ocrx_word' id='word_1_175' title='bbox 532 2660 669 2717; x_wconf 91' lang='lat' dir='ltr'>emanari</span> <span class='ocrx_word' id='word_1_176' title='bbox 693 2667 883 2734; x_wconf 88' lang='lat' dir='ltr'>procuratas,</span> <span class='ocrx_word' id='word_1_177' title='bbox 907 2659 1051 2732; x_wconf 88' lang='lat' dir='ltr'>demptis,</span> <span class='ocrx_word' id='word_1_178' title='bbox 1073 2660 1119 2730; x_wconf 81' lang='lat' dir='ltr'>sic</span> <span class='ocrx_word' id='word_1_179' title='bbox 1142 2665 1175 2717; x_wconf 88' lang='lat' dir='ltr'>ut</span> <span class='ocrx_word' id='word_1_180' title='bbox 1200 2660 1398 2732; x_wconf 87' lang='lat' dir='ltr'>premittitur,</span> <span class='ocrx_word' id='word_1_181' title='bbox 1422 2659 1533 2718; x_wconf 84' lang='lat' dir='ltr'>litteris</span> 
     </span>
     <span class='ocr_line' id='line_1_21' title="bbox 267 2765 1531 2841; baseline 0 -18"><span class='ocrx_word' id='word_1_182' title='bbox 267 2767 381 2824; x_wconf 88' lang='lat' dir='ltr'>nostris</span> <span class='ocrx_word' id='word_1_183' title='bbox 404 2765 520 2824; x_wconf 85' lang='lat' dir='ltr'>iactum</span> <span class='ocrx_word' id='word_1_184' title='bbox 542 2765 658 2841; x_wconf 87' lang='lat' dir='ltr'>jurium</span> <span class='ocrx_word' id='word_1_185' title='bbox 673 2773 853 2824; x_wconf 91' lang='lat' dir='ltr'>nostrorum</span> <span class='ocrx_word' id='word_1_186' title='bbox 869 2765 1182 2839; x_wconf 89' lang='lat' dir='ltr'>possessionariorum</span> <span class='ocrx_word' id='word_1_187' title='bbox 1206 2766 1410 2838; x_wconf 85' lang='lat' dir='ltr'>tangentibus,</span> <span class='ocrx_word' id='word_1_188' title='bbox 1427 2780 1531 2836; x_wconf 87' lang='lat' dir='ltr'>vanas,</span> 
     </span>
     <span class='ocr_line' id='line_1_22' title="bbox 268 2871 1535 2945; baseline 0.002 -17"><span class='ocrx_word' id='word_1_189' title='bbox 268 2871 407 2944; x_wconf 86' lang='lat' dir='ltr'>frivolas,</span> <span class='ocrx_word' id='word_1_190' title='bbox 431 2880 578 2944; x_wconf 87' lang='lat' dir='ltr'>mortuas,</span> <span class='ocrx_word' id='word_1_191' title='bbox 602 2887 704 2930; x_wconf 91' lang='lat' dir='ltr'>cassas</span> <span class='ocrx_word' id='word_1_192' title='bbox 725 2878 756 2929; x_wconf 89' lang='lat' dir='ltr'>et</span> <span class='ocrx_word' id='word_1_193' title='bbox 779 2873 914 2942; x_wconf 89' lang='lat' dir='ltr'>innanes,</span> <span class='ocrx_word' id='word_1_194' title='bbox 940 2871 1123 2944; x_wconf 90' lang='lat' dir='ltr'>viribusque</span> <span class='ocrx_word' id='word_1_195' title='bbox 1144 2871 1293 2930; x_wconf 87' lang='lat' dir='ltr'>carituras</span> <span class='ocrx_word' id='word_1_196' title='bbox 1316 2873 1439 2945; x_wconf 90' lang='lat' dir='ltr'>penitus</span> <span class='ocrx_word' id='word_1_197' title='bbox 1461 2873 1535 2930; x_wconf 92' lang='lat' dir='ltr'>reli·</span> 
     </span>
     <span class='ocr_line' id='line_1_23' title="bbox 268 2977 1534 3054; baseline 0 -18"><span class='ocrx_word' id='word_1_198' title='bbox 268 2979 402 3052; x_wconf 90' lang='lat' dir='ltr'>quimus,</span> <span class='ocrx_word' id='word_1_199' title='bbox 433 2979 635 3053; x_wconf 89' lang='lat' dir='ltr'>ipsarumque</span> <span class='ocrx_word' id='word_1_200' title='bbox 665 2979 833 3037; x_wconf 89' lang='lat' dir='ltr'>exhibitori</span> <span class='ocrx_word' id='word_1_201' title='bbox 865 2979 945 3036; x_wconf 88' lang='lat' dir='ltr'>intra</span> <span class='ocrx_word' id='word_1_202' title='bbox 976 2985 1006 3035; x_wconf 89' lang='lat' dir='ltr'>et</span> <span class='ocrx_word' id='word_1_203' title='bbox 1029 2983 1116 3035; x_wconf 88' lang='lat' dir='ltr'>extra</span> <span class='ocrx_word' id='word_1_204' title='bbox 1138 2977 1289 3054; x_wconf 87' lang='lat' dir='ltr'>judicium</span> <span class='ocrx_word' id='word_1_205' title='bbox 1312 2978 1429 3051; x_wconf 90' lang='lat' dir='ltr'>ubique</span> <span class='ocrx_word' id='word_1_206' title='bbox 1451 2978 1534 3036; x_wconf 92' lang='lat' dir='ltr'>noci-</span> 
     </span>
     <span class='ocr_line' id='line_1_24' title="bbox 268 3082 1533 3158; baseline -0.001 -16"><span class='ocrx_word' id='word_1_207' title='bbox 268 3091 353 3142; x_wconf 89' lang='lat' dir='ltr'>turas</span> <span class='ocrx_word' id='word_1_208' title='bbox 376 3085 597 3142; x_wconf 88' lang='lat' dir='ltr'>commisimus.</span> <span class='ocrx_word' id='word_1_209' title='bbox 628 3082 729 3156; x_wconf 90' lang='lat' dir='ltr'>Super</span> <span class='ocrx_word' id='word_1_210' title='bbox 753 3084 868 3156; x_wconf 90' lang='lat' dir='ltr'>quibus</span> <span class='ocrx_word' id='word_1_211' title='bbox 899 3084 1047 3141; x_wconf 89' lang='lat' dir='ltr'>omnihus</span> <span class='ocrx_word' id='word_1_212' title='bbox 1077 3083 1248 3158; x_wconf 80' lang='lat' dir='ltr'>premissis,</span> <span class='ocrx_word' id='word_1_213' title='bbox 1272 3085 1414 3157; x_wconf 87' lang='lat' dir='ltr'>superius</span> <span class='ocrx_word' id='word_1_214' title='bbox 1436 3085 1533 3155; x_wconf 90' lang='lat' dir='ltr'>speci·</span> 
     </span>
     <span class='ocr_line' id='line_1_25' title="bbox 267 3187 1534 3260; baseline -0.001 -13"><span class='ocrx_word' id='word_1_215' title='bbox 267 3189 367 3247; x_wconf 85' lang='lat' dir='ltr'>ficatis</span> <span class='ocrx_word' id='word_1_216' title='bbox 390 3195 419 3249; x_wconf 92' lang='lat' dir='ltr'>et</span> <span class='ocrx_word' id='word_1_217' title='bbox 443 3189 616 3260; x_wconf 86' lang='lat' dir='ltr'>declaratis,</span> <span class='ocrx_word' id='word_1_218' title='bbox 647 3205 702 3247; x_wconf 91' lang='lat' dir='ltr'>nos</span> <span class='ocrx_word' id='word_1_219' title='bbox 734 3189 941 3248; x_wconf 89' lang='lat' dir='ltr'>communitas</span> <span class='ocrx_word' id='word_1_220' title='bbox 972 3189 1056 3247; x_wconf 93' lang='lat' dir='ltr'>dicte</span> <span class='ocrx_word' id='word_1_221' title='bbox 1079 3189 1212 3247; x_wconf 86' lang='lat' dir='ltr'>civitatis</span> <span class='ocrx_word' id='word_1_222' title='bbox 1235 3190 1349 3247; x_wconf 92' lang='lat' dir='ltr'>montis</span> <span class='ocrx_word' id='word_1_223' title='bbox 1372 3187 1534 3248; x_wconf 85' lang='lat' dir='ltr'>Grecensis</span> 
     </span>
     <span class='ocr_line' id='line_1_26' title="bbox 268 3294 1534 3370; baseline 0 -18"><span class='ocrx_word' id='word_1_224' title='bbox 268 3310 303 3352; x_wconf 89' lang='lat' dir='ltr'>ac</span> <span class='ocrx_word' id='word_1_225' title='bbox 333 3295 394 3368; x_wconf 83' lang='lat' dir='ltr'>ipsi</span> <span class='ocrx_word' id='word_1_226' title='bbox 424 3295 544 3354; x_wconf 90' lang='lat' dir='ltr'>domini</span> <span class='ocrx_word' id='word_1_227' title='bbox 575 3296 613 3354; x_wconf 92' lang='lat' dir='ltr'>de</span> <span class='ocrx_word' id='word_1_228' title='bbox 643 3295 726 3354; x_wconf 88' lang='lat' dir='ltr'>dicto</span> <span class='ocrx_word' id='word_1_229' title='bbox 757 3296 895 3370; x_wconf 90' lang='lat' dir='ltr'>capitulo</span> <span class='ocrx_word' id='word_1_230' title='bbox 925 3294 1119 3368; x_wconf 84' lang='lat' dir='ltr'>zagrabiensi</span> <span class='ocrx_word' id='word_1_231' title='bbox 1151 3296 1310 3368; x_wconf 90' lang='lat' dir='ltr'>premissis</span> <span class='ocrx_word' id='word_1_232' title='bbox 1342 3295 1479 3353; x_wconf 91' lang='lat' dir='ltr'>motibus</span> <span class='ocrx_word' id='word_1_233' title='bbox 1504 3300 1534 3352; x_wconf 89' lang='lat' dir='ltr'>et</span> 
     </span>
     <span class='ocr_line' id='line_1_27' title="bbox 268 3400 1532 3475; baseline 0 -17"><span class='ocrx_word' id='word_1_234' title='bbox 268 3401 468 3475; x_wconf 90' lang='lat' dir='ltr'>respectibus,</span> <span class='ocrx_word' id='word_1_235' title='bbox 500 3402 727 3475; x_wconf 90' lang='lat' dir='ltr'>unionibusque</span> <span class='ocrx_word' id='word_1_236' title='bbox 757 3401 840 3460; x_wconf 88' lang='lat' dir='ltr'>initis</span> <span class='ocrx_word' id='word_1_237' title='bbox 870 3407 901 3460; x_wconf 88' lang='lat' dir='ltr'>et</span> <span class='ocrx_word' id='word_1_238' title='bbox 933 3400 1028 3471; x_wconf 85' lang='lat' dir='ltr'>factis,</span> <span class='ocrx_word' id='word_1_239' title='bbox 1061 3401 1239 3458; x_wconf 91' lang='lat' dir='ltr'>alternatim</span> <span class='ocrx_word' id='word_1_240' title='bbox 1262 3405 1293 3458; x_wconf 91' lang='lat' dir='ltr'>et</span> <span class='ocrx_word' id='word_1_241' title='bbox 1312 3407 1420 3458; x_wconf 90' lang='lat' dir='ltr'>mutua</span> <span class='ocrx_word' id='word_1_242' title='bbox 1442 3401 1532 3460; x_wconf 87' lang='lat' dir='ltr'>vicis·</span> 
     </span>
     <span class='ocr_line' id='line_1_28' title="bbox 267 3507 1535 3580; baseline 0 -16"><span class='ocrx_word' id='word_1_243' title='bbox 267 3507 401 3565; x_wconf 90' lang='lat' dir='ltr'>situdine</span> <span class='ocrx_word' id='word_1_244' title='bbox 423 3507 616 3567; x_wconf 90' lang='lat' dir='ltr'>reddidimus</span> <span class='ocrx_word' id='word_1_245' title='bbox 645 3515 674 3565; x_wconf 89' lang='lat' dir='ltr'>et</span> <span class='ocrx_word' id='word_1_246' title='bbox 696 3507 912 3566; x_wconf 91' lang='lat' dir='ltr'>commisimus</span> <span class='ocrx_word' id='word_1_247' title='bbox 935 3507 1003 3565; x_wconf 85' lang='lat' dir='ltr'>fore</span> <span class='ocrx_word' id='word_1_248' title='bbox 1026 3507 1188 3580; x_wconf 89' lang='lat' dir='ltr'>expeditos</span> <span class='ocrx_word' id='word_1_249' title='bbox 1211 3507 1329 3580; x_wconf 87' lang='lat' dir='ltr'>pariter</span> <span class='ocrx_word' id='word_1_250' title='bbox 1352 3513 1383 3564; x_wconf 88' lang='lat' dir='ltr'>et</span> <span class='ocrx_word' id='word_1_251' title='bbox 1405 3507 1535 3579; x_wconf 88' lang='lat' dir='ltr'>quietos,</span> 
     </span>
     <span class='ocr_line' id='line_1_29' title="bbox 268 3611 1534 3687; baseline -0.002 -16"><span class='ocrx_word' id='word_1_252' title='bbox 268 3613 337 3671; x_wconf 88' lang='lat' dir='ltr'>aliis</span> <span class='ocrx_word' id='word_1_253' title='bbox 360 3614 643 3687; x_wconf 91' lang='lat' dir='ltr'>composicionibus</span> <span class='ocrx_word' id='word_1_254' title='bbox 666 3622 696 3671; x_wconf 89' lang='lat' dir='ltr'>et</span> <span class='ocrx_word' id='word_1_255' title='bbox 720 3612 893 3672; x_wconf 90' lang='lat' dir='ltr'>concordiis</span> <span class='ocrx_word' id='word_1_256' title='bbox 916 3614 1028 3670; x_wconf 90' lang='lat' dir='ltr'>nostris</span> <span class='ocrx_word' id='word_1_257' title='bbox 1052 3614 1139 3686; x_wconf 90' lang='lat' dir='ltr'>prius</span> <span class='ocrx_word' id='word_1_258' title='bbox 1162 3627 1233 3670; x_wconf 92' lang='lat' dir='ltr'>cum</span> <span class='ocrx_word' id='word_1_259' title='bbox 1258 3611 1375 3670; x_wconf 91' lang='lat' dir='ltr'>eisdem</span> <span class='ocrx_word' id='word_1_260' title='bbox 1399 3611 1534 3670; x_wconf 90' lang='lat' dir='ltr'>dominis</span> 
     </span>
     <span class='ocr_line' id='line_1_30' title="bbox 268 3719 1534 3795; baseline -0.002 -17"><span class='ocrx_word' id='word_1_261' title='bbox 268 3720 307 3778; x_wconf 91' lang='lat' dir='ltr'>de</span> <span class='ocrx_word' id='word_1_262' title='bbox 337 3719 419 3778; x_wconf 91' lang='lat' dir='ltr'>dicto</span> <span class='ocrx_word' id='word_1_263' title='bbox 450 3721 588 3795; x_wconf 89' lang='lat' dir='ltr'>capitulo</span> <span class='ocrx_word' id='word_1_264' title='bbox 616 3721 810 3794; x_wconf 85' lang='lat' dir='ltr'>zagrabiensi</span> <span class='ocrx_word' id='word_1_265' title='bbox 843 3719 931 3778; x_wconf 89' lang='lat' dir='ltr'>factis</span> <span class='ocrx_word' id='word_1_266' title='bbox 962 3727 992 3778; x_wconf 89' lang='lat' dir='ltr'>et</span> <span class='ocrx_word' id='word_1_267' title='bbox 1024 3721 1138 3779; x_wconf 83' lang='lat' dir='ltr'>habitis</span> <span class='ocrx_word' id='word_1_268' title='bbox 1169 3721 1200 3778; x_wconf 95' lang='lat' dir='ltr'>in</span> <span class='ocrx_word' id='word_1_269' title='bbox 1233 3735 1340 3778; x_wconf 89' lang='lat' dir='ltr'>earum</span> <span class='ocrx_word' id='word_1_270' title='bbox 1373 3719 1534 3791; x_wconf 83' lang='lat' dir='ltr'>rigoribus</span> 
     </span>
     <span class='ocr_line' id='line_1_31' title="bbox 267 3823 1533 3900; baseline -0.001 -17"><span class='ocrx_word' id='word_1_271' title='bbox 267 3842 391 3900; x_wconf 91' lang='lat' dir='ltr'>semper</span> <span class='ocrx_word' id='word_1_272' title='bbox 421 3827 517 3885; x_wconf 88' lang='lat' dir='ltr'>salvis</span> <span class='ocrx_word' id='word_1_273' title='bbox 547 3827 788 3886; x_wconf 88' lang='lat' dir='ltr'>remanentibus.</span> <span class='ocrx_word' id='word_1_274' title='bbox 820 3827 855 3884; x_wconf 92' lang='lat' dir='ltr'>In</span> <span class='ocrx_word' id='word_1_275' title='bbox 889 3842 1024 3899; x_wconf 92' lang='lat' dir='ltr'>quorum</span> <span class='ocrx_word' id='word_1_276' title='bbox 1048 3827 1188 3884; x_wconf 85' lang='lat' dir='ltr'>omnium</span> <span class='ocrx_word' id='word_1_277' title='bbox 1211 3826 1426 3898; x_wconf 84' lang='lat' dir='ltr'>roboratque</span> <span class='ocrx_word' id='word_1_278' title='bbox 1449 3823 1533 3882; x_wconf 88' lang='lat' dir='ltr'>testi·</span> 
     </span>
     <span class='ocr_line' id='line_1_32' title="bbox 269 3930 1534 4006; baseline 0 -18"><span class='ocrx_word' id='word_1_279' title='bbox 269 3932 408 3990; x_wconf 92' lang='lat' dir='ltr'>monium</span> <span class='ocrx_word' id='word_1_280' title='bbox 429 3934 661 4005; x_wconf 88' lang='lat' dir='ltr'>premissorum,</span> <span class='ocrx_word' id='word_1_281' title='bbox 680 3931 925 4005; x_wconf 90' lang='lat' dir='ltr'>firmitatemque</span> <span class='ocrx_word' id='word_1_282' title='bbox 942 3938 1135 4006; x_wconf 87' lang='lat' dir='ltr'>perpetuam,</span> <span class='ocrx_word' id='word_1_283' title='bbox 1159 3937 1316 4005; x_wconf 88' lang='lat' dir='ltr'>presentes</span> <span class='ocrx_word' id='word_1_284' title='bbox 1339 3930 1458 3989; x_wconf 91' lang='lat' dir='ltr'>litteras</span> <span class='ocrx_word' id='word_1_285' title='bbox 1480 3945 1534 3988; x_wconf 94' lang='lat' dir='ltr'>no·</span> 
     </span>
     <span class='ocr_line' id='line_1_33' title="bbox 268 4036 1536 4112; baseline 0 -18"><span class='ocrx_word' id='word_1_286' title='bbox 268 4045 347 4095; x_wconf 88' lang='lat' dir='ltr'>stras</span> <span class='ocrx_word' id='word_1_287' title='bbox 381 4038 594 4112; x_wconf 86' lang='lat' dir='ltr'>privilegiales</span> <span class='ocrx_word' id='word_1_288' title='bbox 617 4046 723 4096; x_wconf 91' lang='lat' dir='ltr'>nostro</span> <span class='ocrx_word' id='word_1_289' title='bbox 745 4039 904 4095; x_wconf 88' lang='lat' dir='ltr'>communi</span> <span class='ocrx_word' id='word_1_290' title='bbox 928 4038 1033 4111; x_wconf 85' lang='lat' dir='ltr'>sigillo</span> <span class='ocrx_word' id='word_1_291' title='bbox 1056 4037 1248 4112; x_wconf 90' lang='lat' dir='ltr'>impendenti</span> <span class='ocrx_word' id='word_1_292' title='bbox 1270 4037 1462 4109; x_wconf 84' lang='lat' dir='ltr'>consignatas</span> <span class='ocrx_word' id='word_1_293' title='bbox 1478 4036 1536 4094; x_wconf 94' lang='lat' dir='ltr'>eis·</span> 
     </span>
     <span class='ocr_line' id='line_1_34' title="bbox 269 4141 1534 4217; baseline 0.002 -18"><span class='ocrx_word' id='word_1_294' title='bbox 269 4142 340 4200; x_wconf 91' lang='lat' dir='ltr'>dem</span> <span class='ocrx_word' id='word_1_295' title='bbox 375 4142 509 4202; x_wconf 86' lang='lat' dir='ltr'>dominis</span> <span class='ocrx_word' id='word_1_296' title='bbox 546 4144 584 4202; x_wconf 91' lang='lat' dir='ltr'>de</span> <span class='ocrx_word' id='word_1_297' title='bbox 619 4143 701 4202; x_wconf 88' lang='lat' dir='ltr'>dicto</span> <span class='ocrx_word' id='word_1_298' title='bbox 737 4143 875 4217; x_wconf 86' lang='lat' dir='ltr'>capitulo</span> <span class='ocrx_word' id='word_1_299' title='bbox 909 4144 1101 4216; x_wconf 88' lang='lat' dir='ltr'>zagrabiensi</span> <span class='ocrx_word' id='word_1_300' title='bbox 1137 4142 1283 4200; x_wconf 90' lang='lat' dir='ltr'>duximus</span> <span class='ocrx_word' id='word_1_301' title='bbox 1317 4141 1534 4201; x_wconf 90' lang='lat' dir='ltr'>concedendas.</span> 
     </span>
     <span class='ocr_line' id='line_1_35' title="bbox 268 4247 1534 4332; baseline 0.001 -27"><span class='ocrx_word' id='word_1_302' title='bbox 268 4249 384 4306; x_wconf 89' lang='lat' dir='ltr'>Datum</span> <span class='ocrx_word' id='word_1_303' title='bbox 408 4247 485 4306; x_wconf 85' lang='lat' dir='ltr'>feria</span> <span class='ocrx_word' id='word_1_304' title='bbox 509 4252 604 4308; x_wconf 91' lang='lat' dir='ltr'>tercia</span> <span class='ocrx_word' id='word_1_305' title='bbox 618 4251 762 4323; x_wconf 89' lang='lat' dir='ltr'>proxima</span> <span class='ocrx_word' id='word_1_306' title='bbox 785 4256 856 4324; x_wconf 93' lang='lat' dir='ltr'>post</span> <span class='ocrx_word' id='word_1_307' title='bbox 873 4248 986 4307; x_wconf 84' lang='lat' dir='ltr'>festum</span> <span class='ocrx_word' id='word_1_308' title='bbox 1005 4249 1088 4307; x_wconf 91' lang='lat' dir='ltr'>beati</span> <span class='ocrx_word' id='word_1_309' title='bbox 1102 4249 1253 4332; x_wconf 84' lang='lat' dir='ltr'>Jeronimi</span> <span class='ocrx_word' id='word_1_310' title='bbox 1269 4249 1405 4307; x_wconf 92' lang='lat' dir='ltr'>doctoris</span> <span class='ocrx_word' id='word_1_311' title='bbox 1420 4248 1534 4307; x_wconf 92' lang='lat' dir='ltr'>eximii.</span> 
     </span>
     <span class='ocr_line' id='line_1_36' title="bbox 270 4354 1350 4430; baseline 0.002 -19"><span class='ocrx_word' id='word_1_312' title='bbox 270 4355 360 4412; x_wconf 89' lang='lat' dir='ltr'>Anno</span> <span class='ocrx_word' id='word_1_313' title='bbox 384 4354 502 4413; x_wconf 91' lang='lat' dir='ltr'>domini</span> <span class='ocrx_word' id='word_1_314' title='bbox 526 4357 695 4415; x_wconf 90' lang='lat' dir='ltr'>millesimo</span> <span class='ocrx_word' id='word_1_315' title='bbox 719 4355 1025 4430; x_wconf 87' lang='lat' dir='ltr'>quadringentesimo</span> <span class='ocrx_word' id='word_1_316' title='bbox 1048 4356 1240 4428; x_wconf 82' lang='lat' dir='ltr'>sexagesimo</span> <span class='ocrx_word' id='word_1_317' title='bbox 1260 4369 1350 4413; x_wconf 80' lang='lat' dir='ltr'>nonu.</span> 
     </span>
    </p>
   </div>
   <div class='ocr_carea' id='block_1_2' title="bbox 269 4577 1536 4732">
    <p class='ocr_par' dir='ltr' id='par_1_2' title="bbox 269 4577 1536 4732">
     <span class='ocr_line' id='line_1_37' title="bbox 375 4577 1536 4643; baseline 0 -17"><span class='ocrx_word' id='word_1_318' title='bbox 375 4577 509 4642; x_wconf 79' lang='lat' dir='ltr'>Originale</span> <span class='ocrx_word' id='word_1_319' title='bbox 528 4579 555 4627; x_wconf 91' lang='lat' dir='ltr'>in</span> <span class='ocrx_word' id='word_1_320' title='bbox 574 4579 729 4630; x_wconf 80' lang='lat' dir='ltr'>membrana</span> <span class='ocrx_word' id='word_1_321' title='bbox 759 4580 829 4628; x_wconf 88' lang='lat' dir='ltr'>Zona</span> <span class='ocrx_word' id='word_1_322' title='bbox 853 4579 950 4628; x_wconf 77' lang='lat' dir='ltr'>sericea</span> <span class='ocrx_word' id='word_1_323' title='bbox 967 4579 1044 4628; x_wconf 83' lang='lat' dir='ltr'>rubra</span> <span class='ocrx_word' id='word_1_324' title='bbox 1063 4585 1088 4628; x_wconf 86' lang='lat' dir='ltr'>et</span> <span class='ocrx_word' id='word_1_325' title='bbox 1105 4577 1221 4628; x_wconf 79' lang='lat' dir='ltr'>violacea</span> <span class='ocrx_word' id='word_1_326' title='bbox 1238 4578 1367 4643; x_wconf 83' lang='lat' dir='ltr'>appendet</span> <span class='ocrx_word' id='word_1_327' title='bbox 1386 4577 1484 4642; x_wconf 87' lang='lat' dir='ltr'>absque</span> <span class='ocrx_word' id='word_1_328' title='bbox 1503 4577 1536 4627; x_wconf 87' lang='lat' dir='ltr'>si-</span> 
     </span>
     <span class='ocr_line' id='line_1_38' title="bbox 269 4666 1183 4732; baseline 0.004 -17"><span class='ocrx_word' id='word_1_329' title='bbox 269 4666 342 4732; x_wconf 83' lang='lat' dir='ltr'>gillo.</span> <span class='ocrx_word' id='word_1_330' title='bbox 363 4667 396 4716; x_wconf 92' lang='lat' dir='ltr'>In</span> <span class='ocrx_word' id='word_1_331' title='bbox 414 4667 510 4720; x_wconf 82' lang='lat' dir='ltr'>archiv.</span> <span class='ocrx_word' id='word_1_332' title='bbox 529 4667 681 4732; x_wconf 78' lang='lat' dir='ltr'>archiepisc.</span> <span class='ocrx_word' id='word_1_333' title='bbox 700 4667 801 4732; x_wconf 80' lang='lat' dir='ltr'>zagrab.</span> <span class='ocrx_word' id='word_1_334' title='bbox 820 4667 961 4717; x_wconf 89' lang='lat' dir='ltr'>Politicum</span> <span class='ocrx_word' id='word_1_335' title='bbox 978 4668 1040 4720; x_wconf 81' lang='lat' dir='ltr'>fasc.</span> <span class='ocrx_word' id='word_1_336' title='bbox 1058 4669 1081 4720; x_wconf 90' lang='lat'>1.</span> <span class='ocrx_word' id='word_1_337' title='bbox 1101 4684 1139 4719; x_wconf 84' lang='lat' dir='ltr'>nr.</span> <span class='ocrx_word' id='word_1_338' title='bbox 1160 4679 1183 4730; x_wconf 83' lang='lat'>3.</span> 
     </span>
    </p>
   </div>
   <div class='ocr_carea' id='block_1_3' title="bbox 0 0 1920 5822">
    <p class='ocr_par' dir='ltr' id='par_1_3' title="bbox 0 0 1920 5822">
     <span class='ocr_line' id='line_1_39' title="bbox 0 0 1920 5822; baseline 0 0"><span class='ocrx_word' id='word_1_339' title='bbox 0 0 1920 5822; x_wconf 95' lang='lat' dir='ltr'> </span> 
     </span>
    </p>
   </div>
  </div>
 </body>
</html>
