3932 5806
374 491 435 567 284
629 453 634 462 ¹
777 488 850 545 Dec.
874 499 941 562 225.
968 522 1017 564 -,
1032 488 1089 547 An.
1114 484 1207 566 1462.

369 711 474 767 nostre
495 710 661 781 propterea
684 695 826 782 porrecte
849 705 1011 776 maiestati,
1035 709 1102 762 turn
1124 706 1223 762 eciam
1243 719 1301 778 pro
1318 703 1542 764 reformacione
1557 707 1635 764 eius·

371 811 442 870 dem
466 813 601 885 claustri,
633 812 717 887 quod
739 813 772 872 in
796 811 934 869 maxima
956 812 1004 868 sui
1026 815 1115 884 parte
1139 811 1382 884 quamplurimis
1403 811 1533 870 edificiis
1556 817 1634 884 eget,

369 917 487 976 vadum
509 919 541 977 in
563 919 689 977 flumine
711 918 806 990 Zawy
828 917 932 988 situm,
948 915 1033 990 quod
1056 917 1228 990 vulgariter
1251 915 1368 974 vadum
1390 918 1472 991 regis
1496 924 1634 981 vocatur.

369 1001 473 1099 prope¹
492 1025 649 1084 civitatem
671 1029 811 1084 nostram
834 1023 948 1081 montis
972 1010 1132 1081 Grecensis
1155 1023 1250 1080 simul
1274 1038 1344 1080 cum
1360 1024 1478 1082 cunctis
1493 1023 1632 1081 eiusdem

369 1131 444 1190 vadi
467 1131 661 1204 utilitatibus,
684 1130 897 1205 proventibus,
921 1129 1166 1188 obvencionibus
1187 1134 1217 1187 et
1246 1129 1444 1203 pertinenciis
1475 1144 1534 1204 pro
1565 1144 1634 1204 pre·

371 1235 434 1294 fato
464 1237 600 1296 claustro
631 1238 715 1296 beati
744 1235 866 1295 Nicolai
896 1235 1088 1307 confessoris,
1121 1241 1403 1310 consequenterque
1433 1235 1516 1294 dicto
1546 1234 1635 1293 fratri

370 1343 535 1401 Eustochio
558 1344 666 1418 priori,
680 1325 799 1402 necnon
822 1343 975 1401 universis
997 1342 1067 1400 aliis
1090 1341 1239 1400 fratribus
1262 1342 1294 1401 in
1316 1341 1427 1400 eodem
1443 1341 1634 1416 degentibus,

370 1447 461 1506 adie
491 1449 556 1520 illo,
589 1465 650 1522 quo
677 1450 738 1523 ipsi
772 1431 883 1508 fratres
913 1448 1087 1507 dominium
1116 1448 1191 1507 dicti
1213 1449 1286 1506 vadi
1312 1447 1530 1523 adipiscentur,
1554 1445 1635 1506 inira

370 1554 510 1628 spacium
542 1555 678 1630 quinque
707 1555 901 1629 integrorum
931 1569 1083 1614 annorum
1113 1560 1185 1629 post
1215 1571 1281 1614 sese
1303 1555 1483 1614 immediate
1504 1569 1634 1626 sequen-

370 1660 453 1718 cium
476 1661 823 1735 computando,·vigore
845 1662 979 1720 aliarum
1001 1662 1177 1720 litterarum
1192 1665 1370 1721 nostrarum
1385 1659 1635 1719 donacionalium

370 1765 484 1824 exinde
503 1766 720 1840 confectarum,
746 1767 923 1826 dederimus
955 1773 985 1826 et
1018 1767 1250 1841 contulerimus,
1285 1767 1479 1840 velimusque
1509 1763 1635 1824 eosdem
1709 1839 1715 1848 .

370 1870 482 1930 fratres
512 1873 544 1932 in
575 1873 748 1932 dominium
778 1874 853 1932 dicti
876 1873 948 1932 vadi
971 1891 1028 1950 per
1048 1864 1191 1932 nostrum
1214 1879 1244 1932 et
1266 1879 1406 1932 vestmm
1427 1872 1569 1930 homines
1591 1871 1635 1928 le·
1705 1935 1711 1942 ⁸

370 1977 491 2050 gittime
514 1967 614 2038 iacere
632 1981 794 2040 introduci.
811 1979 884 2038 ldeo
899 1979 1043 2039 fidelitati
1058 1988 1161 2039 vestre
1176 1979 1308 2038 firmiter
1323 1978 1523 2054 precipiendo
1548 1992 1635 2036 man·

371 2082 490 2156 damus,
515 2091 665 2158 quatenus
688 2091 828 2145 vestrum
847 2087 977 2145 mittatis
992 2087 1151 2146 hominem
1167 2101 1225 2160 pro
1241 2086 1417 2144 testimonio
1433 2083 1634 2158 fidedignum,

371 2203 433 2262 quo
456 2199 597 2264 presente
620 2169 782 2250 Ladislaus
805 2192 843 2250 de
867 2193 1002 2265 ByzeriO,
1025 2193 1077 2250 vel
1099 2193 1254 2275 Johannes
1277 2191 1315 2250 de
1338 2190 1464 2265 Gepevr,
1487 2196 1541 2249 aut
1571 2189 1635 2247 Ma-

312 2291 327 2297 ”
372 2295 452 2353 thias
481 2302 512 2354 et
534 2295 716 2372 Stephanus,
739 2297 976 2380 Ladomerychy
1007 2297 1089 2369 dicti,
1124 2313 1177 2356 seu
1200 2297 1375 2378 Stephanus
1398 2296 1558 2370 Thevvrek,
1581 2312 1635 2355 seu

370 2401 533 2460 Ladislaus
553 2409 586 2462 et
607 2403 768 2462 Baithesar
790 2381 836 2461 de
851 2404 1094 2474 Thwrkalowcz‚
1121 2405 1191 2464 aliis
1206 2403 1395 2476 absentibus,
1411 2404 1506 2461 homo
1522 2407 1634 2473 noster,

370 2507 410 2565 ad
432 2507 526 2567 facies
549 2509 680 2584 predicti
703 2509 775 2568 vadi
798 2511 907 2568 vicinis
930 2517 960 2570 et
983 2511 1203 2569 commetaneis
1227 2509 1366 2568 eiusdem
1388 2509 1542 2567 universis
1558 2507 1635 2566 inibi

370 2613 523 2687 legittime
545 2617 721 2700 convocatis
744 2625 774 2674 et
797 2617 992 2691 presentibus
1021 2615 1206 2688 accedendo,
1236 2615 1412 2674 intmducat
1443 2613 1633 2672 memoratos

371 2718 539 2782 fratresin
569 2722 742 2781 dominium
776 2722 923 2794 eiusdem,
957 2727 1132 2796 statuatque
1166 2722 1250 2781 idem
1280 2721 1397 2781 eisdem
1431 2721 1526 2780 simul
1563 2736 1634 2778 cum

371 2826 488 2885 cunctis
521 2827 619 2902 ipsius
652 2829 839 2888 utilitatibus
868 2835 899 2887 et
929 2829 1124 2904 pertinenciis
1158 2829 1359 2903 quibuslibet,
1382 2828 1535 2904 premisso
1566 2825 1634 2903 jure

371 2932 447 3006 ipsis
477 2933 683 3007 incumbente,
707 2934 945 3009 possidendum,
976 2935 1001 2993 si
1031 2949 1093 2994 non
1123 2935 1216 2994 suerit
1239 2935 1470 2994 contradictum.
1507 2933 1635 2992 Contra-

371 3038 504 3098 dictores
525 3053 610 3112 vero,
626 3041 653 3097 si
673 3041 727 3114 qui
749 3040 871 3112 fuerint,
887 3047 993 3099 evocet
1017 3032 1142 3100 eosdem
1165 3046 1271 3099 contra
1290 3046 1451 3100 annotatos
1468 3039 1579 3100 fratres
1603 3040 1635 3098 in

371 3145 563 3220 presenciam
586 3145 739 3204 banorum
763 3147 816 3204 vel
838 3147 1061 3207 vicebanorum
1092 3149 1179 3221 regni
1202 3149 1300 3206 nostri
1322 3147 1486 3207 Sclauonie
1510 3146 1550 3206 ad
1573 3153 1634 3206 ter·

370 3251 491 3310 minum
514 3257 740 3326 competentem
764 3254 920 3312 racionem
944 3253 982 3312 de
1006 3233 1166 3328 premissis
1188 3255 1371 3336 reddituros.
1407 3255 1445 3312 Et
1468 3259 1635 3328 postquam

370 3357 550 3432 huiusmodi
570 3357 810 3418 introduccionis
833 3367 862 3417 et
885 3361 1063 3418 statucionis
1085 3361 1198 3419 seriem
1221 3377 1292 3419 cum
1317 3359 1579 3419 contradictorum
1603 3366 1634 3418 et

370 3469 578 3537 evocatorum,
602 3464 629 3522 si
652 3465 704 3538 qui
727 3465 848 3538 suerint
871 3467 1107 3540 vicinorumque
1130 3474 1160 3525 et
1183 3473 1475 3538 commetaneorum,
1491 3467 1545 3540 qui
1562 3481 1634 3540 pre·

370 3571 464 3630 misse
493 3570 655 3630 statucioni
685 3571 854 3630 intererunt
883 3573 1077 3645 nominibus,
1108 3574 1302 3647 terminoque
1327 3575 1490 3646 assignato,
1514 3571 1632 3630 eisdem

340 3675 460 3734 ”banis
489 3676 542 3734 vel
571 3676 729 3759 vicebanis
761 3679 848 3752 regni
878 3679 977 3736 nostri
1007 3678 1170 3738 Sclauonie
1192 3677 1306 3754 prefati
1328 3693 1389 3748 suo
1407 3678 1501 3753 modo
1524 3678 1635 3736 rescri-
1691 3707 1696 3716 ·

341 3782 459 3846 ,batis
491 3781 606 3840 Datum
637 3781 722 3840 Bude
753 3783 802 3844 die
831 3784 986 3844 dominico
1019 3785 1164 3859 proximo
1195 3790 1267 3860 post
1297 3785 1410 3844 festum
1439 3784 1633 3843 Ascensionis

371 3887 498 3946 domini.
515 3886 760 3960 Anno-eiusdem
777 3891 946 3949 millesimo
963 3891 1267 3972 quadringentesimo
1283 3891 1475 3966 sexagesimo
1492 3889 1634 3949 secundo.

477 4055 486 4122 (
493 4057 521 4106 A
540 4055 637 4121 tergo).
672 4053 833 4113 Fidelibus
863 4053 977 4110 nostris
1010 4052 1147 4126 capitulo
1178 4053 1305 4110 ecclesie
1335 4031 1556 4126 zagrabiensis'
1577 4065 1635 4127 pro

370 4162 524 4236 religiosis
547 4161 695 4220 fratribus
719 4159 836 4218 ordinis
860 4157 1094 4216 Predicatorum
1116 4157 1148 4216 in
1171 4158 1307 4216 claustro
1329 4159 1412 4217 beati
1427 4157 1549 4217 Nicolai
1564 4173 1635 4216 con·

372 4268 495 4327 sessoris
519 4267 669 4341 Zagrabie
693 4266 831 4336 fundato,
855 4264 1048 4337 degentibus,
1071 4263 1297 4324 introductoria
1319 4271 1350 4322 et
1371 4267 1542 4325 statutoria.

477 4511 611 4576 Originale
637 4513 665 4562 iu
693 4511 787 4562 charta.
817 4511 850 4559 In
868 4510 982 4574 margine
1000 4507 1117 4558 inferiori
1133 4507 1286 4571 impressum
1304 4515 1343 4556 est
1360 4505 1473 4571 sigillum
1492 4507 1583 4559 maius.
1602 4508 1634 4555 In

371 4601 486 4652 archivio
506 4601 552 4653 lib.
571 4617 624 4666 reg.
642 4601 691 4651 civ.
710 4599 809 4664 zagrab.
