3948 5804
425 556 486 618 114
854 543 928 600 Doc.
952 536 1001 618 87.
1027 574 1067 584 —
1090 541 1148 602 An.
1173 553 1262 621 1435.

421 755 513 812 nibus
536 759 566 813 et
581 755 823 817 limitacionibus
846 762 999 816 certarum
1023 763 1179 817 metarum
1194 759 1226 817 in
1242 757 1351 818 eodem
1370 759 1537 836 privilegio
1559 777 1684 836 expres·

420 861 504 934 satis,
527 877 585 936 per
606 865 738 924 eundem
761 865 892 924 condam
916 863 1079 923 dominum
1103 864 1210 924 Belam
1234 881 1349 940 regem,
1378 880 1438 941 pro
1467 867 1544 942 ipsis
1573 865 1683 945 judice,

391 1033 393 1036 ,
420 967 550 1042 civibus,
573 969 683 1030 incolis
706 976 735 1031 et
758 972 933 1046 hospitibus
957 976 1093 1046 pretacte
1116 973 1250 1031 civitatis
1280 977 1384 1031 nostre
1405 973 1464 1031 rite
1494 973 1583 1033 factis
1612 988 1684 1032 con·

420 1071 536 1132 fectum
558 1075 591 1134 in
612 1092 645 1133 se
675 1075 889 1136 confirmative
921 1077 1069 1136 habentes
1100 1080 1214 1137 tenoris
1244 1078 1442 1154 infrascripti,
1472 1081 1683 1160 supplicantes

419 1182 557 1240 annotati
576 1181 720 1264 Jacobus,
743 1182 827 1241 filius
848 1183 996 1266 Johannis
1020 1183 1115 1258 Bolye
1138 1191 1168 1242 et
1190 1185 1295 1258 Eryce,
1318 1186 1411 1244 iurati
1433 1186 1518 1244 cives
1540 1185 1680 1261 predicte

419 1295 523 1344 nostre
546 1288 688 1360 civitatis,
709 1290 772 1347 suis
795 1305 831 1347 ac
853 1289 996 1360 aliorum,
1021 1305 1155 1363 quorum
1177 1306 1272 1364 supra
1295 1291 1473 1350 nominibus
1496 1296 1526 1350 et
1557 1293 1589 1350 in
1611 1307 1682 1366 per·
1765 1309 1769 1318 ·

419 1395 502 1452 sonis
524 1401 630 1454 nostro
653 1397 783 1455 culmini
805 1413 896 1471 prece
919 1397 1098 1470 subiectiva‚
1122 1403 1156 1456 ut
1172 1398 1297 1456 easdem
1312 1399 1431 1456 litteras
1450 1403 1570 1457 nostras
1586 1399 1683 1474 privi-

418 1499 548 1572 legiales
570 1507 662 1574 ratas,
681 1509 784 1575 gratas
801 1508 830 1561 et
846 1509 987 1577 acceptas
1003 1502 1146 1562 habendo
1166 1504 1279 1562 nostris
1295 1503 1407 1562 litteris
1421 1505 1565 1562 similiter
1587 1504 1684 1579 privi-

419 1603 585 1678 legialibus
608 1609 667 1666 sub
688 1610 823 1682 presenti
845 1624 927 1667 novo
947 1609 1089 1684 dupplici
1104 1610 1256 1668 autentico
1272 1609 1379 1683 sigillo
1391 1614 1507 1682 nostro,
1523 1625 1586 1683 quo
1601 1627 1682 1668 nunc

419 1715 453 1768 ut
476 1728 531 1770 rex
554 1713 713 1788 Hungarie
743 1716 868 1786 utimur,
892 1715 1078 1788 emanandis‚
1109 1716 1297 1774 verbotenus
1326 1717 1419 1774 inseri
1449 1715 1595 1774 facientes
1624 1731 1682 1790 pro

419 1816 535 1876 eisdem
557 1815 668 1894 judice,
691 1821 820 1893 civibus,
845 1821 954 1879 incolis
985 1828 1015 1879 et
1044 1822 1219 1896 hospitibus
1243 1822 1376 1880 civitatis
1408 1828 1513 1880 nostre
1544 1821 1683 1897 predicte

417 1924 619 1998 ipsorumque
642 1926 808 1984 heredibus
830 1932 861 1985 et
882 1929 1015 2002 posteris
1037 1929 1188 1986 universis
1210 1927 1401 1986 innovandas
1424 1934 1574 2004 perpetue
1604 1929 1682 1988 vali·

417 2035 503 2087 turas
526 2031 711 2090 confirmare
744 2033 951 2106 dignaremur.
981 2033 1250 2107 Quarumquidem
1284 2035 1461 2092 litterarum
1503 2039 1681 2093 nostrarum

418 2139 506 2193 tenor
528 2137 600 2195 talis
624 2143 684 2198 est:
709 2132 782 2218 (vid.
799 2140 873 2198 Doc.
895 2155 941 2198 ro.
957 2155 1004 2198 an.
1022 2139 1114 2216 1406.
1134 2155 1182 2198 ιο.
1199 2133 1353 2218 januarii).
1377 2139 1440 2198 Nos
1463 2141 1559 2213 igitur
1580 2141 1682 2198 humi·

415 2241 501 2300 limis
524 2249 553 2301 et
576 2243 696 2302 devotis
718 2245 1003 2320 supplicacionibus
1026 2251 1239 2320 pretactorum
1270 2245 1380 2329 Jacobi
1410 2253 1440 2304 et
1470 2246 1567 2318 Frycz
1601 2246 1681 2304 iura·

416 2355 521 2406 torum
552 2350 677 2423 civium,
706 2367 763 2426 per
797 2365 849 2410 eos
882 2352 946 2409 suis
969 2367 1005 2408 ac
1038 2351 1181 2425 aliorum,
1214 2367 1349 2426 quorum
1371 2367 1475 2428 supra,
1505 2353 1682 2411 nominibus

417 2461 521 2514 nostre
544 2457 654 2514 exinde
688 2460 840 2533 porrectis
870 2458 1022 2517 maiestati
1050 2458 1208 2533 imperiali
1237 2464 1330 2532 atque
1360 2459 1459 2532 regali
1493 2459 1682 2532 benignitate

415 2560 567 2620 exauditis
589 2563 758 2622 clementer
780 2568 811 2622 et
832 2563 983 2634 admissis,
1007 2567 1160 2638 pretactas
1182 2565 1301 2623 litteras
1323 2571 1444 2624 nostras
1470 2565 1682 2638 privilegiales

416 2682 476 2725 non
500 2667 636 2740 abrasas,
660 2683 722 2726 non
745 2670 929 2728 cancellatas
952 2686 1008 2727 nec
1031 2671 1062 2730 in
1085 2671 1192 2744 aliqua
1222 2671 1270 2729 sui
1300 2677 1388 2746 parte
1426 2671 1554 2729 viciatas
1583 2671 1681 2728 immo

415 2767 501 2832 m'ere
523 2781 553 2834 et
575 2777 691 2834 sincere
714 2777 852 2834 veritatis
866 2777 1039 2849 integritate
1061 2777 1281 2850 prepollentes,
1304 2775 1498 2849 presentibus
1521 2775 1560 2834 de
1583 2777 1681 2834 verbo

415 2880 610 2939 adverbum
634 2883 771 2954 insertas,
797 2882 900 2955 quoad
924 2897 1031 2940 omnes
1060 2883 1199 2956 ipsarum
1230 2882 1443 2956 continencias,
1474 2881 1628 2940 clausulas
1651 2887 1681 2940 et

414 2987 562 3046 articulos
584 2995 789 3062 acceptamus,
812 2989 1026 3063 approbamus
1049 2998 1078 3046 et
1101 2988 1300 3060 ratificamus,
1324 3002 1437 3061 easque
1459 2987 1680 3047 nichilominus

414 3092 613 3152 consideratis
635 3093 840 3153 fidelitatibus
869 3099 899 3153 et
921 3094 1064 3154 fidelium
1085 3097 1290 3154 serviciorum
1312 3096 1431 3154 meritis
1459 3099 1678 3152 annotatorum

414 3197 532 3270 iudicis,
556 3201 678 3273 civium,
702 3202 876 3260 incolarum
899 3209 929 3261 et
950 3204 1110 3278 hospitum
1133 3207 1269 3276 pretacte
1292 3202 1426 3260 civitatis
1444 3217 1501 3274 per
1516 3215 1568 3258 eos
1584 3202 1680 3258 maie·

415 3297 488 3362 stati
511 3311 615 3364 nostre
649 3307 735 3365 iuxta
766 3308 908 3382 ipsorum
939 3309 1155 3382 possibilitatis
1185 3309 1376 3382 exigenciam
1407 3307 1553 3366 exhibitis
1584 3306 1680 3364 simul

414 3426 486 3468 curn
509 3411 770 3472 ratificacionibus
793 3419 824 3472 et
846 3414 1138 3473 confirmacionibus
1161 3415 1324 3489 prelibatis
1339 3428 1458 3472 necnon
1480 3413 1679 3471 libertatibus

413 3523 444 3574 et
459 3519 665 3591 prerogativis
680 3533 716 3576 ac
731 3519 901 3578 collacione
917 3520 1055 3595 predicte
1076 3525 1157 3578 terre
1174 3535 1272 3594 prope
1289 3525 1427 3578 montem
1444 3518 1546 3578 Grech
1561 3533 1679 3577 necnon

413 3623 656 3683 limitacionibus
678 3631 708 3684 et
731 3625 986 3686 distinccionibus
1009 3633 1164 3685 metarum
1180 3625 1310 3700 aliisque
1334 3626 1479 3684 omnibus
1502 3631 1533 3683 et
1547 3625 1677 3699 singulis

414 3731 557 3804 superius
588 3731 619 3788 in
653 3731 812 3792 tenoribus
843 3733 1053 3808 predictarum
1084 3732 1259 3792 litterarum
1293 3731 1457 3807 limpidius
1492 3731 1677 3807 specificatis

414 3841 445 3893 et
466 3837 615 3896 contentis
638 3853 725 3896 mera
759 3841 941 3898 auctoritate
975 3846 1006 3898 et
1040 3839 1201 3915 potestatis
1234 3837 1427 3913 plenitudine
1460 3843 1491 3897 et
1524 3855 1562 3896 ex
1596 3842 1678 3896 certa

412 3942 543 4000 sciencia
566 3948 670 4001 nostre
693 3944 862 4002 maiestatis
885 3960 944 4019 pro
967 3945 1043 4019 ipsis
1066 3945 1176 4014 iudice,
1206 3944 1336 4017 civibus,
1368 3945 1478 4003 incolis
1511 3949 1543 4003 et
1572 3944 1678 4018 hospi·

412 4047 496 4106 tibus
520 4054 656 4123 pretacte
679 4055 783 4108 nostre
806 4051 939 4110 civitatis
962 4052 1077 4110 montis
1099 4050 1262 4110 Grecensis
1278 4048 1316 4107 de
1332 4049 1485 4124 Zagrabia
1507 4065 1544 4108 ac
1566 4064 1675 4108 eorum

413 4155 548 4226 posteris
582 4155 735 4214 universis
765 4157 947 4214 innovantes
980 4165 1132 4232 perpetuo
1167 4157 1318 4215 valituras
1352 4156 1574 4215 confirmamus
1608 4171 1677 4230 pre-

412 4260 506 4318 sentis
538 4261 646 4334 scripti
679 4262 777 4320 nostri
812 4262 984 4336 patrocinio
1014 4262 1177 4334 mediante,
1210 4261 1307 4320 salvis
1339 4260 1460 4338 juribus
1493 4262 1612 4322 alienis.
1643 4261 1677 4320 ln

402 4359 501 4424 ¹cuius
525 4367 569 4424 rei
594 4367 779 4426 memoriam
802 4367 1045 4443 firmitatemque
1068 4373 1251 4444 perpetuam
1282 4375 1440 4443 presentes
1471 4367 1677 4426 concessimus

411 4473 530 4530 litteras
570 4483 691 4532 nostras
724 4475 938 4549 privilegiales
972 4477 1133 4550 pendentis
1166 4475 1312 4533 autentici
1350 4474 1447 4547 sigilli
1478 4474 1575 4532 nostri
1603 4473 1676 4531 novi

401 4573 577 4654 'dupplicis
602 4594 663 4654 quo
687 4595 745 4654 pro
775 4597 857 4639 nunc
884 4583 929 4640 uti
951 4599 1007 4641 rex
1038 4582 1195 4654 Hungarie
1225 4581 1352 4654 utimur,
1386 4581 1555 4639 munimine
1584 4579 1677 4637 robo-

409 4691 500 4744 ratas.
524 4685 641 4744 Datum
664 4703 721 4760 per
752 4703 861 4746 manus
892 4688 1080 4746 venerabilis
1115 4687 1232 4746 domini
1265 4689 1380 4746 Mathie
1414 4687 1455 4746 do
1485 4685 1676 4745 Gathaloucz

408 4792 560 4866 prepositi
583 4793 710 4851 ecclesie
734 4793 1072 4867 quinqueecclesiensis,
1095 4794 1165 4853 aule
1196 4789 1299 4852 nostre
1334 4793 1451 4852 summi
1479 4791 1673 4862 cancellarii,

409 4897 511 4956 fidelis
534 4899 630 4958 nostri
654 4899 767 4959 dilecti.
791 4903 880 4958 Anno
904 4899 1023 4958 domini
1047 4900 1216 4958 millesimo
1246 4899 1551 4973 quadringentesimo
1583 4898 1676 4956 trice-

409 5005 490 5065 simo
513 5007 630 5081 quinto,
653 5021 734 5065 nono
757 5006 827 5064 idus
850 5007 995 5065 octobris.
1023 5005 1203 5080 Regnorum
1224 5013 1402 5064 nostrorum
1418 5020 1499 5064 anno
1518 5005 1676 5078 Hungarie
