3828 5822
790 557 880 630 Dec.
903 552 974 632 285.
1001 588 1040 602 -
1063 556 1120 614 An.
1144 567 1232 634 1473.

387 773 473 832 modi
496 774 538 831 ita
568 789 634 832 esse
663 774 848 846 repereritis,
881 772 1008 846 prefatis
1043 773 1139 858 priori
1174 777 1205 830 et
1227 771 1378 830 fratribus
1403 772 1532 830 domurn
1554 771 1652 829 sancti

386 879 530 938 Nicholai
551 879 723 954 predictam
755 877 924 952 deserendi,
959 879 1119 952 illamque,
1146 864 1278 936 ¹ecclesia
1314 877 1476 936 dumtaxat
1508 883 1650 950 excepta,

385 984 525 1044 funditus
555 985 744 1044 demoliendi
773 989 804 1044 et
834 999 929 1043 unam
960 984 1091 1042 domum
1121 984 1195 1042 dicti
1224 984 1340 1042 ordinis
1364 983 1449 1058 apud
1472 982 1646 1058 predictam

385 1091 541 1164 capellam
563 1107 635 1149 cum
658 1092 802 1162 claustr0,
826 1091 1012 1162 coemiteri0,
1038 1089 1231 1163 dormitoriO,
1254 1088 1426 1162 refectorio,
1450 1089 1557 1161 bortis,
1574 1089 1647 1148 hor·

387 1197 498 1255 taliciis
523 1202 554 1256 et
576 1198 646 1255 aliis
668 1198 836 1255 necessaris
860 1196 1001 1268 officinis,
1025 1196 1143 1269 absque
1166 1197 1296 1254 alicuius
1313 1195 1493 1270 preiudicio‚
1509 1199 1649 1254 constru-

386 1303 468 1371 endi,
493 1319 528 1360 ac
551 1303 637 1361 inibi¹
663 1318 795 1376 corpora
818 1301 1034 1360 defunctorum
1065 1303 1183 1376 absque
1206 1303 1337 1361 alicuius
1360 1302 1484 1362 licentia
1508 1301 1559 1360 vel
1582 1315 1652 1358 con·

386 1424 476 1466 sensu
507 1408 688 1484 sepeliendi,
722 1408 938 1482 prefatamque
972 1409 1127 1482 capellam
1161 1425 1233 1466 cum
1267 1409 1436 1482 campanili
1469 1407 1583 1466 humili
1616 1421 1652 1464 ac

386 1530 537 1588 campana
574 1514 747 1589 ampliandi
778 1521 808 1573 et
838 1514 1028 1574 reformandi
1059 1515 1145 1572 iuxta
1174 1514 1317 1588 ipsorum
1348 1512 1482 1572 fratrum
1512 1513 1590 1572 ritus
1622 1515 1653 1570 et

385 1637 496 1693 mores,
527 1637 564 1679 ac
596 1621 636 1679 ad
668 1622 756 1680 illam
786 1637 860 1680 curn
888 1622 1033 1680 omnibus
1063 1621 1154 1678 bonis
1186 1619 1357 1678 mobilibus
1380 1626 1410 1678 et
1431 1619 1652 1678 immobilibus

385 1727 547 1800 localibus,
578 1726 700 1803 juribus
731 1736 761 1786 et
794 1728 986 1802 pertinentiis
1017 1725 1156 1784 eiusdem
1185 1725 1297 1783 domus
1327 1725 1425 1784 sancti
1448 1724 1593 1783 Nicholai
1616 1740 1649 1782 se

385 1832 589 1892 transferendi
620 1839 650 1890 et
679 1839 831 1908 perpetuo
863 1831 1058 1891 inhabitandi
1092 1832 1220 1906 plenam
1255 1837 1284 1890 et
1318 1832 1453 1890 liberam
1488 1830 1648 1888 licentiam

385 1939 571 1998 authoritate
595 1932 711 2018 (nostra
735 1929 931 2004 conceldatis.
947 1939 984 1996 Et
1000 1938 1220 1996 nichilominus
1236 1936 1320 2010 quod
1346 1936 1521 2011 privilegia,
1533 1936 1646 1994 instru-

385 2051 497 2116 menta,
527 2043 597 2120 jura
628 2050 658 2102 et
681 2044 802 2102 indulta
835 2059 1030 2118 quecumque
1061 2043 1099 2102 de
1122 2042 1243 2117 prefata
1267 2043 1361 2101 domo
1383 2043 1482 2100 sancti
1504 2040 1650 2101 Nicholai

384 2151 573 2208 mentionem
604 2149 897 2224 quomodocumque
927 2149 1077 2222 facientia,
1109 2149 1349 2224 qualiacumque
1381 2149 1441 2207 sint
1474 2149 1507 2208 in
1528 2147 1650 2222 prefata

386 2255 480 2314 domo
513 2255 726 2325 construenda,
758 2271 794 2314 ac
823 2256 911 2314 illius
942 2255 1041 2328 priori
1064 2261 1093 2314 et
1116 2254 1274 2328 fratribus,
1299 2255 1353 2328 qui
1375 2261 1467 2314 erunt
1489 2271 1548 2330 pro
1572 2259 1650 2314 tem·

386 2377 471 2435 pore,
494 2361 601 2420 locum
623 2362 684 2420 sibi
714 2360 885 2433 vendicent,
917 2361 1027 2420 eadem
1057 2361 1243 2420 authoritate
1274 2362 1414 2420 statuatis
1438 2367 1469 2421 et
1491 2361 1648 2426 ordinetis..

385 2467 448 2525 Nos
472 2467 563 2538 enim,
586 2467 613 2525 si
636 2468 873 2538 concessionem,
897 2473 1046 2524 statutum
1071 2472 1101 2525 et
1124 2466 1353 2526 ordinacionem
1377 2467 1557 2526 huiusmodi
1594 2483 1650 2542 per

382 2588 439 2631 vos
462 2573 570 2646 vigore
592 2574 784 2648 presentium
806 2572 876 2632 fieri
898 2573 1063 2645 contingat,
1086 2577 1121 2630 ut
1144 2571 1307 2646 prefertur,
1331 2572 1480 2632 fratribus
1503 2575 1535 2632 in
1566 2573 1648 2634 dicta

382 2679 587 2738 construenda
617 2679 712 2738 domo
735 2694 793 2752 pro
816 2683 958 2752 tempore
981 2679 1156 2750 moraturis,
1180 2678 1265 2752 quod
1295 2680 1442 2738 omnibus
1464 2687 1495 2738 et
1518 2681 1648 2754 singulis

383 2785 566 2859 privilegiis,
582 2784 840 2856 immunitatibus,
864 2785 1123 2858 exemptionibus,
1145 2784 1355 2857 indulgentiis,
1366 2786 1473 2858 gratiis
1496 2791 1526 2844 et
1550 2787 1646 2846 liber·

381 2891 498 2950 tatibus
529 2889 611 2948 dicto
642 2889 744 2948 ordini
774 2896 805 2948 et
827 2889 913 2948 illius
943 2889 1093 2950 fratribus
1124 2906 1181 2964 per
1213 2890 1319 2950 sedem
1341 2892 1547 2966 apostolicam
1570 2908 1648 2968 quo·

381 2995 556 3055 modolibet
572 2997 603 3054 in
619 3011 786 3054 commune
809 2997 961 3055 concessis
976 2997 1023 3054 uti
1038 3002 1069 3054 et
1091 2996 1226 3071 gaudere
1249 2998 1348 3056 libere
1372 3003 1402 3056 et
1424 2997 1507 3056 licite
1523 2999 1649 3058 valeant

381 3103 568 3162 authoritate
591 3102 763 3176 apostolica
788 3108 893 3162 tenore
915 3103 1107 3177 presentium
1130 3103 1337 3177 indulgemus.
1361 3104 1430 3164 Non
1452 3106 1648 3164 obstantibus

379 3213 445 3266 tam
476 3208 575 3268 felicis
604 3209 825 3268 recordationis
856 3209 1005 3268 Bonifacii
1037 3225 1118 3284 pape
1141 3211 1252 3282 octavi,
1276 3209 1503 3284 predecessoris
1534 3211 1646 3284 nostri,

380 3316 578 3388 prohibente:
594 3331 633 3374 ne
649 3315 752 3389 quivis
768 3313 913 3373 ordinum
937 3315 1179 3374 mendicantium
1203 3316 1314 3376 fratres
1336 3317 1369 3376 in
1391 3317 1497 3391 aliqua
1513 3319 1648 3390 civitate,

380 3426 482 3480 castro
513 3422 566 3480 vel
596 3421 675 3480 villa
698 3437 751 3480 seu
781 3421 843 3479 alio
875 3421 945 3479 loco
977 3437 1174 3496 quocumque
1197 3422 1237 3480 ad
1257 3423 1462 3482 habitandum
1485 3423 1596 3482 domos
1617 3431 1649 3482 et

375 3528 450 3586 loca
473 3528 511 3585 de
533 3542 617 3585 novo
640 3527 778 3601 recipere
800 3543 854 3586 seu
877 3527 1024 3586 hactenus
1046 3535 1170 3602 recepta
1193 3535 1313 3587 mutare
1336 3535 1551 3603 presummant
1574 3531 1647 3588 abs·

381 3649 441 3706 que
463 3633 544 3691 sedis
568 3633 706 3692 eiusdem
737 3633 859 3692 licentia
884 3635 1020 3708 speciali,
1046 3634 1175 3694 faciente
1198 3636 1325 3709 plenam
1348 3641 1379 3694 et
1401 3653 1583 3711 expressam
1606 3652 1643 3695 ac

380 3739 419 3798 de
439 3740 659 3814 prohibitione
694 3739 874 3798 huiusmodi
907 3742 1104 3813 mentionem,
1140 3757 1234 3816 quam
1269 3742 1338 3801 aliis
1372 3743 1642 3802 constitutionibus

379 3850 408 3903 et
441 3845 694 3904 ordinacionibus
718 3846 906 3918 apostolicis,
929 3861 1047 3905 necnon
1069 3849 1190 3905 statutis
1213 3853 1244 3906 et
1274 3848 1548 3907 consvetudinibus
1571 3848 1646 3907 dicti

379 3950 505 4018 ordinis,
528 3949 712 4028 jurament0‚
743 3951 982 4010 confirmacione
1005 3954 1177 4026 apostolica
1200 3954 1252 4012 vel
1276 3955 1386 4027 quavis
1408 3953 1555 4012 firmitate
1579 3954 1643 4013 alia

378 4057 542 4126 roboratis,
566 4058 738 4130 ceterisque
761 4058 921 4116 contrariis
945 4059 1209 4133 quibuscumque;
1234 4061 1369 4134 proviso,
1394 4061 1478 4134 quod
1505 4062 1574 4135 ipsa
1590 4076 1644 4118 an·

315 4220 317 4226 s
377 4163 463 4236 tiqua
487 4162 625 4232 ecclesia,
650 4163 789 4236 predicto
820 4179 902 4222 novo
935 4165 1012 4236 loco,
1037 4173 1071 4223 ut
1093 4167 1257 4240 prefertur,
1281 4163 1427 4242 jungatur
1450 4173 1480 4226 et
1503 4166 1543 4225 ad
1567 4181 1639 4241 pro·

379 4269 468 4328 fanos
498 4285 581 4340 usus,
613 4271 712 4329 veluti
744 4271 907 4342 hereditas,
941 4273 1068 4330 minime
1100 4273 1268 4346 redigatur,
1299 4273 1408 4332 sedin
1437 4288 1474 4331 ea
1496 4273 1590 4331 misse
1613 4277 1643 4330 et

377 4375 439 4434 alia
462 4375 567 4434 divina
590 4375 694 4434 officia
710 4377 896 4451 quandoque
909 4379 1111 4437 celebrentur.
1129 4379 1245 4437 Datum
1270 4380 1368 4437 Rome
1391 4377 1475 4453 apud
1501 4385 1643 4436 sanctum

373 4482 508 4541 Petrum.
533 4483 860 4562 Annoincarnacionis
873 4483 1027 4542 dominice
1051 4485 1219 4542 millesimo
1244 4484 1549 4558 quadringentesimo
1572 4500 1643 4559 sep·

376 4587 548 4660 tuagesimo
579 4589 682 4661 terci0,
705 4589 868 4648 undecimo
901 4589 1048 4648 kalendas
1071 4591 1188 4665 aprilis.
1220 4590 1420 4650 pontificatus
1443 4591 1541 4649 nostri
1563 4604 1643 4650 anno

376 4693 519 4754 secundo

481 4883 505 4931 E
525 4888 684 4947 transumpto
704 4897 768 4934 saec.
788 4883 883 4936 XVII.
903 4885 935 4932 In
951 4885 1019 4934 arch.
1039 4887 1133 4950 regnic.
1153 4885 1215 4937 Act.
1233 4887 1287 4950 Jes.
1300 4887 1362 4937 fasc.
1384 4885 1424 4938 18.
1448 4901 1485 4935 nr.
1515 4898 1556 4938 20.
1579 4887 1640 4935 Far·

375 4969 441 5022 la'tti.
461 4971 527 5022 Illir.
547 4971 617 5022 Sacr.
639 4973 669 5022 T.
693 4973 725 5022 V.
745 4986 771 5036 p.
791 4974 850 5034 498.
1408 4967 1411 4973 ¹
