3764 5924
793 575 866 632 Doc.
881 569 957 650 382.
980 607 1024 618 -
1046 575 1102 631 An.
1125 584 1216 652 1495.

958 785 1043 853 382.

477 895 558 944 Anno
580 894 654 958 1496,
675 907 716 945 20.
736 893 828 946 martii.
848 893 996 943 Modmsae.

371 1003 522 1078 lohannes
550 1004 699 1074 Coruinus,
725 999 883 1062 Slaoonioe
910 1010 957 1062 etc.
980 1003 1050 1072 dua,
1066 1002 1206 1060 nobt'libus
1227 999 1400 1076 quidusdam
1428 1017 1524 1058 seuere
1541 1008 1634 1075 prae·

489 1111 564 1184 cipit,
586 1130 622 1168 ne
644 1129 663 1166 a
686 1109 887 1168 mercatoribus
908 1109 1024 1183 aograb.
1047 1109 1186 1167 tributum
1200 1115 1261 1182 pro
1283 1124 1372 1165 merce
1393 1107 1521 1180 exigant.

476 1237 630 1318 Johannes
661 1236 822 1307 Coruinus,
853 1236 1003 1311 Oppauie,
1034 1236 1280 1310 Lypthowieque
1312 1235 1376 1292 dux
1407 1249 1442 1292 ac
1464 1249 1636 1307 regnorum

371 1341 542 1412 Dalmacie‚
565 1342 693 1400 Croacie
709 1349 738 1399 et
761 1341 926 1400 Sclauonie
947 1342 1046 1400 banus
1062 1347 1117 1398 etc.
1141 1339 1281 1414 Egregiis
1303 1339 1436 1422 Johanni
1459 1338 1498 1397 de
1518 1338 1635 1412 Gyvvla

377 1453 408 1506 et
430 1447 586 1522 Stephano
609 1447 756 1519 Bradach
780 1447 935 1506 vicebanis
957 1449 1071 1505 nostris
1092 1447 1231 1506 eiusdem
1252 1447 1341 1520 regni
1363 1444 1534 1514 Sclauonie,
1556 1461 1628 1504 nee·

374 1567 436 1611 non
459 1553 604 1611 ladislao
627 1553 761 1621 Pethew,
785 1553 916 1637 Johanni
939 1553 1101 1623 Horwath,
1124 1561 1297 1611 castrorum
1308 1557 1487 1610 nostrorum
1511 1551 1637 1610 Medwe

372 1666 402 1717 et
436 1659 593 1728 Ralronok,
628 1675 664 1717 ac
694 1659 851 1717 Lodouico
882 1659 921 1716 de
951 1658 1090 1716 Kemend
1123 1658 1161 1716 de
1184 1657 1432 1741 Jazthrebarzka,
1455 1657 1637 1716 castellanis

369 1765 489 1850 nostris,
511 1765 622 1823 futuris
645 1767 744 1824 eciam
767 1766 923 1824 vicebanis
945 1773 975 1822 et
998 1763 1173 1823 castellanis
1196 1765 1325 1850 nostris;
1340 1765 1415 1822 item
1426 1763 1578 1822 universis
1600 1769 1635 1822 et

369 1871 500 1943 singulis
523 1872 658 1929 cuiusvis
681 1878 776 1929 status
800 1877 830 1929 et
852 1871 1039 1929 condicionis
1062 1871 1295 1944 possessionatis
1324 1869 1511 1938 hominibus,
1527 1869 1635 1928 ubivis

370 1993 425 2049 per
462 1977 542 2034 dicta
576 1993 671 2049 regna
710 1977 892 2048 Sclauonie,
928 1977 1088 2035 Dalmacie
1131 1982 1162 2035 et
1195 1975 1323 2034 Croacie
1358 1979 1474 2034 tributa
1516 1977 1633 2034 haben·

369 2083 460 2152 tibus,
496 2083 668 2140 tenentibus
702 2093 731 2141 et
763 2084 966 2156 exigentibus,
990 2091 1147 2156 presentes
1181 2083 1305 2155 visuris,
1339 2084 1483 2142 salutem.
1513 2082 1634 2156 Quam-

369 2187 417 2244 vis
458 2203 514 2246 nos
556 2189 715 2262 prioribus
747 2190 857 2247 litteris
900 2190 1012 2247 nostris
1053 2190 1145 2247 vobis
1178 2187 1248 2264 jura
1281 2205 1318 2246 ac
1358 2191 1523 2264 privilegia
1559 2205 1635 2261 pru·

368 2293 495 2352 dentum
520 2302 549 2352 et
579 2296 873 2370 circumspectorum
907 2294 1026 2371 judicis,
1051 2293 1233 2370 juratorum,
1256 2302 1492 2368 ceterorumque
1513 2288 1634 2354 civium

368 2407 397 2458 et
420 2401 662 2460 inhabitatorum
686 2403 818 2460 civitatis
842 2403 954 2460 montis
989 2401 1159 2473 Grecensis,
1186 2418 1280 2476 super
1302 2402 1500 2460 libertatibus
1521 2415 1634 2460 eorum

368 2513 398 2563 et
432 2510 637 2580 prerogativis
667 2511 699 2566 in
734 2509 814 2567 iacto
849 2511 1058 2582 exempcionis
1081 2511 1272 2568 tributorum
1295 2515 1445 2582 emanata,
1476 2509 1552 2583 ipsis
1574 2523 1634 2582 per

368 2611 458 2671 divos
500 2629 588 2687 reges
623 2629 773 2686 concessa,
815 2623 845 2674 et
887 2615 1010 2674 tandem
1046 2632 1103 2690 per
1138 2617 1258 2690 regiam
1291 2617 1485 2674 maiestatem
1518 2614 1633 2674 confir·

367 2724 459 2788 mata,
482 2735 518 2776 ac
541 2720 667 2778 demum
690 2721 829 2778 eiusdem
851 2723 934 2794 regie
957 2723 1124 2780 maiestatis
1140 2723 1252 2780 litteris
1275 2723 1476 2796 preceptoriis
1492 2721 1631 2780 median·

368 2826 451 2884 tibus
475 2825 607 2884 firmiter
636 2827 797 2886 observari
820 2830 994 2898 commissa,
1014 2827 1205 2887 sufficienter
1228 2829 1500 2902 declaraverimus,
1524 2828 1633 2886 vobis·

368 2947 429 3004 que
451 2932 537 2989 iuxta
561 2931 643 2990 idem
667 2933 849 2991 mandatum
873 2935 957 3006 regie
973 2935 1142 2992 maiestatis
1165 2935 1423 3006 commiserimus,
1446 2942 1481 2992 ut
1503 2933 1631 2992 eosdem

367 3038 408 3094 ab
431 3039 609 3096 huiusmodi
629 3040 787 3097 solucione
818 3041 926 3099 tributi
956 3040 1142 3098 habuissetis
1165 3045 1326 3114 exemptos
1349 3047 1380 3100 et
1411 3047 1630 3115 supportatos;

367 3149 471 3202 tamen
506 3162 588 3204 nunc
619 3148 650 3204 in
683 3148 823 3220 personis
847 3147 999 3206 dictorum
1030 3146 1150 3224 judicis,
1177 3147 1359 3222 juratorum,
1391 3155 1630 3220 ceterorumque

367 3252 483 3310 civium
519 3259 549 3310 et
579 3254 824 3311 inhabitatorum
855 3255 952 3328 ipsius
985 3255 1119 3312 civitatis
1142 3255 1255 3312 montis
1277 3253 1440 3314 Grecensis
1460 3254 1553 3312 nobis
1576 3269 1631 3312 ex·

367 3359 503 3430 positum
527 3360 628 3418 extitit
652 3360 741 3431 gravi
764 3375 835 3418 cum
859 3361 995 3434 querela,
1027 3360 1185 3433 quomodo
1208 3375 1265 3416 vos
1287 3367 1318 3417 et
1340 3362 1507 3434 presertim
1529 3360 1630 3419 offici-

364 3465 428 3522 ales
451 3467 548 3523 nostri
572 3467 744 3539 prescripti,
766 3467 850 3540 ipsos
873 3467 957 3524 cives
978 3466 1017 3524 ad
1040 3468 1230 3525 solucionem
1253 3455 1359 3538 ipsius
1374 3469 1483 3526 tributi
1518 3475 1627 3527 contra

363 3568 432 3646 jura
454 3577 484 3629 et
507 3573 665 3630 libertates
681 3573 831 3645 ipsorum,
854 3588 890 3630 ac
905 3575 936 3630 in
952 3579 1164 3646 contemptum
1182 3561 1400 3631 mandatorum
1421 3575 1504 3646 regie
1527 3574 1625 3632 maie·

365 3678 451 3734 statis
485 3683 515 3735 et
549 3684 725 3736 nostrorum
757 3679 996 3752 compelleretis,
1019 3693 1056 3736 ac
1078 3677 1202 3738 eosdem
1225 3680 1349 3737 racione
1373 3681 1482 3753 previa
1504 3680 1535 3738 in
1556 3693 1626 3753 per-

364 3785 447 3841 sonis
477 3789 507 3841 et
541 3785 633 3844 rebus
664 3801 772 3842 eorum
804 3785 977 3858 plurimum
1010 3785 1224 3855 molestaretiS,
1247 3786 1279 3843 in
1303 3786 1509 3859 preludicium
1531 3785 1628 3843 liber·

365 3892 465 3946 tatum
482 3890 622 3963 ipsorum
646 3891 761 3949 civium
793 3898 823 3948 et
845 3889 1017 3965 dampnum
1040 3890 1133 3949 valde
1155 3906 1312 3964 magnum.
1336 3890 1417 3949 Cum
1441 3899 1544 3950 autem
1566 3907 1624 3950 nos

364 3987 558 4072 ipsosg'cives
581 3996 667 4053 iuxta
690 3996 837 4054 mandata
859 3998 942 4070 regie
974 3997 1142 4055 maiestatis
1166 4003 1196 4055 et
1219 3997 1378 4056 libertates
1401 3998 1583 4056 eorumdem
1608 4015 1627 4058 a

365 4103 578 4174 quorumlibet
611 4103 789 4176 illegittima
816 4105 1013 4176 impeticione
1047 4103 1229 4178 indempnes
1265 4105 1399 4162 velimus
1435 4121 1626 4178 preservare,

361 4208 431 4266 ideo
456 4210 544 4266 vobis
566 4216 596 4267 et
618 4215 759 4268 vestrum
774 4210 897 4268 cuilicet
919 4211 951 4268 in
975 4225 1105 4284 persona
1121 4210 1259 4269 eiusdem
1276 4212 1358 4283 regie
1375 4213 1543 4269 maiestatis
1568 4209 1626 4269 fir·

364 4314 456 4372 miter
485 4303 719 4387 committimus,
754 4319 934 4391 prescriptis
966 4333 1042 4375 vero
1066 4319 1224 4376 vicebanis
1248 4333 1284 4375 ac
1305 4319 1482 4376 castellanis
1505 4325 1535 4378 et
1556 4320 1626 4391 qui·

363 4422 471 4480 busvis
509 4420 697 4481 officialibus
735 4425 848 4482 nostris
886 4423 945 4481 sub
967 4409 1189 4496 indignacionis
1228 4431 1331 4482 nostre
1369 4440 1449 4499 pena
1482 4425 1627 4486 striccius

331 4609 335 4616 ι
364 4527 557 4598 mandamus,
581 4535 733 4602 quatenus
756 4530 870 4587 amodo
894 4529 1039 4603 deinceps
1064 4528 1200 4603 prelatos
1223 4527 1368 4605 judicem,
1383 4529 1519 4606 juratos,
1543 4541 1622 4589 cete·

361 4649 475 4709 rosque
510 4636 593 4694 cives
616 4641 646 4694 et
677 4636 898 4694 inhabitatores
921 4651 957 4694 ac
979 4644 1166 4694 mercatores
1189 4635 1333 4693 iamdicte
1356 4636 1488 4695 civitatis
1511 4621 1626 4695 montis

362 4742 523 4800 Grecensis
554 4742 593 4800 ad
625 4743 816 4801 solucionem
848 4743 1037 4800 tributorum
1066 4753 1241 4799 vestrorum
1265 4757 1301 4798 ac
1324 4743 1422 4799 eciam
1445 4752 1625 4801 nostrorum

362 4848 466 4905 ubivis
489 4849 676 4920 habitorum,
698 4855 804 4907 contra
828 4849 980 4922 premissa
1002 4847 1148 4906 mandata
1164 4847 1248 4919 regie
1271 4847 1439 4905 maiestatis
1455 4849 1624 4921 etantiqua

360 4951 430 5028 jura
449 4954 589 5027 ipsorum
612 4955 802 5029 compellere
825 4969 861 5012 ac
883 4954 1009 5012 eosdem
1032 4956 1154 5011 racione
1169 4953 1407 5012 nonsolucionis
1426 4955 1622 5039 eorumdem,

361 5060 556 5135 inpersoms
571 5075 607 5119 ac
621 5063 715 5120 rebus
737 5061 877 5136 ipsorum
901 5061 1063 5135 impedire,
1085 5076 1121 5118 ac
1144 5060 1255 5134 quovis
1271 5059 1366 5118 modo
1389 5059 1622 5136 dampnificare,
