3804 5858
625 581 699 640 Boc.
715 575 794 658 346.
820 613 854 625 -
883 579 939 638 Aac
963 574 1052 657 1487.
1378 591 1474 692 Aa]

207 799 379 874 Zwyblyen
403 801 433 856 et
455 795 554 854 Nartb
578 802 711 867 vocatas,
742 795 774 855 in
797 795 880 856 dicto
911 786 1059 855 comitatu
1081 795 1273 868 aagrabiensi
1302 794 1474 861 existentes.

208 922 286 980 quas
310 903 455 962 videlicet
477 901 611 960 condam
635 902 780 961 dominus
802 902 1001 961 Eberhardus
1025 903 1190 976 episcopus
1220 901 1348 960 ecclesie
1370 915 1475 974 nagna-

208 1011 324 1070 biensis
345 1026 364 1068 a
386 1023 443 1068 sua
467 1006 637 1066 Serenitate
660 1008 854 1080 exigentibus
877 1008 941 1067 suis
963 1007 1168 1068 fidelitatibus
1198 1005 1258 1067 sibi
1281 1023 1317 1066 ac
1342 1003 1475 1066 condam

207 1117 334 1176 domino
356 1113 489 1199 Johanni
511 1113 655 1174 similiter
679 1113 826 1188 episcopo
849 1113 987 1172 eiusdem
1012 1114 1141 1172 ecclesie
1164 1113 1381 1188 zagrabiensis,
1404 1129 1475 1172 nec·

209 1238 272 1283 non
296 1222 387 1282 Petro
409 1227 439 1277 et
460 1219 593 1302 Jobanni
616 1218 771 1278 dictorum
794 1233 961 1292 regnorum
978 1235 1108 1278 suorum
1123 1219 1286 1278 Dalmacie
1301 1225 1331 1279 et
1347 1219 1475 1280 Croacie

209 1329 306 1400 banis,
338 1327 488 1384 iratribus
518 1325 696 1384 carnalibus
726 1325 824 1400 ipsius
854 1325 1033 1398 Rodoipby‚
1065 1325 1228 1400 eidemque
1251 1302 1419 1402 Rodolpho
1444 1331 1474 1384 et

207 1436 271 1493 suis
292 1431 460 1491 heredibus
490 1431 522 1489 in
556 1437 742 1505 perpetuum
776 1431 973 1506 impetrasset
1007 1447 1078 1490 cum
1108 1431 1260 1490 universis
1293 1431 1475 1492 earumdem

210 1539 397 1599 utilitatibus
419 1537 531 1596 litteris
554 1539 585 1596 in
608 1536 725 1596 eisdem
749 1538 920 1612 explicatis,
944 1537 1076 1612 prefatis
1099 1538 1234 1596 dominis
1265 1533 1303 1598 de
1333 1535 1472 1612 capitulo

212 1646 340 1705 ecclesie
364 1643 570 1716 aagrabiensis
602 1642 748 1717 dictoque
770 1643 862 1702 altari
884 1650 987 1704 sancte
1018 1645 1118 1702 crucis
1151 1645 1183 1703 in
1213 1643 1322 1702 eadem
1353 1641 1475 1702 fundati

209 1751 330 1810 dedisse
352 1756 382 1808 et
405 1749 572 1806 contulisse
595 1747 828 1819 dinoscebatur;
852 1755 882 1808 et
904 1750 1000 1807 aliam
1021 1765 1116 1824 super
1139 1750 1327 1823 legittimam
1350 1765 1473 1807 earum·

209 1856 280 1916 dem
305 1855 534 1930 possessionum
558 1861 588 1912 et
611 1853 720 1914 tributi
743 1855 914 1914 stetucione
935 1855 1099 1930 confectas,
1122 1857 1304 1930 supplicans
1321 1856 1474 1915 maiestati

209 1979 263 2022 sue
286 1961 447 2022 humiliter
470 1967 500 2018 et
524 1960 643 2032 devote,
667 1967 701 2019 ut
723 1960 848 2019 easdem
871 1962 935 2020 suis
958 1961 1071 2020 litteris
1100 1961 1351 2037 privilegialibus
1381 1962 1475 2022 inseri

211 2076 241 2126 et
264 2067 427 2126 transcribi
451 2065 592 2124 faciendo
614 2066 692 2140 ipsis
715 2067 946 2140 perbennaliter
975 2069 1127 2126 valituras
1156 2067 1333 2126 innovando
1362 2067 1474 2126 confir-

210 2189 305 2246 mare,
328 2172 570 2246 huiusmodique
599 2173 803 2232 collacionem
832 2180 862 2232 et
893 2173 1166 2249 perpetuacionem
1189 2175 1330 2250 ipsarum
1352 2187 1474 2250 posses·

210 2281 342 2352 sionum,
365 2278 536 2352 tribulique
551 2277 695 2336 antedicti
719 2293 809 2337 suurn
831 2281 954 2353 regium
977 2295 1160 2340 consensum
1183 2281 1301 2355 pariter
1323 2286 1352 2340 et
1368 2295 1474 2338 assen-

213 2403 283 2446 sum
306 2387 437 2461 prebere
461 2385 651 2458 dignaretur.
676 2385 734 2444 Cui
757 2387 874 2446 scilicet
897 2387 1061 2446 collacioni
1084 2394 1115 2448 et
1147 2387 1379 2463 perpetnacioni
1400 2388 1474 2460 'pre-

212 2493 294 2552 latus
316 2490 534 2565 sigismundus
565 2493 735 2565 imperator
768 2498 798 2550 et
828 2509 884 2551 rex
915 2493 1005 2552 dictis
1037 2495 1100 2553 suis
1130 2495 1242 2554 litteris
1264 2493 1474 2552 mediantibus
1533 2533 1539 2548 .

211 2615 302 2658 suum
326 2597 448 2671 regium
472 2613 655 2656 consensum
679 2605 709 2656 et
731 2615 890 2659 assensum
903 2601 1071 2675 prebendo,
1095 2601 1218 2660 easdem
1242 2600 1332 2658 binas
1354 2600 1474 2658 litteras

213 2705 287 2763 dicti
319 2703 448 2778 capituli
479 2704 607 2762 ecclesie
629 2705 827 2776 chasmensis,
851 2705 1050 2766 fassionalem
1073 2707 1190 2766 scilicet
1213 2711 1243 2766 et
1266 2705 1472 2778 metatoriam,

211 2826 248 2869 ac
270 2809 374 2868 omnia
397 2810 428 2868 in
452 2809 569 2868 eisdem
592 2816 734 2870 contenta
755 2825 814 2886 pro
837 2811 953 2872 eisdem
977 2813 1112 2872 dominis
1135 2813 1174 2872 de
1190 2811 1329 2886 capitulo
1344 2811 1472 2871 ecclesie

210 2916 417 2990 zagrabiensis
440 2922 471 2975 et
494 2917 605 2975 rectori
628 2917 736 2975 altaris
765 2917 898 2992 predicti
928 2924 1081 2994 perpetuo
1112 2920 1262 2978 valituras
1292 2916 1471 2977 innovando

212 3023 385 3096 patrocinio
415 3021 491 3080 dicti
521 3024 569 3081 sui
599 3023 758 3098 privilegii
788 3023 943 3082 mediante
974 3023 1194 3083 confirmasset.
1226 3024 1344 3098 Quarta
1366 3029 1472 3084 autem

209 3128 353 3187 videlicet
376 3129 480 3187 littera
503 3128 712 3187 donacionalis
734 3130 941 3203 prenominati
958 3130 1077 3190 domini
1101 3131 1224 3190 Aiberti
1238 3129 1329 3204 regis.
1347 3129 1472 3188 Posonii

210 3235 241 3292 in
264 3233 343 3292 festo
365 3235 450 3293 beati
475 3237 569 3293 Marci
593 3235 784 3308 evangeliste
806 3250 886 3294 anno
917 3235 1035 3294 domini
1066 3235 1236 3295 millesimo
1267 3235 1474 3310 quadringen-

211 3341 323 3398 tesimo
346 3341 503 3400 tricesimo
525 3357 607 3400 nono
630 3341 670 3399 ad
694 3343 857 3416 propriam
880 3342 1131 3401 commissionem
1154 3343 1293 3401 eiusdem
1325 3342 1474 3415 magistro

214 3446 372 3520 Stephano
393 3446 432 3506 de
455 3447 520 3520 Bylr
542 3447 702 3522 preposito
725 3447 853 3507 ecclesie
884 3449 1021 3506 albensis
1043 3450 1278 3523 prothonotario
1301 3449 1472 3521 miserente,

213 3553 246 3610 in
268 3567 459 3626 pergameno
483 3559 622 3627 patenter
645 3553 735 3625 edita,
760 3555 926 3628 sigilloque
946 3553 1085 3612 eiusdem
1109 3555 1254 3614 abintus
1277 3555 1308 3614 in
1331 3553 1470 3614 interiori

212 3659 351 3731 margine
383 3648 573 3717 communita
606 3659 797 3718 continebat:
828 3661 913 3733 quod
944 3659 1028 3719 idem
1059 3660 1205 3719 dominus
1236 3662 1386 3719 Aibertus
1417 3675 1473 3718 rex

209 3765 369 3838 quasdam,
393 3757 619 3838 possessionem
645 3765 804 3823 liralewcz
825 3773 968 3824 vocatam
992 3781 1028 3824 ac
1059 3767 1241 3839 porcionem
1264 3766 1472 3840 possessione·

208 3871 289 3929 riam
309 3871 341 3928 in
365 3871 558 3945 possessione
589 3871 710 3944 Cherye
741 3873 909 3946 appellata,
932 3873 1080 3944 habitam,
1104 3888 1159 3930 nec
1182 3888 1243 3930 non
1266 3873 1419 3931 tributum
1442 3871 1474 3930 in

208 3977 318 4035 eadem
341 3975 462 4049 Cherye
492 3977 574 4050 exigi
605 3978 749 4051 solitum,
783 3979 857 4037 item
882 3978 1090 4052 possessiones
1114 3978 1290 4052 Kobyiyalr,
1314 3977 1474 4051 Zwyblya,

138 4149 143 4158 ι
170 4133 174 4137 .
209 4088 240 4140 et
263 4083 363 4142 Narth
383 4088 584 4156 nuncupatas,
608 4085 734 4142 omnino
757 4085 789 4142 in
810 4085 893 4144 dicto
916 4085 1063 4142 comitatu
1094 4085 1286 4158 zagrabiensi
1311 4085 1475 4143 existentes

210 4195 241 4246 et
267 4190 399 4263 habitas,
433 4189 527 4248 simui
551 4205 623 4248 cum
654 4192 771 4249 cunctis
801 4189 981 4249 earumdem
1012 4191 1199 4250 utilitatibus
1229 4197 1258 4250 et
1279 4189 1475 4265 pertinenciis

209 4295 411 4369 quibuslibet,
436 4296 622 4370 inquorum
648 4295 778 4370 pacifico
802 4295 940 4354 dominio
964 4295 1084 4370 prefata
1114 4296 1243 4354 ecclesia
1266 4295 1474 4370 cagrabiensis

209 4407 239 4459 et
261 4401 359 4460 altare
382 4407 579 4476 prenotatum
602 4403 633 4460 in
656 4404 725 4477 ipsa
747 4403 877 4462 ecclesia
900 4409 1110 4460 constructum
1141 4418 1198 4476 per
1220 4416 1472 4476 consequensque

208 4513 311 4565 rector
334 4508 442 4566 altaris
465 4507 602 4566 eiusdem
626 4523 644 4565 a
675 4508 793 4566 dudum
819 4509 1011 4588 perstitisset,
1039 4509 1278 4583 persisteretque
1307 4509 1406 4566 eciam
1434 4507 1473 4565 ad

208 4617 291 4681 tunc,
315 4613 437 4688 prefato
460 4614 588 4672 domino
608 4615 740 4673 Aiberto
763 4616 829 4688 regi
851 4615 986 4674 relatum
1007 4616 1164 4688 extitisset,
1180 4615 1275 4674 simul
1292 4629 1365 4673 cum
1387 4615 1473 4673 omni

211 4717 280 4795 jure
302 4735 358 4778 suo
380 4720 475 4792 regio,
499 4721 525 4779 si
541 4720 623 4794 quod
641 4721 672 4779 in
688 4719 804 4779 eisdem
820 4721 988 4794 habuisset,
1004 4725 1178 4780 memorato
1194 4721 1331 4795 capitulo
1346 4720 1474 4779 ecclesie

212 4826 420 4899 :agrabiensis
443 4841 478 4884 ac
501 4827 612 4886 rectori
637 4827 744 4885 altaris
766 4834 870 4886 sancte
892 4828 992 4886 crucis
1014 4828 1046 4886 in
1069 4827 1177 4886 eadem
1202 4827 1322 4908 iundati
1337 4841 1376 4885 ex
1391 4831 1474 4884 certa

208 4932 340 4990 sciencia
364 4947 419 4989 sue
439 4933 610 4990 maiestatis
633 4939 663 4990 et
685 4935 791 4991 animo
813 4933 986 4992 deliberato
1016 4934 1048 4992 in
1070 4941 1256 5008 perpetuum
1281 4933 1425 4992 donasset
1444 4937 1475 4990 et

208 5038 403 5096 contulisset.
423 5037 539 5112 Quinta
561 5053 674 5112 nempe
697 5045 728 5097 et
758 5039 870 5097 ultima
899 5039 1081 5100 earumdem
1112 5039 1257 5102 videlicet
1288 5038 1474 5115 prealIegati
