3948 5804
731 582 802 642 Doc.
826 575 876 656 85.
899 611 941 623 -
964 578 1020 636 An.
1044 589 1132 657 1435·
1507 599 1566 658 109

301 809 380 866 inter
402 806 487 879 ipsos
508 802 651 860 dominos
674 798 748 857 dicti
782 795 911 871 capituli
940 793 1147 866 ragrabiensis
1179 809 1235 869 per
1270 795 1374 870 ipsum
1405 795 1566 856 dominum

300 911 501 971 Mathkonem
523 907 612 967 facta.

406 1034 494 1106 ltem,
518 1031 622 1107 primo
645 1027 743 1088 indie
766 1041 820 1086 seu
842 1025 924 1084 circa
947 1023 1031 1082 diem
1060 1023 1162 1082 medie
1185 1023 1429 1098 Quadragesime
1456 1025 1569 1101 prefati

303 1140 421 1200 domini
444 1139 482 1197 de
504 1136 642 1212 capitulo
663 1132 862 1208 zagrabiensi‚
887 1129 1043 1204 quendam
1065 1129 1166 1218 civem
1189 1131 1327 1205 predicte
1349 1131 1491 1206 civitatis,
1514 1149 1567 1193 no·

300 1247 385 1306 mine
408 1245 609 1320 Stephanum,
639 1247 786 1312 sutorem,
809 1254 866 1313 per
889 1235 1023 1295 iudicem
1036 1251 1144 1295 eorum
1160 1237 1329 1310 specialem
1346 1244 1376 1296 et
1389 1255 1445 1312 per
1460 1255 1569 1313 quem·

301 1351 374 1410 dam
397 1351 595 1426 capellanum
618 1349 768 1422 ipsorum,
792 1345 910 1418 absque
933 1343 1020 1402 omni
1043 1343 1136 1417 culpa
1160 1343 1257 1418 ipsius
1280 1343 1428 1418 Stephani
1445 1345 1567 1418 sutoris,

300 1457 431 1517 detineri
460 1456 600 1514 fecerunt
620 1454 694 1512 bina
729 1452 797 1510 vice
832 1457 862 1508 et
895 1448 1014 1507 tamdiu
1050 1449 1082 1506 in
1116 1448 1247 1523 cippone
1286 1449 1393 1509 sedere
1422 1450 1568 1526 fecerunt,

300 1579 462 1638 quousque
493 1563 636 1636 ipsorum
670 1558 789 1633 placuit
823 1555 985 1626 voluntati,
1016 1554 1105 1612 nulla
1139 1559 1242 1614 tamen
1264 1572 1303 1615 ex
1325 1562 1414 1631 parte
1429 1557 1567 1618 eiusdem

301 1667 453 1743 Stephani
486 1667 598 1726 sutoris
633 1670 663 1724 et
694 1663 794 1722 iudice
828 1661 961 1721 civitatis
993 1667 1152 1735 prenotate
1186 1661 1305 1721 iusticia
1339 1664 1505 1738 postulata,
1535 1667 1568 1724 in

302 1774 509 1850 preiudicium
543 1779 573 1831 et
603 1771 791 1844 derogamen
814 1767 1007 1843 prefatorum
1031 1767 1148 1827 civium
1172 1767 1306 1827 civitatis
1328 1775 1497 1844 prenotate.

402 1899 490 1970 Item,
513 1895 591 1955 feria
612 1896 720 1969 quinta
742 1894 887 1969 proxima
910 1898 980 1951 ante
1003 1891 1192 1952 dominicam
1207 1891 1494 1968 Ramispalmarum
1510 1894 1565 1954 do·

301 2004 404 2062 minus
433 2003 568 2087 Jacobus
597 1975 643 2058 'de
675 1999 837 2070 Zerdahel‚
871 1999 1036 2057 canonicus
1066 1998 1194 2058 ecclesie
1222 1999 1439 2074 zagrabiensis,
1463 2001 1565 2060 missis

293 2109 483 2168 ¹hominibus
506 2112 537 2166 et
558 2106 736 2182 pastoribus
759 2105 823 2164 suis
839 2119 909 2162 cum
922 2104 1025 2162 bobus
1040 2106 1071 2162 et
1086 2103 1268 2178 peccoribus
1283 2105 1346 2162 suis
1362 2105 1402 2164 ad
1417 2121 1564 2182 campum

299 2221 329 2273 et
350 2214 545 2273 territorium
569 2213 703 2270 civitatis
734 2215 903 2286 prenotate,
933 2215 1051 2282 segetes
1081 2213 1112 2268 et
1141 2208 1247 2283 fruges
1275 2209 1417 2284 ipsorum
1447 2211 1565 2271 civium

299 2321 331 2380 in
354 2335 466 2394 campo
490 2324 519 2378 et
542 2317 698 2377 territorio
724 2298 862 2376 eiusdem
886 2315 1018 2373 civitatis
1041 2315 1164 2374 habitas
1194 2331 1251 2390 per
1274 2317 1400 2376 eosdem
1423 2318 1564 2378 homines

300 2434 330 2485 et
350 2431 490 2502 pastores
513 2441 586 2483 suos
609 2440 681 2483 curn
704 2424 780 2499 ipsis
802 2423 906 2481 bobus
929 2428 959 2479 et
981 2422 1165 2496 peccoribus
1181 2422 1244 2480 suis
1259 2421 1385 2498 depasci
1400 2430 1431 2482 et
1446 2424 1563 2484 destrui

298 2549 336 2592 ac
370 2532 526 2591 devastari
562 2530 633 2590 fecit
666 2531 698 2589 in
732 2530 906 2605 dampnum
941 2534 971 2586 et
997 2535 1218 2587 nocumentum
1241 2530 1424 2590 eorumdem
1447 2533 1565 2592 civium

296 2639 391 2697 valde
414 2653 581 2712 magnum;
604 2642 635 2696 et
657 2636 733 2694 dum
756 2635 841 2710 ipsos
864 2635 962 2692 boves
986 2633 1061 2694 dicti
1082 2634 1202 2694 domini
1222 2635 1333 2720 Jacobi
1355 2637 1450 2696 tidem
1480 2639 1564 2698 cives

297 2760 356 2820 pro
379 2746 448 2820 ipso
472 2743 610 2818 dampno
634 2747 664 2801 et
688 2748 873 2800 nocumento
897 2755 1007 2798 eorum
1030 2739 1068 2798 de
1090 2756 1178 2800 more
1209 2741 1286 2800 alias
1316 2751 1462 2803 consveto
1494 2746 1564 2804 esti·

299 2851 413 2910 mando
447 2851 487 2908 ad
524 2848 660 2926 iudicem
693 2849 826 2907 civitatis
861 2846 1066 2922 depullissent
1099 2863 1153 2905 seu
1177 2847 1294 2922 depelli
1317 2848 1467 2924 fecissent,
1491 2857 1564 2912 tunc

297 2958 399 3016 adhuc
433 2960 500 3032 ipse
535 2955 680 3013 dominus
712 2954 847 3037 Jacobus
880 2953 956 3028 ipsis
978 2953 1098 3012 civibus
1122 2954 1221 3012 minas
1244 2955 1353 3013 mortis
1376 2956 1512 3032 inposuit
1534 2964 1565 3018 et

296 3078 495 3138 nequaquam
519 3062 560 3120 ab
583 3061 652 3136 ipso
675 3057 776 3135 judice
800 3060 932 3118 civitatis
955 3059 1095 3133 predicte
1110 3061 1195 3134 ipsos
1211 3077 1283 3119 suos
1298 3062 1396 3122 boves
1411 3063 1564 3124 redimere

296 3171 405 3242 voluit,
428 3169 488 3226 nisi
509 3166 603 3226 iudex
626 3166 710 3224 curie
734 3166 930 3240 episcopatus
953 3165 1168 3238 zagrabiensis,
1192 3182 1250 3241 pro
1273 3169 1411 3226 servictis
1426 3171 1489 3229 suis
1507 3187 1564 3246 per

296 3276 465 3349 peticiones
499 3279 529 3332 et
562 3289 621 3348 per
652 3287 759 3347 preces
792 3287 863 3330 suas
899 3271 940 3330 ab
972 3272 1088 3330 eisdem
1112 3273 1233 3331 civibus
1256 3275 1341 3348 ipsos
1363 3276 1461 3335 boves
1483 3279 1564 3337 obti-

295 3381 420 3440 nuisset.

401 3506 488 3577 Item,
504 3504 535 3562 in
557 3503 606 3561 die
630 3503 919 3578 Ramispalmarum
941 3502 1086 3562 dominus
1102 3505 1233 3563 Mathias
1249 3505 1400 3578 Kelkedii,
1416 3509 1562 3571 similiter

295 3611 460 3670 canonicus
482 3609 636 3688 predicte¹
653 3610 781 3668 ecclesie
815 3609 1030 3682 zagrabiensls,
1066 3611 1098 3668 in
1130 3610 1232 3670 libero
1267 3610 1336 3670 foro
1370 3613 1403 3672 in
1438 3615 1563 3674 civitate

296 3717 410 3802 montis
434 3716 596 3776 Grecensis
617 3715 796 3791 supradicta
818 3715 936 3787 habito,
959 3715 1126 3788 piscatores
1150 3717 1286 3776 forenses
1306 3718 1338 3776 in
1360 3719 1471 3778 eodem
1494 3721 1563 3780 foro

295 3825 395 3900 pisces
430 3823 596 3882 vendentes
630 3823 810 3880 verberavit
841 3837 941 3896 usque
974 3821 1015 3879 ad
1048 3823 1205 3896 sanguinis
1228 3825 1420 3898 effusionem,
1444 3829 1563 3901 absque

296 3931 383 3990 omni
417 3930 511 4004 culpa
545 3943 662 3987 eorum.
695 3927 733 3984 Et
763 3927 890 3986 tandem
920 3926 995 3985 dum
1019 3925 1113 3986 iidem
1137 3929 1306 4004 piscatores
1329 3931 1390 3990 sibi
1413 3949 1451 3990 ex
1475 3943 1563 4008 parte

295 4037 393 4110 ipsius
416 4034 534 4093 domini
558 4033 673 4092 Mathie
697 4033 850 4091 iusticiam
875 4047 932 4106 per
961 4033 1097 4092 iudicem
1129 4033 1210 4092 dicte
1241 4036 1374 4094 civitatis
1407 4037 1562 4112 impertiri

295 4142 512 4217 postulassent,
536 4146 609 4199 tunc
631 4141 732 4198 adhuc
755 4139 839 4197 idern
862 4139 1006 4197 dominus
1029 4139 1161 4198 Mathias
1192 4143 1355 4200 canonicus
1379 4143 1496 4202 ibidem
1528 4146 1559 4204 in

295 4247 405 4306 eodem
441 4247 509 4306 loro
544 4248 575 4304 in
609 4246 769 4321 presencia
803 4245 901 4320 ipsius
924 4243 1035 4321 judicis
1058 4251 1161 4305 astans
1184 4248 1271 4306 omni
1294 4249 1471 4308 reverencia
1494 4256 1561 4308 tam

295 4355 394 4430 ipsius
427 4351 539 4430 judicis
573 4368 667 4426 quam
702 4367 757 4409 sua
788 4352 969 4426 postposita,
993 4351 1125 4410 eundem
1147 4349 1284 4428 judicem
1307 4355 1405 4428 ipsius
1429 4355 1562 4415 civitatis

293 4461 400 4519 verbis
423 4461 568 4534 turpibus
590 4465 620 4517 et
643 4459 823 4516 enormibus
847 4459 1014 4517 enormiter
1036 4460 1226 4534 vituperavit
1249 4461 1281 4517 in
1304 4461 1509 4534 preiudicinm
1532 4469 1562 4520 et

295 4565 484 4638 derogamen
507 4580 542 4622 ae
565 4563 801 4638 oppressionem
825 4565 958 4623 civitatis
981 4564 1126 4638 predicte.

398 4707 485 4778 ltem,
520 4705 597 4764 feria
632 4706 739 4778 quinta
764 4707 907 4780 proxima
931 4714 1002 4781 post
1024 4707 1138 4765 festum
1161 4709 1369 4782 apparicionts
1392 4711 1476 4770 beati
1505 4713 1561 4770 Mi·

294 4811 410 4870 chaelis
432 4813 618 4886 archangeli,
631 4829 683 4869 seu
709 4821 779 4886 post
802 4811 914 4870 festum
938 4814 1035 4871 sancti
1051 4812 1204 4886 Staniztai,
1221 4822 1401 4890 prenotatus
1417 4817 1561 4878 dominus

293 4917 429 4999 Jacobus
462 4917 500 4974 de
534 4919 686 4978 Zerdahel
713 4920 886 4986 canonicus,
916 4925 950 4976 ut
981 4919 1148 4992 prefertur,
1182 4922 1280 4996 ipsius
1304 4924 1432 4982 ecclesie
1454 4938 1561 4997 zagra·

294 5024 409 5082 biensis
442 5040 497 5098 per
527 5033 626 5084 certos
658 5027 799 5084 homines
820 5033 850 5083 et
875 5025 1044 5084 familiares
1067 5043 1139 5086 suos
1163 5045 1200 5086 ex
1224 5045 1373 5088 consensu
1396 5038 1426 5088 et
1449 5031 1561 5090 volun·
