3828 5822
663 624 740 688 Doc.
763 621 835 702 285.
859 661 902 671 -
923 626 980 688 An.
1004 637 1093 706 1473·
1444 643 1503 706 355

236 861 297 920 pro
321 846 496 904 animarum
520 859 648 904 suarum
663 843 762 902 salute
778 859 817 902 ex
835 845 949 917 prioris
973 851 1004 904 et
1019 844 1151 903 fratrum
1175 843 1389 918 predictorum
1406 858 1509 904 exem·

237 953 319 1027 plari
350 953 415 1010 vita
445 950 723 1010 ammonitionibus
753 953 785 1008 et
815 949 1082 1010 exhortationibus
1112 955 1326 1026 opportunum
1355 943 1506 1024 fructum,

236 1063 271 1117 ut
293 1062 414 1134 optant,
436 1057 584 1132 consequi
603 1061 775 1130 nequeunt;
800 1063 830 1115 et
854 1055 939 1130 quod
954 1055 1057 1130 Turci,
1082 1057 1135 1130 qui
1150 1059 1255 1131 partes
1270 1057 1343 1115 illas
1358 1057 1508 1116 finitimas

235 1163 378 1224 incolunt
401 1169 431 1222 et
455 1164 648 1222 territorium
671 1163 880 1236 zagabriensis
903 1159 1052 1221 dioecesis
1075 1163 1186 1221 crebro
1209 1161 1398 1233 discurrunt,
1415 1161 1507 1222 facile

236 1269 367 1328 domum
396 1271 499 1346 ipsam
532 1275 674 1343 ternpore
704 1268 932 1328 discursionum
964 1267 1144 1327 huiusmodi
1166 1272 1196 1325 et
1226 1268 1259 1326 in
1281 1267 1339 1326 illa
1363 1268 1509 1342 degentes

235 1375 349 1436 fratres
370 1392 406 1436 ac
429 1375 511 1434 bona
543 1390 654 1449 capere
684 1378 715 1432 et
745 1375 881 1449 spoliare
910 1379 1044 1449 possent,
1068 1390 1107 1432 ex
1130 1389 1201 1448 quo,
1225 1374 1252 1432 si
1274 1373 1372 1447 fieret,
1396 1380 1427 1433 et
1451 1373 1508 1433 illa

235 1487 335 1558 capta,
368 1497 472 1541 arcem
504 1481 693 1540 venerabilis
723 1479 828 1539 fratris
858 1481 956 1539 nostri
986 1481 1124 1555 episcopi
1148 1479 1366 1553 zagabriensis,
1403 1479 1509 1540 eidem

239 1589 428 1662 proximam,
463 1585 574 1645 exinde
609 1585 773 1644 commode
808 1600 988 1660 expugnare
1021 1585 1171 1659 valerent,
1205 1585 1340 1644 libenter
1376 1585 1507 1644 domum

237 1693 420 1768 predictam,
444 1693 484 1752 ad
508 1707 604 1768 quam
626 1707 686 1766 pro
718 1705 755 1749 eo
786 1691 870 1766 quod
902 1693 1068 1767 episcopus
1091 1692 1158 1766 ipse
1181 1691 1350 1750 muniendo
1374 1691 1506 1751 eandem

236 1815 349 1874 arcem,
382 1815 441 1875 pro
464 1799 550 1859 illius
582 1798 681 1858 tutela
702 1813 720 1856 a
743 1798 918 1858 Turcorum
941 1798 1155 1872 occupatione,
1178 1799 1273 1870 viam,
1297 1813 1358 1872 qua
1381 1797 1504 1858 1111111-

235 1911 401 1966 sveverant
424 1905 464 1964 ad
480 1905 643 1963 ecclesiam
658 1903 761 1978 ipsam
777 1896 861 1984 (pro)
876 1918 990 1976 magna
1006 1905 1095 1978 parte
1119 1901 1279 1975 destruxit,
1295 1907 1380 1962 recto
1395 1904 1504 1964 itinere

235 2012 329 2071 solito
352 2011 453 2071 facilis
474 2025 539 2070 non
560 2014 646 2084 patet
669 2024 826 2082 accessus,
849 2007 1033 2081 desererent,
1058 2013 1088 2067 et
1111 2007 1196 2083 apud
1220 2009 1377 2083 capellam
1400 2017 1504 2070 sancte

236 2118 402 2178 Catharine
432 2117 523 2176 sitam
554 2117 586 2176 111
617 2115 742 2175 civitate
773 2116 888 2174 montis
919 2114 1090 2187 Grecensis,
1122 2131 1183 2189 que
1213 2115 1255 2173 ab
1286 2116 1414 2190 antiquo
1447 2131 1505 2192 per

235 2224 347 2284 tratres
369 2225 455 2300 ipsos
477 2238 619 2299 possessa
643 2237 767 2296 semper
789 2221 906 2281 exstitit
928 2225 959 2280 et
980 2219 1156 2296 possidetur
1178 2221 1272 2280 etiarn
1296 2219 1335 2280 de
1357 2223 1503 2298 presenti,

235 2345 272 2389 ac
294 2331 392 2405 ipsius
416 2327 528 2388 domus
550 2330 720 2389 servientes
743 2328 839 2387 aliam
855 2327 986 2386 domum
1009 2343 1067 2402 pro
1091 2341 1200 2386 eorum
1224 2327 1416 2388 habitatione
1432 2343 1505 2388 con·

235 2441 387 2495 struerent
410 2451 464 2494 seu
495 2435 632 2495 construi
665 2434 802 2494 facerent
825 2451 863 2494 ex
895 2434 956 2510 piis
979 2433 1094 2494 Christi
1117 2431 1259 2492 fidelium
1282 2433 1439 2508 suffragiis
1463 2435 1504 2494 ad

236 2541 269 2601 id
292 2544 336 2601 eis
358 2543 422 2601 iam
446 2541 570 2614 oblatis,
600 2556 637 2600 ac
659 2539 748 2599 illam
779 2539 982 2616 postmodum
1005 2544 1215 2599 constructam
1237 2541 1454 2613 inhabitarent,
1478 2541 1505 2599 si

236 2649 280 2708 eis
306 2664 401 2723 super
430 2647 490 2706 hoc
520 2663 578 2722 per
608 2647 714 2707 sedem
746 2648 953 2722 apostolicam
983 2647 1107 2706 licentia
1138 2645 1364 2706 concederetur.
1400 2645 1504 2721 Quare

236 2769 297 2829 pro
328 2759 417 2830 parte
449 2753 591 2828 ipsorum
622 2754 736 2829 prioris
767 2758 797 2812 et
821 2752 954 2812 fratrum
984 2726 1166 2812 nobis'fuit
1196 2752 1359 2812 humiliter
1381 2753 1502 2827 suppli·

236 2867 349 2934 catum,
372 2865 406 2918 ut
435 2861 480 2918 eis
511 2860 641 2918 domum
669 2861 768 2918 sancti
799 2859 942 2918 Nicholai
965 2859 1139 2934 predictam
1170 2857 1340 2926 deserendi,
1364 2873 1503 2933 eamque,

237 2967 367 3026 ecclesia
391 2964 554 3025 dumtaxat
577 2972 714 3042 excepta,
731 2965 870 3026 funditus
887 2965 1078 3024 demoliendi
1094 2981 1130 3024 ac
1153 2965 1237 3041 apud
1261 2966 1416 3041 capellam
1434 2981 1504 3040 pre-

237 3071 352 3132 dictam
368 3071 464 3130 aliam
480 3071 610 3132 domum
634 3073 709 3132 dicti
724 3072 844 3132 ordinis
867 3088 937 3131 cum
956 3072 1101 3146 claustro,
1124 3071 1315 3145 dormitor-iu,
1332 3069 1504 3144 refectorio,

237 3179 430 3251 coemeterio,
461 3179 568 3249 hortis,
592 3178 763 3237 hortaliciis
798 3183 828 3238 et
858 3177 929 3236 aliis
959 3178 1128 3237 necessaris
1151 3177 1284 3237 officinis
1308 3175 1506 3236 construendi

237 3291 268 3343 et
289 3285 367 3343 inibi
390 3297 523 3359 corpora
546 3283 765 3344 defunctorum
789 3299 1061 3358 quorumcumque
1084 3283 1264 3359 sepeliendi,
1289 3281 1504 3358 prefatamque

237 3391 393 3466 capellam
415 3405 488 3449 curn
510 3392 679 3466 campanili
701 3391 867 3450 humiliar
890 3405 1042 3466 campana
1065 3389 1239 3466 ampliandi
1262 3396 1293 3448 et
1314 3387 1506 3448 reformandi

237 3497 323 3556 iuxta
353 3499 494 3572 ipsorum
525 3498 639 3571 prioris
669 3503 700 3556 et
731 3497 865 3557 fratrum
897 3499 975 3556 ritus
1006 3503 1036 3556 et
1066 3511 1178 3570 mores,
1202 3496 1297 3554 acad
1320 3495 1411 3554 illam
1434 3511 1505 3554 cum

237 3603 384 3661 omnibus
414 3603 505 3662 bonis
534 3604 709 3662 mobilibus
739 3609 770 3662 et
799 3602 1019 3662 immobilibus
1045 3601 1210 3677 localibus,
1239 3600 1361 3680 juribus
1384 3608 1414 3661 et
1436 3615 1506 3676 per·

238 3707 374 3768 tinentiis
404 3709 542 3768 eiusdem
573 3710 686 3769 domus
715 3711 813 3768 sancti
843 3707 965 3767 Nicolai
995 3724 1027 3768 se
1057 3707 1262 3767 transferendi
1294 3713 1325 3768 et
1353 3713 1506 3784 perpetuo

240 3814 435 3874 inhabitandi
456 3816 615 3874 licentiam
637 3815 821 3886 concedere;
845 3820 875 3874 et
898 3815 984 3888 quod
1006 3815 1180 3890 privilegia,
1202 3816 1415 3888 instrumenta,
1438 3813 1507 3891 jura

240 3927 270 3978 et
293 3919 414 3979 indulta
438 3937 634 3996 quecumque
651 3923 689 3980 de
709 3921 830 3997 prefata
847 3920 941 3980 domo
964 3922 1061 3980 sancti
1082 3921 1204 3980 Nicolai
1226 3922 1415 3980 mentionem
1431 3935 1507 3995 quo-

242 4029 472 4102 modocumque
496 4028 647 4103 facientia,
664 4030 905 4104 qualiacumque
921 4030 989 4102 sint,
1006 4031 1038 4088 in
1054 4029 1175 4104 prefata
1191 4029 1286 4087 domo
1302 4027 1508 4088 construenda

239 4149 275 4192 ac
297 4135 383 4193 illius
417 4137 516 4209 priori
539 4141 569 4194 et
591 4136 751 4210 fratribus,
775 4137 829 4210 qui
853 4152 911 4211 pro
941 4147 1085 4210 tempore
1116 4137 1222 4194 locum
1253 4135 1314 4193 sibi
1337 4133 1507 4205 vendicent,

239 4243 372 4298 statuere
395 4246 425 4299 et
442 4241 593 4315 ordinare,
617 4242 756 4316 aliasque
779 4243 810 4301 in
825 4244 985 4318 premissis
1001 4247 1153 4317 oportune
1176 4240 1343 4316 providere
1366 4239 1404 4299 de
1421 4241 1508 4300 beni·

239 4346 356 4419 gnitate
386 4347 558 4420 apostolica
589 4348 798 4421 dignaremur,
815 4346 887 4420 ,Nos
917 4348 1020 4422 igitur,
1053 4348 1107 4422 qui
1137 4347 1258 4406 cultum
1290 4346 1432 4406 divinum
1454 4359 1509 4405 no·

239 4453 312 4510 stris
334 4453 497 4528 potissime
520 4455 716 4528 temporibus
739 4455 857 4528 ubique
879 4455 987 4529 vigere
1010 4459 1040 4512 et
1062 4469 1176 4528 augere
1199 4467 1401 4528 summopere
1416 4452 1508 4512 affec·

239 4563 351 4631 tamus,
375 4557 414 4617 de
436 4561 598 4633 premissis
612 4563 737 4641 ¹certam
753 4561 900 4619 noticiam
916 4575 985 4640 „non
1007 4561 1165 4634 habentes,
1179 4575 1215 4618 ac
1237 4559 1379 4635 ipsorum
1395 4558 1509 4634 prioris

240 4669 272 4724 et
292 4671 461 4724 conventus
483 4667 573 4741 pium
596 4671 626 4726 et
649 4666 810 4725 laudabile
826 4668 1024 4742 propositum
1046 4667 1079 4726 'm
1103 4667 1230 4726 domino
1255 4665 1508 4724 commendantes

240 4772 419 4832 huiusmodi
443 4773 730 4848 supplicacionibus
751 4773 899 4846 inclinati,
931 4774 1108 4833 discretioni
1131 4779 1234 4832 vestre
1257 4789 1314 4848 per
1337 4772 1509 4848 apostolica

240 4878 357 4953 scripta
379 4878 573 4953 mandamus,
598 4885 749 4955 quatenus
771 4895 829 4938 vos
860 4879 913 4938 vel
944 4879 1007 4938 duo
1030 4887 1084 4942 aut
1103 4895 1183 4939 unus
1206 4885 1348 4938 vestrum
1373 4877 1411 4936 de
1435 4893 1509 4954 pre*

240 4985 343 5043 missis
366 4985 512 5044 omnibus
537 4991 568 5045 et
590 4985 722 5060 singulis
744 5001 781 5044 ac
802 5001 912 5045 eorum
935 4986 1178 5045 circumstanciis
1205 4986 1368 5058 universis,
1401 4985 1511 5044 autho·
1620 5037 1621 5040 ,

240 5092 330 5150 ritate
352 5097 465 5166 nostra,
489 5107 545 5151 vos
562 5094 727 5168 diligenter
743 5093 928 5170 informetis,
944 5099 974 5152 et
994 5093 1021 5152 si
1043 5109 1100 5168 per
1122 5093 1380 5153 informacionem
1405 5092 1510 5151 huius·

1404 5191 1423 5232 ὴ
