3736 5826
743 559 942 631 Argumenta.
1308 557 1477 616 ccxxvii

158 653 359 669 s--m
376 666 484 673 ——.
886 663 1222 671 —r-——-—
1235 665 1248 670 -
1276 665 1343 670 ----
1354 663 1477 670 -ι---ωα-

1396 777 1413 821 P
1442 777 1448 790 .

180 851 237 898 118
286 853 391 904 Anno
418 858 494 921 1438,
515 858 554 908 26.
574 855 673 922 aprilis.
701 839 817 906 Casmae.
843 855 993 923 Capitulum
1019 855 1158 910 dusmense,
1184 851 1311 912 Uiricum,
1330 867 1371 904 co·
1413 791 1479 834 ¹8¹³·

287 943 402 994 mitem
423 946 520 1004 Oileus,
541 961 572 994 ex
591 945 719 994 sententia
738 943 841 994 tabulae
859 945 945 1010 regiae
964 960 1011 1011 pro
1029 943 1131 1009 injuriis
1150 941 1313 992 aVilhelmo
1332 957 1372 992 ca·

288 1033 426 1084 stellano
445 1036 529 1094 iactis,
548 1034 671 1084 mulctam
690 1034 733 1084 die
751 1034 821 1084 dicta
841 1050 894 1085 nou
913 1033 1067 1100 persolvisse
1086 1033 1195 1082 Alberto
1213 1033 1267 1096 regi
1287 1033 1371 1084 refert.
1429 1032 1476 1097 lsi

184 1145 253 1196 119.
289 1138 395 1190 Anno
419 1141 494 1204 1438.
513 1141 663 1206 Stephanus
682 1141 780 1190 Bethor
797 1141 876 1206 judex
901 1142 987 1190 curiae
1012 1139 1126 1206 capitulo
1152 1139 1277 1189 dusmensi
1297 1137 1372 1204 jubet

291 1227 447 1278 civitatem
465 1230 492 1278 in
510 1229 636 1294 judicium
655 1229 728 1278 citari
753 1252 1366 1269 ···································

185 1339 257 1382 120.
294 1333 391 1383 Anno
414 1337 489 1398 1438,
510 1347 551 1398 30.
571 1335 735 1400 septembris.
754 1335 852 1386 Budae.
878 1335 1027 1400 Stephanus
1045 1335 1152 1392 Bethor,
1175 1333 1254 1399 judex
1278 1333 1371 1390 curiae,

295 1423 419 1472 mandat
438 1423 552 1489 capitulo
571 1423 705 1482 dusmensi,
724 1432 752 1474 ut
772 1426 944 1490 peremptorie
963 1423 996 1473 ad
1008 1431 1112 1473 octavas
1124 1425 1184 1473 testi
1197 1423 1222 1474 b.
1236 1421 1372 1473 Michaelis

297 1509 465 1576 archangeli
484 1514 693 1563 communitatem
713 1514 824 1563 civitatis
843 1515 938 1563 montis
958 1513 1095 1562 Grecensis
1114 1513 1194 1578 injus
1205 1519 1288 1572 vocet,
1302 1513 1372 1578 quod

298 1599 365 1650 iam
384 1618 453 1652 anuo
472 1612 547 1666 1433.
566 1601 680 1668 capitulo
699 1603 800 1667 segub,
820 1604 927 1666 eiusque
948 1603 1156 1666 possessionibus
1180 1609 1206 1651 et
1224 1602 1372 1652 hominibus

303 1703 425 1754 maguus
443 1689 551 1755 injurias
569 1691 694 1756 imposuit
701 1715 1366 1730 ······································

195 1803 267 1846 121.
299 1796 393 1846 Anno
415 1799 490 1861 1438,
510 1799 533 1850 8.
552 1799 709 1848 novembris.
729 1797 869 1850 Remethe.
890 1795 1013 1848 Michael.
1031 1797 1142 1846 vicarius
1161 1803 1302 1847 conventus
1315 1797 1370 1846 Re·

304 1888 447 1944 metensis,
466 1888 677 1936 communitatem
695 1887 808 1936 civitatis
828 1887 870 1938 60.
889 1886 1008 1944 florenos,
1027 1886 1141 1950 legatum
1162 1887 1282 1936 dominae
1307 1887 1371 1936 Ger-

308 1975 406 2034 trndis,
426 1975 460 2026 ad
480 1992 555 2026 usum
573 1975 636 2028 eccl.
649 1977 674 2028 b.
688 1993 711 2028 v.
725 1978 825 2026 Mariae
844 1976 992 2026 monasterii
1005 1977 1111 2026 Remet.
1125 1975 1250 2034 relictum,
1264 1975 1372 2026 solvisse

308 2063 448 2112 confirmat
465 2089 1366 2104 ···················································
1428 2067 1476 2130 164

205 2172 274 2214 122.
309 2169 395 2218 Anno
417 2171 492 2233 1438,
512 2183 536 2232 9.
561 2170 716 2221 novembris.
742 2171 840 2220 Budae.
872 2169 1020 2234 Stephanus
1044 2169 1150 2228 Bethor,
1173 2170 1252 2234 judex
1277 2171 1370 2229 curiae,

313 2257 458 2308 identidem
478 2259 593 2324 capitulo
612 2259 738 2308 dusmensi
757 2260 869 2318 mandet,
888 2267 917 2308 ut
936 2260 1145 2310 communitatem
1165 2259 1285 2318 civitatis,
1304 2277 1370 2326 quae

315 2345 343 2393 in
363 2347 460 2396 curiam
478 2349 567 2397 venire
585 2348 695 2406 dubitet,
715 2349 837 2412 gravibus
856 2349 940 2397 verbis
958 2350 986 2398 iu
1002 2349 1044 2414 jus
1059 2349 1121 2398 citet
1128 2374 1365 2389 ··············

211 2458 281 2512 123.
311 2455 390 2502 Anno
413 2467 486 2518 1439,
507 2467 548 2518 23.
568 2455 669 2520 aprilis.
689 2456 803 2505 Posonii.
823 2455 951 2504 Albertus
970 2456 1120 2520 Hungariae
1136 2464 1184 2505 etc.
1197 2472 1243 2505 rex
1255 2456 1369 2521 capitulo

314 2543 476 2606 zagrabiensi
501 2545 678 2608 possessiones
703 2543 853 2608 Kraljevec,
879 2543 962 2608 Cerje,
984 2544 1123 2609 Kobiljalr,
1142 2544 1241 2610 Sviblje
1260 2552 1286 2594 et
1304 2546 1370 2595 Nart

315 2645 374 2678 cum
392 2632 513 2681 omnibus
529 2631 640 2698 juribus,
659 2648 725 2696 quae
742 2634 839 2690 insunt,
856 2633 925 2682 dono
943 2633 987 2682 dat
1000 2659 1363 2674 ·····················

217 2726 285 2780 124.
313 2719 394 2768 Anno
416 2731 491 2784 1439,
511 2721 527 2770 6
554 2723 623 2775 maii.
643 2722 757 2773 Posonii.
790 2721 917 2772 Albertus
936 2722 1086 2786 Hungsriae
1110 2729 1159 2771 etc.
1185 2739 1229 2770 rex
1254 2723 1368 2788 capitulo

315 2807 441 2858 dusmensi
461 2810 572 2868 mandat,
586 2817 614 2858 ut
636 2809 777 2875 capitulum
790 2811 891 2874 aagrab.
905 2812 932 2860 in
946 2812 1133 2860 usumfructum
1146 2812 1297 2861 donatarum
1310 2827 1368 2877 pos·

316 2899 468 2962 sessionum,
487 2914 553 2962 quae
571 2905 696 2949 uocantur
714 2899 864 2964 Kraljevec,
884 2899 958 2963 Cerje
978 2905 1027 2950 etc.
1045 2899 1150 2949 inducat
1163 2925 1364 2940 ············
1459 2914 1473 2954 2

222 2995 284 3050 125.
310 2988 391 3036 Anno
413 2999 487 3051 1439.
507 2987 531 3040 6.
551 2989 630 3054 Junii.
649 2974 765 3040 Casmae.
785 2988 934 3054 Capitulum
952 2987 1084 3037 dusmense
1103 2987 1204 3040 nuntiat
1227 2989 1368 3054 capitulum

315 3077 416 3139 zagrab.
436 3077 464 3126 in
482 3073 670 3126 usumfructum
688 3078 839 3126 donatarum
859 3077 1059 3142 possessionum,
1078 3091 1145 3140 quae
1163 3085 1286 3127 vocantur
1298 3079 1368 3128 Kra-

316 3163 397 3228 ljevec
416 3173 463 3217 etc.
481 3165 554 3216 nullo
572 3167 760 3216 contradictore
778 3173 918 3231 apparente
937 3179 992 3214 esse
1010 3165 1143 3215 inductum
1161 3191 1363 3206 ············

225 3253 286 3305 126.
314 3256 395 3303 Anno
425 3257 499 3317 1439,
529 3267 570 3318 27.
593 3255 676 3320 Junii.
703 3255 850 3318 Zagrabiae.
869 3255 1012 3320 Johauues,
1032 3254 1138 3306 Cisterc.
1164 3255 1368 3319 zagrabiensium

314 3343 403 3406 abbas,
423 3342 602 3392 communitati
620 3343 733 3393 civitatis
751 3343 846 3393 montis
868 3344 1006 3392 Grecensis
1019 3343 1151 3409 exemplar
1163 3344 1313 3409 diplomatis
1327 3345 1367 3394 Si·

314 3431 445 3494 gismundi
463 3432 532 3495 regis
546 3432 600 3481 edit
607 3455 1362 3473 ···········································

228 3527 288 3583 ¹27·
313 3521 389 3568 Anno
411 3530 486 3584 1439,
506 3532 529 3584 3.
547 3521 621 3586 Julii.
648 3521 745 3572 Budas.
773 3519 903 3577 Albertus,
929 3521 1079 3584 Hungarlae
1103 3527 1150 3572 etc.
1175 3538 1227 3580 rer,
1254 3522 1368 3588 capitulo

315 3609 440 3659 dusmensi
465 3611 578 3668 mandat,
602 3617 631 3660 ut
650 3611 826 3659 communitati
845 3610 957 3659 civitatis
976 3611 1072 3659 montis
1091 3611 1237 3670 Grecensis,
1257 3614 1368 3676 quaein

315 3699 382 3760 regis
398 3698 525 3761 judicium
544 3713 596 3747 non
616 3699 693 3754 veuit,
713 3699 782 3747 diem
797 3699 866 3748 dicat
872 3723 1362 3741 ···························

230 3787 286 3835 128.
312 3787 389 3835 Anno
410 3796 485 3849 1439,
508 3796 546 3849 13.
564 3786 639 3851 Julii.
658 3785 754 3837 Budae.
775 3786 907 3844 eilbertus,
927 3787 1079 3850 Hungariae
1097 3795 1145 3839 etc.
1164 3805 1207 3835 rex
1227 3789 1367 3838 communi-

317 3883 393 3925 tatem
418 3877 531 3926 civitatis
549 3877 643 3926 montis
662 3877 799 3926 Grecensis
817 3876 983 3941 reprehendit
1001 3877 1029 3926 iu
1048 3891 1086 3934 eo,
1106 3877 1175 3941 quod
1194 3877 1308 3942 capitulo
1326 3893 1366 3927 aa·

315 3965 443 4029 grabiensi
462 3967 574 4014 minatur
589 3990 1362 4006 ············································

230 4064 286 4114 129.
313 4056 388 4103 Anno
410 4063 485 4117 1439,
506 4054 639 4119 28.Ju1ii.
660 4039 775 4106 Casmae.
796 4053 945 4119 Capitulum
964 4054 1096 4105 dusmense
1109 4055 1317 4105 communitatem
1331 4057 1365 4106 ci-

318 4144 404 4192 vitatis
423 4144 518 4192 montis
538 4143 674 4194 Grecensis
693 4144 779 4208 injus
797 4159 854 4192 esse
873 4145 975 4192 citatam
997 4143 1105 4193 Alberto
1121 4145 1175 4208 regi
1194 4145 1307 4193 nuntiat·
1319 4172 1325 4183 ·
1337 4171 1361 4184 ··

230 4241 287 4294 130.
312 4234 388 4280 Auno
403 4241 478 4294 1441.
496 4241 535 4292 19.
548 4229 645 4297 aprilis.
660 4233 745 4296 Prope
757 4232 897 4283 Sabarium.
919 4232 1135 4282 Commuuitatem
1147 4233 1259 4282 civitatis
1272 4235 1366 4282 moutis

315 4319 452 4370 Grecensis
471 4337 486 4370 1
504 4321 638 4370 Friderico
656 4329 681 4370 et
700 4321 799 4384 Ulrico,
813 4322 951 4372 comitibus
964 4322 1054 4380 Ciliza,
1078 4321 1203 4386 exagitari
1216 4321 1366 4378 vladislaus

314 4411 464 4472 Hungariee
482 4417 531 4459 etc.
550 4425 594 4458 rex
613 4417 682 4458 vetat
695 4436 1360 4450 ······································

231 4501 381 4560 13111111
408 4507 482 4561 1441,
509 4498 533 4551 6.
557 4499 627 4552 maii.
652 4500 749 4550 Budae.
780 4498 940 4558 vladislaus,
966 4500 1116 4564 Hungariae
1141 4507 1187 4549 etc,
1217 4516 1269 4558 rex,
1297 4501 1365 4549 cives

314 4589 408 4637 montis
428 4589 565 4637 Grecensis
583 4589 738 4648 consolatur,
754 4590 927 4653 certioresque
939 4589 1000 4638 iacit
1014 4605 1069 4637 sese
1083 4589 1216 4637 mandasse
1229 4589 1365 4638 comitibus

313 4676 403 4736 Ciliae,
422 4684 451 4726 ut
469 4677 587 4727 homines
606 4693 665 4728 suos
684 4695 699 4728 1
717 4679 829 4728 civitatis
848 4679 984 4728 obsidione
1003 4685 1162 4726 removerent
1176 4703 1360 4717 ···········

231 4776 286 4830 ¹3²·
312 4767 387 4816 Anno
409 4777 483 4830 1441,
513 4775 552 4818 11.
577 4767 646 4816 mail.
673 4767 820 4831 Zagrabiae.
853 4768 945 4816 Coram
970 4767 1084 4832 capitulo
1108 4767 1209 4830 zugrub.
1236 4767 1363 4830 Georgius

315 4856 448 4922 presbyter
465 4872 555 4921 agrum
574 4859 717 4921 quemdam,
737 4857 782 4922 qui
801 4859 828 4907 in
847 4857 925 4906 Nova
943 4856 1006 4906 villa
1018 4859 1082 4907 situs
1095 4865 1142 4915 est,
1156 4873 1186 4905 ex
1200 4856 1364 4905 Constantini

314 4945 430 5009 episcopi
450 4946 596 4995 Rosnensis
616 4953 769 4996 testamento
787 4945 861 4995 altari
882 4962 901 4998 s.
921 4947 1019 4994 Mariae
1037 4946 1205 5010 liagdalenae
1218 4947 1244 4994 in
1258 4945 1366 4994 ecclesia

313 5033 454 5083 cathedrali
473 5033 578 5084 exhibet
585 5059 1360 5075 ............................................
1422 5036 1467 5100 185

1304 5121 1319 5148 ὕ
