3804 5858
662 532 736 590 Doc.
752 527 832 610 364.
856 489 894 574 Ι-
919 535 976 590 An.
1000 546 1091 610 1492.
1431 538 1493 613 485

228 746 410 806 earumdem
444 746 597 804 universis
632 747 711 805 inibi
743 746 895 819 legittime
929 748 1107 807 convocatis
1130 754 1161 806 et
1183 749 1387 823 presentibus,
1411 766 1495 809 acce·

229 853 345 924 dentes,
367 850 543 910 introducat
566 851 724 925 prefatum
747 851 909 910 dominum
928 853 1114 911 Michaelem
1135 854 1167 912 in
1183 853 1358 914 dominium
1373 871 1495 916 earum·

229 959 309 1029 dem,
332 962 508 1030 statuatque
530 956 654 1015 easdem
677 955 778 1016 eidem
801 971 838 1015 ac
860 961 1004 1016 annotate
1026 959 1154 1017 ecclesie
1178 973 1240 1030 sue,
1257 963 1411 1034 premisso
1426 961 1495 1038 jure

228 1065 289 1123 sibi
323 1065 529 1136 incumbente,
564 1069 716 1137 perpetuo
739 1063 948 1136 possidendas,
988 1064 1015 1122 si
1048 1079 1110 1122 non
1144 1063 1238 1123 fuerit
1260 1065 1493 1138 contradictum;

228 1168 469 1228 contradictores
492 1184 575 1239 verb,
599 1168 703 1242 siqui
726 1167 848 1240 fuerint,
873 1175 981 1227 evocet
1003 1170 1089 1244 ipsos
1112 1177 1219 1228 contra
1242 1177 1422 1230 annotatum
1440 1172 1493 1230 do·

228 1277 347 1334 minum
373 1275 557 1333 Michaelem
580 1279 718 1333 nostram
741 1276 774 1334 in
797 1275 990 1349 presenciam
1013 1277 1045 1335 in
1067 1277 1174 1335 sedem
1196 1253 1429 1351 ragrabiensem
1452 1279 1492 1336 ad

227 1382 394 1440 terminum
410 1387 648 1454 competentem,
672 1381 827 1464 racionem
851 1381 1106 1441 contradiccionis
1122 1383 1292 1442 eorundem
1308 1383 1492 1443 reddituros.

230 1489 266 1544 Et
289 1494 359 1560 post
383 1487 440 1544 hec
462 1487 641 1545 huiusmodi
664 1486 905 1544 introduccionis
928 1494 959 1546 et
981 1489 1158 1547 statuclonis
1188 1489 1300 1547 seriem
1326 1505 1396 1546 cum
1421 1505 1493 1548 con·

227 1592 431 1650 tradictorum
455 1603 485 1650 et
506 1599 715 1662 evocatorum,
740 1593 765 1650 si
788 1594 843 1667 qui
866 1593 988 1665 luerint,
1012 1595 1248 1670 vicinorumque
1270 1601 1301 1654 et
1323 1601 1493 1652 commeta·

226 1713 365 1769 neotum,
397 1699 452 1772 qui
485 1699 635 1772 premisse
669 1699 831 1757 statucioni
862 1699 1066 1768 interfuerint,
1087 1701 1275 1772 nominibus,
1298 1701 1493 1774 terminoque

226 1805 390 1877 assignato,
412 1805 503 1862 nobis
519 1819 606 1862 more
628 1804 721 1862 solito
744 1805 928 1864 rescribatis.
950 1807 1109 1865 Presentes
1131 1814 1236 1864 autem
1252 1807 1357 1878 sigillo
1373 1807 1492 1878 egregii

226 1909 355 1968 Osualdi
378 1909 416 1967 de
439 1909 584 1986 Polyana,
607 1911 749 1969 vicebani
779 1919 809 1968 et
830 1905 960 1969 'comitis
989 1912 1088 1970 nostri
1118 1912 1339 1984 zagrabiensis,
1363 1911 1493 1970 lecimus

226 2015 407 2088 consignari.
431 2015 546 2073 Datum
571 2016 602 2073 in
625 2015 791 2074 Gwdowcz
814 2017 846 2074 in
869 2015 948 2074 festo
970 2017 1053 2075 beati
1084 2017 1191 2098 Jacobi
1226 2017 1370 2091 apostoli.
1403 2019 1492 2074 Anno

228 2121 346 2179 domini
370 2121 539 2180 millesimo
562 2121 867 2195 quadringentesimo
891 2123 1091 2195 nonagesimo
1114 2123 1257 2180 secundo.

332 2277 356 2323 E
375 2283 537 2340 transumpto
556 2275 697 2326 Wladislai
716 2277 785 2338 regis
803 2277 836 2324 de
854 2291 922 2326 anno
944 2289 1017 2344 1495.
1038 2279 1070 2326 In
1088 2277 1158 2328 arch.
1183 2276 1229 2328 lib.
1249 2293 1301 2340 reg.
1321 2278 1369 2326 civ.
1389 2277 1490 2342 zagrab.

805 2505 893 2573 364.

330 2666 411 2714 Anno
433 2677 508 2728 1492,
531 2667 569 2716 16.
589 2667 713 2728 Augusti.
734 2665 883 2728 Zagrabiae.

225 2790 367 2849 Sacellum
391 2811 412 2852 s.
435 2794 555 2867 spiritus
586 2793 616 2848 in
636 2793 824 2864 possessiones
838 2793 1041 2868 sobagionales
1064 2813 1121 2852 esse
1150 2788 1299 2851 in'ductum
1330 2811 1349 2849 a
1366 2793 1491 2866 captitdo

704 2898 824 2976 zagrab.
849 2900 1009 2956 nuntr'crtur.

327 3062 391 3119 Nos
414 3061 585 3134 capitulum
609 3062 736 3119 ecclesie
759 3060 973 3133 zagrabiensis.
997 3061 1111 3117 Notum
1137 3059 1268 3118 tacimus
1291 3065 1396 3117 tenore
1419 3075 1487 3133 pre

222 3168 359 3226 sencium
383 3167 599 3240 significantes,
623 3168 736 3240 quibus
759 3165 885 3238 expedit
908 3167 1068 3236 universis
1100 3165 1183 3240 quod
1207 3180 1263 3223 nos
1285 3165 1405 3223 litteras
1423 3180 1487 3222 ma·

222 3273 327 3346 gnifici
351 3272 469 3330 domini
494 3272 630 3330 Ladislai
654 3271 691 3330 de
726 3273 898 3344 Egerwara‚
922 3287 1089 3344 regnorum
1113 3271 1283 3340 Dalmacie‚
1307 3270 1435 3328 Croacie
1458 3277 1487 3328 et

222 3379 385 3437 Sclauonie
401 3379 475 3436 bani
490 3378 728 3436 introductorias
744 3383 773 3435 et
790 3379 966 3435 statutorias
988 3378 1079 3436 nobis
1095 3377 1301 3434 amicabiliter
1324 3376 1487 3449 loquentes

225 3495 255 3543 et
280 3485 412 3542 directas
447 3485 563 3541 honore
597 3489 627 3542 et
660 3484 845 3554 reverencia,
869 3484 982 3556 quibus
1017 3483 1127 3554 decuit,
1163 3483 1336 3556 recepimus
1367 3483 1398 3539 in
1430 3482 1487 3540 hec

221 3591 333 3648 verba:
358 3582 444 3666 (vide
475 3589 549 3645 Doc.
574 3587 647 3662 363·
677 3587 715 3644 de
747 3603 826 3646 anno
865 3603 956 3662 149²·
982 3602 1030 3656 25.
1052 3580 1141 3664 julli).
1166 3574 1228 3646 Nos
1251 3579 1355 3661 itaque
1379 3588 1486 3661 petici-

222 3697 333 3754 onibus
356 3697 455 3769 ipsius
479 3694 598 3752 domini
629 3694 764 3752 Ladislai
786 3695 860 3752 bani
890 3699 1058 3752 annuentes
1081 3709 1142 3752 una
1166 3709 1237 3752 cum
1261 3693 1384 3768 prefato
1420 3692 1486 3751 Ste-

221 3804 325 3876 phano
348 3803 529 3873 Kasnarych
552 3800 591 3859 de
614 3801 696 3859 dicta
718 3800 914 3873 Glawnycza,
938 3801 1063 3858 homine
1086 3817 1140 3858 sue
1163 3800 1394 3873 magnificencie
1418 3816 1487 3874 pre·

221 3909 312 3982 dicte,
336 3914 476 3965 nostrum
507 3907 667 3965 hominem
691 3905 836 3966 videlicet
860 3906 1029 3964 discretum
1052 3905 1215 3964 dominum
1239 3907 1424 3964 Michaelem
1448 3905 1487 3964 de

220 4013 469 4086 Zthenychnyak,
493 4014 581 4071 chori
615 4013 695 4072 dicte
726 4013 853 4071 ecclesie
877 4021 980 4070 nostre
1004 4013 1211 4084 zagrabiensis
1235 4011 1486 4086 prebendarium,

220 4121 260 4178 ad
283 4122 450 4194 premissas
474 4119 737 4178 introduccionem
754 4125 784 4177 et
800 4120 1002 4177 statucionem
1025 4117 1161 4176 fideliter
1184 4117 1359 4177 faciendam
1381 4125 1487 4176 nostro

221 4242 278 4302 pro
310 4227 485 4285 testimonio
517 4226 745 4284 transmisimus
776 4224 977 4298 fidedignum.
1003 4225 1064 4298 Qui
1087 4223 1212 4282 tandem
1235 4223 1346 4282 exinde
1368 4224 1408 4282 ad
1431 4238 1487 4281 nos

219 4335 337 4392 reversi
352 4339 382 4392 et
404 4349 461 4406 per
483 4348 539 4390 nos
562 4333 710 4408 requisiti,
733 4333 801 4406 ipse
824 4331 970 4390 videlicet
986 4330 1161 4404 Stephanus
1177 4331 1368 4404 Kasnarych,
1391 4331 1488 4388 homo

220 4441 348 4510 banalis,
371 4440 500 4513 prestito
524 4438 611 4512 prius
633 4453 740 4496 coram
762 4438 852 4495 nobis
875 4439 1032 4512 corporali
1054 4452 1110 4495 suo
1135 4435 1318 4514 juramento,
1344 4429 1392 4514 (ac
1415 4450 1488 4509 pre-⁴

220 4537 313 4622 fatus)
344 4545 485 4616 Michael‚
516 4545 609 4602 homo
632 4550 743 4616 noster,
766 4545 797 4602 iu
822 4544 956 4617 puritate
979 4559 1033 4600 sue
1056 4542 1252 4612 consciencie,
1277 4541 1315 4599 de
1338 4547 1368 4598 et
1390 4556 1485 4616 super

220 4651 399 4710 huiusmodi
432 4666 487 4707 sua
513 4651 697 4708 execucione
730 4651 822 4708 nobis
865 4648 1075 4724 parisormiter
1106 4649 1279 4707 retulerunt
1309 4662 1346 4705 eo
1376 4646 1487 4704 modo:

220 4755 378 4829 quomodo
402 4757 538 4830 prelatus
562 4757 656 4814 homo
679 4757 810 4830 banalis,
832 4757 901 4830 ipso
923 4760 1030 4813 nostro
1045 4755 1222 4813 testimonio
1237 4758 1388 4828 presente,
1412 4751 1488 4810 teria

220 4863 314 4919 tercia
337 4863 369 4920 in
392 4861 531 4936 profesto
562 4861 708 4920 videlicet
737 4862 777 4918 ad
810 4861 934 4918 vincula
958 4861 1041 4920 beati
1064 4861 1147 4918 Petri
1171 4859 1316 4935 apostoli,
1341 4859 1485 4932 proxime

151 4957 152 4960 '
219 4969 378 5042 preterito,
403 4969 441 5025 ad
465 4968 558 5026 iacies
581 4969 826 5044 prescriptarum
850 4959 992 5041 quatuor
1006 4968 1178 5026 sessionum
1193 4965 1439 5044 jobagionalium
1456 4963 1488 5020 ln
