3948 5804
408 570 448 645 84
840 565 912 622 Dec.
937 558 988 626 68.
1016 595 1051 606 -
1079 563 1134 621 An.
1159 577 1247 640 1433.

407 788 543 840 moratos
566 781 598 839 in
628 795 753 839 causam
783 785 928 838 attractos
959 779 990 836 in
1023 779 1183 852 premissis
1213 779 1425 854 peremptorie
1456 792 1667 852 responsuros,

407 887 624 960 racionemque
648 884 807 944 efficacem
830 883 1005 943 reddituros
1030 888 1138 942 contra
1154 889 1334 942 annotatum
1351 883 1526 958 capitulum
1541 883 1669 942 ecclesie

406 991 613 1066 zugrabiensis
636 991 676 1050 ad
699 997 824 1049 octavas
847 989 917 1048 festi
941 989 1187 1064 Epiphaniarum
1211 987 1334 1049 domini
1357 995 1429 1048 tunc
1454 993 1600 1048 venturas
1623 1005 1670 1047 re·

406 1099 491 1172 giam
514 1104 657 1157 evocaret
679 1099 710 1156 in
733 1097 933 1172 presenciam,
957 1101 985 1152 et
1016 1101 1086 1168 post
1118 1097 1176 1154 hec
1206 1097 1303 1170 ipsius
1335 1095 1526 1154 evocacionis
1559 1095 1670 1153 seriem

407 1221 478 1262 cum
511 1205 689 1264 nominibus
718 1209 916 1262 evocatorum
948 1201 987 1259 ad
1011 1202 1135 1260 easdem
1166 1207 1290 1260 octavas
1324 1202 1407 1260 dicto
1440 1201 1567 1260 domino
1601 1215 1671 1259 meo

406 1309 542 1369 fideliter
571 1309 790 1369 rescriberelis.
821 1311 849 1366 A
881 1307 1123 1381 quibusquidem
1154 1309 1282 1377 octavis,
1307 1308 1383 1366 dum
1413 1323 1505 1366 causa
1529 1308 1671 1382 parcium

407 1416 578 1491 prescripta
590 1421 695 1490 partes
710 1415 789 1474 inter
800 1415 924 1474 easdem
936 1416 1075 1474 seriebus
1087 1414 1262 1472 litterarum
1276 1421 1450 1472 nostrarum
1463 1413 1672 1488 prorogatori-

407 1536 496 1580 arum
512 1537 550 1580 ex
569 1522 787 1581 commissione
802 1522 995 1596 prelatorum
1012 1525 1042 1578 et
1058 1521 1212 1578 baronum
1228 1521 1316 1594 regni
1332 1519 1531 1591 sentinando,
1549 1519 1590 1577 ad
1602 1534 1671 1593 pre-

407 1631 507 1686 sentes
522 1634 647 1686 octavas
664 1627 733 1686 festi
749 1627 832 1686 beati
847 1628 955 1710 Jacobi
979 1627 1114 1701 apostoli
1131 1627 1329 1700 prorogative
1345 1625 1527 1700 devenisset,
1547 1625 1672 1684 tandem

409 1733 485 1808 ipsis
508 1734 625 1791 octavis
649 1733 719 1792 festi
743 1733 826 1791 beati
848 1733 958 1817 Jacobi
981 1733 1116 1808 apostoli
1140 1735 1333 1804 instantibus,
1357 1733 1510 1791 Ladamer
1526 1733 1564 1790 de
1591 1731 1673 1790 Ada-

407 1841 507 1898 nooch
531 1855 589 1914 pro
614 1839 696 1898 dicto
717 1840 854 1913 capitulo
871 1839 998 1898 ecclesie
1013 1839 1304 1913 zagrabiensiscum
1320 1839 1540 1914 procuratoriis
1563 1839 1675 1898 litteris

407 1945 546 2004 eiusdem
569 1947 600 2006 in
622 1951 761 2005 nostram
784 1947 910 2004 veniens
925 1947 1124 2021 presenciam,
1141 1945 1260 2003 litteras
1277 1952 1393 2003 vestras
1410 1961 1503 2019 super
1524 1945 1674 2020 premissa

408 2053 592 2111 evocacione
623 2051 705 2110 dicto
735 2051 863 2112 domino
886 2068 957 2111 meo
979 2053 1045 2126 regi
1068 2051 1322 2125 rescripcionales
1345 2065 1452 2110 rursus
1475 2051 1674 2125 presentavit,

407 2160 439 2217 in
463 2159 575 2231 quibus
598 2173 654 2232 per
676 2158 860 2217 Michaelem
883 2159 922 2218 de
935 2159 1076 2232 Kysgora
1099 2157 1229 2231 regium,
1252 2163 1281 2215 et
1296 2157 1449 2239 Jacobum
1465 2157 1673 2232 presbiterum

408 2265 495 2323 chori
517 2265 643 2322 ecclesie
666 2269 768 2323 vestre
791 2264 928 2338 predicte
959 2263 1201 2340 prebendarium
1233 2269 1380 2336 vestrum,
1409 2263 1560 2337 homines,
1599 2262 1676 2321 feria

409 2372 516 2445 quinta
541 2371 683 2445 proxima
708 2374 779 2445 post
813 2371 926 2430 festum
949 2371 1169 2446 Concepcionis
1200 2371 1329 2444 virginis
1358 2370 1502 2444 gloriose,
1533 2370 1675 2445 proxime

409 2476 591 2551 preteritum
620 2477 791 2552 prelibatos
822 2477 1023 2552 Stephanum,
1053 2476 1156 2535 filium
1197 2476 1364 2549 Michaelis,
1387 2475 1581 2550 modernum,
1620 2475 1675 2534 Mi·

409 2582 564 2654 chaelem,
589 2582 690 2641 lilium
721 2583 901 2656 Sebastiani,
926 2585 1052 2642 Petrum
1073 2584 1274 2656 Hungarum,
1305 2583 1498 2642 Anthonium
1527 2583 1675 2653 italicum,

410 2688 571 2760 Briccium,
595 2688 696 2746 filium
721 2689 874 2748 Benedicti
898 2697 929 2748 et
954 2689 1114 2748 Nicolaum
1145 2690 1221 2747 alias
1253 2687 1380 2765 judices,
1404 2689 1577 2748 Fabianum
1607 2689 1675 2747 lite-

409 2800 522 2865 ratum,
539 2795 666 2868 Fryche,
691 2793 870 2868 Georgium,
894 2795 996 2854 filium
1020 2795 1173 2854 Francisci
1198 2805 1227 2853 et
1250 2795 1396 2868 Blasium,
1420 2795 1523 2854 lilium
1546 2793 1675 2868 Wythe·

409 2901 486 2972 aych
509 2915 545 2958 ac
568 2901 646 2958 alios
670 2902 831 2960 universos
854 2909 884 2960 et
907 2903 1046 2975 singulos
1062 2900 1188 2977 juratos,
1213 2903 1413 2976 consiliarios
1430 2902 1521 2973 cives,
1538 2901 1675 2976 hospites

409 3011 439 3064 et
461 3011 559 3065 totam
581 3007 834 3066 communitatem
853 3009 985 3067 civitatis
1001 3008 1114 3066 montis
1129 3008 1314 3066 Grechensis
1331 3008 1369 3066 de
1385 3007 1472 3084 juxta
1488 3007 1674 3082 Zagrabiam

409 3113 440 3170 in
463 3112 572 3170 eadem
595 3112 718 3172 civitate
741 3107 1063 3172 montis'Grechensis
1090 3120 1196 3172 contra
1219 3120 1399 3172 annotatum
1430 3114 1603 3188 capitulum
1625 3127 1674 3170 ec·

409 3219 500 3276 clesie
523 3218 729 3291 zagrabiensis
745 3219 785 3278 ad
801 3219 897 3278 dictas
913 3225 1038 3278 octavas
1055 3208 1123 3280 lest'i
1140 3221 1386 3295 Epiphaniarum
1412 3220 1530 3279 domini
1553 3219 1674 3293 regiam

312 3339 314 3344 ·
409 3325 441 3383 in
465 3325 657 3398 presenciam
670 3325 821 3398 legittime
844 3333 987 3384 evocatos
1004 3326 1070 3384 lore
1094 3327 1304 3401 comperimus
1329 3326 1498 3386 manifeste.
1517 3326 1566 3385 Ad
1583 3340 1673 3400 quas-

410 3429 536 3504 quidem
552 3438 676 3488 octavas
693 3429 762 3489 testi
778 3432 860 3490 beati
876 3433 985 3515 Jacobi
1002 3433 1135 3506 apostoli
1152 3430 1215 3507 (sic)
1234 3433 1345 3508 prelati
1362 3434 1394 3492 in
1410 3448 1535 3492 causam
1551 3432 1673 3491 attracti

409 3551 466 3610 per
487 3541 667 3594 annotatum
690 3547 924 3612 procuratorem
948 3530 1022 3597 dicti
1045 3539 1173 3613 capituli
1187 3541 1217 3598 in
1236 3555 1367 3614 persona
1380 3539 1518 3598 eiusdem
1528 3539 1672 3613 congruis

410 3643 520 3702 diebus
544 3645 683 3717 ipsarum
705 3651 886 3704 octavarum
911 3661 1014 3704 coram
1039 3647 1129 3704 nobis
1153 3648 1314 3721 expectati,
1338 3652 1477 3705 nostram
1497 3647 1528 3705 in
1551 3661 1675 3721 presen-

410 3750 490 3807 ciam
513 3764 573 3807 non
598 3757 747 3809 venerunt
769 3768 868 3825 neque
892 3753 1050 3822 miserunt,
1075 3751 1128 3810 sed
1153 3753 1361 3811 mediantibus
1385 3753 1455 3811 aliis
1471 3753 1582 3812 litteris
1606 3767 1675 3810 nos·

411 3857 466 3913 tris
505 3853 675 3932 judiciariis
722 3858 832 3915 exinde
868 3857 1014 3916 conlectis
1053 3859 1083 3916 in
1113 3857 1228 3934 judicio
1265 3861 1429 3932 aggravari
1468 3859 1674 3933 permitentes,

411 3961 571 4034 postulans
596 3961 734 4035 prelatus
768 3971 951 4038 procurator
982 3965 1056 4023 dicti
1077 3965 1204 4039 capituli
1238 3965 1338 4024 eidem
1372 3982 1410 4023 ex
1437 3970 1525 4041 parte
1556 3964 1674 4038 predic·

411 4074 516 4125 torum
540 4069 571 4126 in
595 4082 720 4126 causam
743 4075 954 4142 attraclorum‚
978 4087 1034 4144 per
1062 4087 1118 4129 nos
1148 4073 1179 4129 in
1210 4073 1370 4145 premissis
1400 4071 1477 4148 juris
1507 4071 1674 4145 equitatem

411 4173 546 4246 elargiri.
569 4174 607 4231 Et
630 4175 702 4248 quia
726 4177 874 4250 prelibati
896 4178 927 4235 in
953 4193 1077 4236 causam
1102 4179 1224 4236 attracti
1246 4178 1283 4236 ad
1310 4179 1461 4252 premissa
1490 4179 1558 4236 vice
1588 4177 1675 4236 terci-

412 4279 477 4337 aria
499 4279 649 4338 evocandi
672 4280 741 4339 sore
764 4282 959 4354 videbantur,
984 4299 1043 4359 pro
1066 4299 1102 4342 eo
1123 4269 1260 4342 vestram
1284 4285 1458 4343 amiciciam
1481 4285 1675 4358 presentibus

411 4386 546 4459 petimus
570 4385 742 4460 diligenter,
767 4395 917 4462 quatenus
934 4397 1073 4448 vestrum
1090 4391 1218 4448 mittatis
1240 4392 1400 4450 hominem
1423 4406 1481 4466 pro
1501 4391 1676 4450 testimonio

411 4489 612 4563 fidedignum,
637 4508 699 4566 quo
732 4503 889 4568 presente:
924 4496 1114 4568 Valentinus,
1145 4497 1229 4555 filius
1260 4496 1418 4572 Stephani,
1448 4498 1501 4555 vel
1531 4497 1676 4555 Nicolaus

411 4601 463 4653 aut
486 4596 664 4655 Demetrius
687 4599 725 4657 de
749 4601 892 4660 Drenoua
922 4603 969 4660 sin
991 4603 1157 4674 Dionisius,
1187 4603 1271 4662 filius
1294 4605 1428 4662 Emerici
1447 4603 1487 4662 de
1507 4603 1676 4661 Adanouch

411 4717 464 4759 seu
489 4702 586 4760 Lucas
602 4705 667 4762 sive
683 4706 816 4765 Michael
832 4707 870 4765 de
887 4708 1041 4782 Kysgara,
1055 4724 1133 4766 neve
1148 4709 1302 4769 Ladomer
1320 4709 1358 4768 de
1381 4710 1464 4768 dicta
1487 4708 1676 4767 Adanoouch

411 4808 480 4865 aliis
503 4809 690 4882 absentibus,
714 4812 808 4870 homo
826 4818 935 4886 vester,
950 4813 1089 4888 prefatos
1112 4815 1143 4872 in
1167 4831 1291 4874 causam
1312 4821 1457 4874 attractos
1470 4814 1500 4872 in
1517 4814 1676 4889 premissis

413 4917 622 4990 peremptorie
655 4933 876 4992 responsuros,
912 4922 1129 4994 racionemque
1160 4921 1320 4979 efficacem
1358 4921 1534 4980 reddituros
1568 4935 1603 4978 ac
1638 4919 1676 4977 de

412 5022 570 5095 sexaginte
593 5039 647 5082 sex
671 5041 848 5085 marcarum
871 5029 960 5086 nobis
992 5034 1021 5085 et
1053 5029 1135 5102 parti
1172 5028 1301 5087 adverse
1333 5028 1546 5088 satisfacturos
1573 5033 1678 5086 contra
