3828 5822
661 637 735 695 Doc.
751 649 826 713 302.
858 667 894 679 -
918 635 975 694 An.
999 631 1088 713 1476.
1436 653 1495 714 3⁷1

239 742 441 749 ——----—--
461 742 498 746 ——
516 742 544 746 -
567 742 692 747 ——-
710 742 844 748 —.—..--
864 742 893 746 —-
949 742 990 747 -—-
1005 742 1041 747 --
1060 742 1087 746 ——
1149 742 1501 750 -—-—-.--—.-..—-———-.

823 950 913 1017 302.

334 1147 416 1196 Anno
437 1144 511 1209 1476,
532 1156 574 1197 20.
592 1144 715 1209 Augusti.
738 1144 889 1208 Zugrnbiae.

235 1326 389 1398 osvaldus,
411 1326 555 1401 epc'sccpius
587 1325 715 1399 ragrab,
745 1324 871 1398 capitulo
903 1326 1033 1396 concedit,
1066 1331 1101 1384 ut
1120 1342 1209 1382 arcae
1229 1325 1404 1398 cape'tularis
1418 1332 1497 1400 pars

228 1458 427 1527 sequestretur,
449 1449 566 1508 moeniis
588 1448 753 1520 obducatur,
777 1449 913 1524 laicisque
932 1449 975 1506 ad
993 1451 1150 1524 capitulum
1172 1448 1378 1534 defendendum
1400 1448 1492 1508 detur.

333 1601 489 1662 Osualdus
513 1602 564 1661 dei
586 1607 617 1661 et
631 1601 802 1678 apostolice
824 1601 906 1660 sedis
929 1603 1033 1676 gracia
1055 1601 1220 1676 episcopus
1243 1601 1371 1658 ecclesie
1387 1615 1493 1674 ragra-

229 1710 352 1768 biensis.
387 1709 540 1767 Omnibus
574 1708 691 1767 Christi
724 1707 871 1766 fidelibus
902 1709 1099 1783 presentibus
1132 1713 1163 1765 et
1194 1705 1315 1779 futuris,
1345 1707 1493 1765 noticiam

228 1815 424 1889 presencium
444 1814 608 1886 habituris,
631 1813 764 1872 salutem
787 1814 820 1872 in
851 1815 991 1872 omnium
1011 1813 1167 1872 salvatore
1190 1810 1283 1870 etad
1305 1817 1491 1886 perpetuam

226 1921 273 1979 rei
307 1920 500 1979 memoriam.
531 1919 751 1978 Meditantibus
781 1921 872 1978 nobis
895 1924 925 1978 et
958 1919 1044 1978 horis
1074 1919 1226 1978 continuis
1255 1933 1292 1976 ac
1324 1919 1490 1976 momentis

228 2026 434 2085 indesinenter
448 2026 684 2084 revolventibus
706 2025 841 2084 condam
865 2025 964 2084 felicis
986 2025 1207 2084 recordationis
1222 2029 1401 2083 nostrorum
1416 2041 1487 2099 pre·

227 2132 441 2205 decessorum,
471 2132 611 2191 eiusdem
642 2133 770 2190 ecclesie
805 2131 1059 2205 dignissimorum
1095 2130 1298 2205 pontificum,
1333 2131 1423 2188 beata
1454 2146 1490 2188 ac

227 2237 328 2297 felicia
353 2243 504 2312 tempora,
528 2253 572 2311 ea,
596 2253 656 2310 que
687 2238 823 2312 presenti
844 2242 950 2296 nostro
974 2237 1080 2295 seculo
1104 2241 1135 2295 et
1159 2236 1268 2294 diebus
1291 2237 1351 2294 hiis
1374 2237 1488 2294 instan-

226 2345 360 2416 tissimis,
392 2343 506 2417 quibus
536 2344 616 2401 hanc
644 2343 945 2401 turbulentissimam
976 2358 1012 2400 ac
1034 2342 1292 2415 inquietissimam
1315 2341 1413 2399 vitam
1436 2341 1491 2398 vix

225 2450 411 2525 respirantes
443 2448 599 2522 degemus,
629 2453 851 2522 comparentes
875 2447 1085 2506 admiracione
1106 2447 1329 2506 inennarrabili
1352 2447 1484 2505 circum·

226 2555 378 2628 ducimur,
401 2559 431 2612 et
463 2554 537 2611 dum
562 2554 728 2627 quitquam
750 2554 789 2612 de
812 2555 860 2612 his
884 2559 914 2612 et
936 2554 1001 2612 illis
1024 2554 1113 2612 effari
1134 2569 1291 2625 conamur,
1315 2567 1378 2611 vox
1402 2553 1488 2612 illico

225 2660 368 2719 faucibus
391 2661 492 2730 herel;
523 2675 596 2717 narn
619 2664 771 2734 quantum
793 2661 873 2718 inter
896 2660 1044 2718 orientem
1068 2664 1098 2717 et
1121 2658 1321 2731 occidentem,
1345 2660 1489 2718 tenebras

225 2771 255 2825 et
284 2767 395 2836 lucem,
426 2771 548 2824 tantum
581 2766 660 2824 inter
693 2767 751 2824 hec
781 2771 811 2824 et
844 2765 902 2824 illa
935 2766 1082 2823 interesse
1118 2765 1333 2839 conspicimus.
1357 2765 1394 2823 Et
1417 2765 1488 2823 ideo

223 2873 340 2932 nemini
362 2872 534 2931 absurdum
557 2872 658 2931 videri
689 2872 789 2943 debet,
813 2873 840 2930 si
862 2873 1004 2946 ipsorum
1026 2877 1205 2930 nostrorum
1228 2871 1484 2946 predecessorum

223 2980 354 3052 vestigia
388 2981 440 3038 vel
475 2981 556 3038 circa
590 2981 798 3054 nosmetipsos
829 2979 880 3037 vel
904 2980 1003 3038 eciam
1027 2979 1108 3037 circa
1130 2979 1391 3052 gubernacionem
1414 2979 1487 3036 sub·

223 3085 361 3143 ditonum
391 3095 570 3143 nostrorum
599 3086 750 3144 immitari
781 3101 1005 3160 usquequaque
1033 3100 1095 3143 non
1125 3084 1277 3156 valemus,
1307 3085 1374 3142 sive
1404 3085 1487 3142 enim

223 3191 263 3249 ad
294 3191 478 3250 domesticas
511 3196 541 3250 et
574 3192 743 3265 intestinas,
766 3192 832 3250 sive
866 3207 884 3249 a
918 3190 994 3250 ioris
1016 3189 1219 3249 adventantes
1242 3189 1433 3248 calamitates
1456 3195 1487 3248 et

223 3298 442 3356 tribulaciones
466 3297 669 3371 quotidianas,
687 3298 801 3371 quibus
824 3298 884 3355 hoc
906 3297 1050 3355 inclitum
1073 3311 1205 3368 regnum
1228 3311 1307 3368 pene
1329 3312 1486 3371 compres-

222 3421 293 3462 sum
327 3409 357 3462 et
379 3405 521 3462 attritum
557 3408 610 3476 est,
645 3398 822 3478 ‘respectum
856 3405 1037 3475 habeamus
1070 3403 1140 3477 quis
1174 3417 1247 3459 sane
1281 3403 1394 3460 mentis
1428 3417 1485 3470 nos

222 3512 388 3584 obiurgare
410 3511 533 3584 poterit,
558 3510 584 3568 si
607 3511 766 3569 veteribus
788 3510 929 3569 moribus
952 3511 1115 3568 hominum
1137 3509 1259 3567 obrutis
1282 3513 1312 3566 et
1335 3523 1406 3565 cum
1428 3522 1485 3566 suo

222 3616 327 3674 seculo
352 3616 487 3690 abolitis,
511 3617 685 3675 recentibus
716 3622 746 3674 et
769 3631 828 3674 evo
857 3622 963 3674 nostro
993 3614 1235 3673 accommodatis
1257 3615 1365 3672 usibus
1387 3619 1417 3672 et
1439 3615 1485 3673 vi·

221 3721 315 3779 vendi
337 3736 446 3779 norma
469 3721 613 3795 velimus
634 3722 781 3794 nolimus,
804 3723 849 3780 uti
873 3736 1029 3794 cogamur.
1051 3720 1170 3778 Tamen
1185 3724 1215 3778 et
1230 3720 1256 3777 si
1272 3720 1355 3778 enirn
1378 3719 1485 3778 dome-

220 3828 297 3885 stica
319 3827 518 3886 incommoda
538 3827 616 3886 adeo
641 3828 731 3886 nobis
754 3843 883 3886 onerosa
906 3827 1045 3898 existant,
1069 3825 1154 3899 quod
1176 3827 1261 3884 iuxta
1283 3841 1395 3884 vocem
1411 3841 1486 3901 apo·

221 3934 364 3991 stolicam
380 3934 435 3991 vix
457 3933 518 3991 sub
537 3935 581 3992 eis
596 3940 721 4008 tempus
736 3934 890 3993 redimere
905 3948 1080 4008 possumus,
1097 3933 1198 3991 maior
1221 3937 1324 3990 tamen
1340 3933 1486 3992 stimulus

221 4045 252 4096 et
281 4039 374 4112 longe
405 4041 553 4098 attrocior
581 4041 725 4098 acculeus
755 4055 812 4098 nos
840 4056 981 4114 pungens
1011 4040 1192 4129 insequitur,
1229 4038 1403 4097 Turcorum
1439 4041 1486 4099 vi·

221 4144 333 4204 delicet
368 4145 434 4202 iera
464 4149 494 4203 et
530 4146 794 4204 truculentissima
827 4147 938 4218 rabies,
973 4147 1028 4219 qui
1058 4145 1118 4203 hoc
1148 4145 1233 4203 idem
1266 4159 1398 4218 regnum
1421 4147 1486 4204 iam

220 4251 332 4309 maiori
348 4251 379 4309 in
396 4255 484 4324 parte
500 4253 637 4311 vastitati
659 4257 690 4310 et
713 4251 903 4310 desolacioni
915 4253 1089 4324 subactum,
1112 4250 1233 4310 excidio
1255 4249 1343 4308 finali
1365 4252 1397 4310 in
1421 4251 1486 4310 dies

220 4357 426 4414 exterminare
448 4358 629 4417 moliuntur.
660 4359 783 4417 Horum
805 4358 961 4431 siquidem
984 4358 1083 4415 crucis
1106 4357 1222 4414 Christi
1242 4357 1440 4416 inimicorum
1455 4362 1487 4416 et

219 4463 517 4521 immanissimorum
533 4465 700 4523 beluarum
715 4463 822 4522 feritas
838 4463 915 4522 adeo
931 4464 1073 4536 invaluit,
1096 4469 1130 4521 nt
1153 4479 1220 4534 nos,
1246 4463 1299 4536 qui
1322 4478 1361 4520 ex
1376 4479 1486 4522 eorum

220 4566 364 4628 faucibus
399 4567 570 4627 admodum
605 4572 706 4644 pauci,
737 4570 891 4628 altissimo
922 4575 1111 4644 protegente,
1147 4569 1294 4626 hactenus
1328 4571 1486 4628 evasimus

220 4678 250 4731 et
273 4673 429 4732 excidium
451 4676 631 4734 huiusmodi
654 4675 853 4735 tremebundi
875 4676 1094 4750 prestolamur,
1117 4675 1240 4733 nonnisi
1262 4674 1368 4733 divine
1390 4676 1486 4734 maie·

219 4780 306 4838 statis
337 4781 506 4839 clemencia
536 4787 566 4840 et
597 4782 707 4866 deinde
736 4783 928 4856 optimarum
961 4783 1174 4841 municionum
1206 4786 1236 4838 et
1259 4780 1486 4841 fortaliciorum

219 4885 356 4960 presidio
379 4892 410 4944 et
432 4888 530 4945 tutela
553 4888 700 4947 eliberari
723 4893 753 4947 et
776 4889 953 4948 conservari
976 4905 1145 4963 speremus.
1174 4887 1278 4961 Quam
1300 4877 1426 4961 quidem
1444 4888 1486 4945 ob

218 5007 286 5050 rem
309 4992 524 5052 huiuscemodi
556 4995 805 5053 consideracione
833 4995 977 5069 permoti,
1010 4996 1168 5069 cupientes
1199 5009 1237 5051 ex
1259 4993 1362 5052 intimi
1383 4993 1486 5052 cordis

218 5100 317 5156 nostri
347 5104 412 5156 tam
441 5101 545 5158 subito
575 5102 716 5175 periculo
747 5117 901 5175 occurere,
937 5101 1029 5160 saluti
1054 5116 1179 5175 quoque
1201 5107 1232 5158 et
1254 5099 1486 5158 conservacioni

1364 5200 1380 5237 ss
