3932 5806
816 519 888 577 Doc.
911 528 981 596 257.
1007 552 1044 562 -
1071 523 1126 579 An.
1150 517 1239 598 1467.

387 619 777 628 Ἣ

977 835 1057 904 257.

489 1027 571 1077 Anno
593 1027 668 1092 1467,
687 1027 711 1080 6.
730 1027 885 1078 novembris.
905 1028 1054 1093 Zagrabiae.

382 1205 529 1265 Statutum
544 1207 707 1266 libertatum
722 1209 842 1282 capituli
856 1208 1108 1283 defindendurum,
1124 1216 1347 1284 secretorumque
1358 1229 1414 1268 non
1422 1211 1648 1285 pandendomm,

487 1406 577 1462 Anno
601 1403 718 1463 domini
742 1405 1000 1464 MCCCCLXVII.
1024 1405 1100 1464 ieria
1125 1411 1210 1464 sexta
1232 1405 1312 1465 infra
1334 1413 1477 1466 octavam
1497 1409 1646 1468 Omnium

381 1515 567 1583 sanctorum,
599 1509 732 1570 domini:
766 1513 952 1586 prepositus,
983 1511 1089 1584 lector,
1112 1520 1219 1572 cantor
1241 1520 1270 1571 et
1294 1514 1387 1572 ceteri
1408 1513 1527 1573 domini
1553 1515 1647 1574 inira·

381 1616 491 1689 scripti
513 1617 726 1691 capitulariter
752 1619 782 1676 in
805 1619 944 1676 interiori
967 1619 1107 1676 sacristia
1129 1620 1315 1692 congregati,
1338 1619 1537 1691 attendentes,
1560 1622 1644 1695 quod

379 1719 417 1778 de
440 1720 491 1779 die
513 1723 543 1780 in
567 1721 650 1781 diem
673 1724 802 1782 ecclesia
825 1725 948 1782 ruinam
971 1725 1096 1797 patitur,
1120 1725 1201 1782 bona
1224 1725 1322 1799 ipsius
1345 1725 1566 1799 dilapidantur,
1591 1726 1643 1784 de·

379 1827 458 1884 cime
488 1828 719 1902 abstrahuntur,
750 1835 933 1888 testamenta
956 1829 1153 1902 infriguntur,
1176 1830 1278 1888 clerus
1305 1832 1502 1904 persequitur
1524 1836 1555 1890 et
1578 1833 1637 1890 alia

379 1933 577 1991 incommoda
600 1933 781 2006 inferuntur,
805 1935 972 2009 peioraque
1008 1934 1203 1993 infuturum
1233 1935 1435 1995 formidantes
1471 1937 1635 1996 iuramenti

377 2038 482 2096 medio
512 2039 729 2098 concluserunt
758 2056 794 2098 ac
824 2045 859 2098 ut
881 2042 979 2098 robur
1009 2041 1142 2099 habeant
1172 2039 1338 2112 firmitatis,
1370 2041 1503 2114 quilibet
1525 2058 1557 2100 se
1581 2057 1636 2100 sua

377 2145 505 2220 propria
534 2161 628 2203 manu
651 2147 775 2220 scripsit
798 2152 828 2205 et
857 2163 890 2204 se
913 2147 952 2204 ad
975 2147 1172 2220 infrascripta
1195 2147 1390 2205 observanda
1413 2148 1583 2221 obligavit:
1607 2149 1639 2206 in

377 2252 488 2326 primis
519 2252 603 2325 quod
634 2251 824 2310 laborabunt
853 2268 912 2328 pro
942 2252 1071 2311 decimis
1099 2254 1179 2311 inter
1209 2254 1332 2311 Muram
1362 2259 1392 2311 et
1421 2255 1578 2326 Drawam,
1610 2255 1641 2312 in

376 2373 488 2432 campo
518 2365 548 2417 et
578 2359 655 2434 alias
686 2359 740 2417 ubi
770 2366 982 2434 opportunum
1014 2360 1114 2418 fuerit.
1148 2359 1299 2418 Similiter
1320 2375 1377 2434 pro
1400 2361 1519 2433 quartis
1541 2361 1640 2419 archi·

378 2463 580 2522 diaconorum
610 2480 681 2522 curn
712 2465 868 2524 iuvamine
899 2472 1003 2524 tamen
1026 2481 1232 2540 expensarum
1256 2482 1392 2524 suarum.
1416 2467 1502 2537 Item,
1527 2481 1585 2541 pro
1600 2467 1637 2524 li·

375 2571 550 2628 bertacione
577 2571 742 2643 curiarum,
773 2587 879 2630 rerum
902 2579 932 2630 et
963 2588 1173 2646 personarum.
1198 2573 1283 2644 Item,
1307 2587 1366 2646 pro
1389 2572 1579 2630 testamentis
1607 2581 1638 2630 et

373 2677 558 2750 generaliter
589 2691 646 2749 pro
669 2679 815 2736 omnibus
843 2679 1031 2736 utilitatibus
1054 2679 1191 2748 ecclesie,
1215 2679 1299 2752 quod
1322 2694 1402 2737 unus
1424 2678 1559 2735 alterurn
1587 2678 1638 2736 de·

374 2781 487 2854 feudat‚
518 2787 751 2855 procuratorem
782 2784 889 2853 eciam,
922 2785 976 2857 qui
1006 2785 1038 2842 in
1070 2785 1185 2842 talibus
1209 2785 1374 2856 laborabit,
1398 2784 1424 2842 si
1447 2799 1508 2857 qua
1532 2783 1633 2841 incur·

373 2897 455 2946 reret
485 2888 691 2960 incommoda,
714 2888 850 2947 fideliter
872 2890 1065 2948 relevabunt.
1088 2889 1242 2964 Quodque
1265 2899 1439 2964 presentem
1462 2891 1638 2948 constituci-

374 3009 465 3051 onem
481 2995 540 3051 sub
564 2994 651 3066 penis
673 2995 803 3068 periurii
826 3001 856 3052 et
879 3001 1027 3068 perpetue
1043 2996 1231 3053 erclucionis
1255 2995 1293 3053 de
1316 2996 1470 3053 consortio
1494 2997 1632 3054 secretis·

373 3101 451 3158 sime
474 3100 553 3158 inter
575 3117 608 3158 se
631 3101 786 3158 tenebunt.
810 3103 877 3159 Hoc
901 3103 999 3159 eciam
1022 3102 1150 3174 adiecto,
1171 3101 1254 3175 quod
1279 3102 1305 3159 si
1328 3103 1397 3175 quis
1421 3118 1477 3176 per
1499 3103 1636 3176 amplius

373 3206 480 3279 aliqua
503 3211 619 3264 secreta
641 3207 739 3264 eciam
763 3213 794 3264 et
818 3208 1086 3280 qualitercumque
1111 3223 1207 3280 parva
1230 3207 1416 3265 revelaverit
1439 3209 1470 3265 in
1491 3208 1631 3282 capitulo

373 3310 461 3382 iacta,
485 3312 561 3386 ipsis
583 3313 669 3385 penis
693 3313 819 3371 omnino
842 3315 881 3370 sit
905 3315 970 3371 sine
994 3313 1205 3371 misericordia
1221 3314 1387 3385 subiectus,
1403 3329 1439 3370 ea
1462 3313 1634 3387 dumtaxat,

371 3433 432 3490 que
457 3417 566 3475 cadent
591 3419 622 3476 in
645 3418 810 3477 discrimen
834 3421 972 3493 capituli.

473 3555 608 3619 Johannes
634 3553 715 3604 lector
737 3571 814 3604 manu
842 3557 953 3622 propria.
972 3555 1172 3606 Bartholomeus
1190 3563 1278 3605 cantor
1297 3571 1329 3607 m.
1350 3572 1374 3621 p.
1394 3555 1523 3621 Mathyas
1543 3572 1633 3621 prepo-

369 3643 433 3692 situs
458 3643 615 3692 chasmensis
640 3659 673 3694 m.
699 3660 724 3708 p.
750 3645 870 3694 Matheus
895 3645 1090 3694 archidiaconus
1109 3660 1142 3695 m.
1162 3660 1187 3709 p.
1207 3645 1335 3693 Martinus
1353 3643 1548 3694 archidiaconus
1567 3646 1633 3709 gori-

372 3732 456 3780 censis
475 3747 507 3782 m.
529 3747 553 3796 p.
582 3729 679 3780 Paulus
706 3732 901 3783 archidiaconns
929 3733 961 3781 de
986 3732 1103 3782 Kemlek
1130 3749 1164 3782 m.
1192 3749 1217 3798 p.
1241 3732 1370 3782 Martinus
1388 3733 1583 3782 archidiaconus
1601 3735 1634 3782 de

369 3819 471 3869 Wsslra
490 3835 523 3871 m.
543 3835 568 3884 p.
584 3819 718 3884 Johannes
741 3822 936 3871 archidiaconns
962 3821 1120 3871 chasmensis
1139 3838 1171 3873 m.
1192 3837 1216 3886 p.
1242 3822 1370 3885 Georgius
1388 3821 1583 3870 archidiaconus
1601 3822 1633 3870 de

366 3909 450 3958 Bexin
469 3924 502 3960 m.
523 3924 547 3973 p.
567 3908 749 3972 sigismundus
773 3910 968 3960 archidiaconus
994 3910 1027 3958 de
1051 3911 1164 3959 Wnrnsd
1184 3926 1216 3962 m.
1236 3927 1261 3975 p.
1287 3910 1415 3974 Georgius
1439 3909 1633 3959 archidiaconus

367 3997 400 4046 de
418 3997 546 4047 vrbovcz
565 4012 598 4048 m.
618 4013 642 4062 p.
662 3997 799 4046 Ladislaus
818 4005 904 4048 custos
923 4006 948 4048 et
967 3999 1104 4048 canonicus
1124 4014 1158 4050 m.
1177 4015 1201 4063 p.
1223 3999 1354 4048 Fabianus
1373 3998 1405 4046 de
1423 3997 1535 4062 Roycha
1553 4014 1578 4046 m
1606 4015 1631 4063 p.

363 4086 480 4151 Jacobus
505 4085 596 4136 doctor
623 4102 656 4137 m.
681 4101 706 4150 p,
735 4085 808 4135 Elias
827 4087 859 4135 de
876 4086 1019 4152 Suplancza
1038 4104 1062 4135 m
1092 4103 1117 4152 p.
1139 4088 1268 4136 Gerardus
1287 4087 1319 4136 de
1338 4086 1420 4150 i’ntair
1440 4101 1473 4138 m.
1493 4102 1518 4151 p.
1538 4087 1631 4135 Deme·

366 4175 430 4224 trius
448 4190 482 4225 m.
502 4189 527 4239 p.
545 4174 679 4238 Johannes
697 4175 729 4222 de
748 4175 827 4223 Index
846 4191 871 4224 rn
900 4191 924 4240 p.
945 4175 1066 4224 Andreas
1084 4175 1117 4224 de
1136 4175 1261 4224 Cracouia
1280 4191 1313 4228 m.
1327 4191 1351 4240 p.
1366 4174 1481 4224 Michael
1495 4175 1526 4224 de
1539 4174 1631 4240 Reyff-

365 4263 421 4312 nica
440 4279 472 4314 m.
493 4279 520 4328 p.
537 4263 605 4312 item
624 4263 752 4327 Georgius
772 4263 828 4313 Viti
847 4264 879 4312 de
898 4265 1033 4313 Kerbowa
1051 4281 1084 4316 m.
1104 4280 1129 4329 p.

469 4438 549 4488 Liber
566 4439 661 4488 rubeus
679 4455 736 4491 ven.
757 4439 841 4504 Capit.
860 4439 962 4504 ngrab.
982 4441 1014 4488 In
1032 4437 1129 4488 archiv.
1149 4439 1209 4490 incl.
1230 4439 1313 4487 Aead.
1334 4439 1421 4488 Scient
1450 4438 1518 4492 Slav.
1538 4438 1627 4490 merid.
