3932 5806
757 554 830 614 Dac.
854 547 926 632 259.
951 551 1024 618 260.
1046 589 1084 600 -
1110 557 1166 616 Aa.
1190 554 1279 636 1468

1399 649 1653 676 ...A—...-

392 853 394 856 ·
495 853 577 904 anno
597 853 672 919 1468.
692 867 717 918 9.
735 855 805 907 marr.
830 856 938 920 Agaue.
985 769 1068 836 259'

388 962 418 1019 A
439 961 570 1034 Mathia,
602 963 781 1038 Hungariae
809 972 855 1023 etc.
880 985 953 1040 rege,
977 967 1145 1025 Benedictus
1174 968 1286 1040 Balan,
1309 968 1421 1028 dicator
1448 968 1560 1042 trt'buti,
1582 971 1655 1030 aitra-

380 1057 518 1124 peratur,
539 1053 619 1128 quad
634 1054 810 1127 graviorem,
832 1073 919 1129 quam
935 1057 1148 1130 praescriptam
1169 1065 1218 1128 est,
1240 1057 1376 1116 indutum
1392 1077 1411 1114 a
1431 1058 1539 1117 clades
1554 1058 1654 1136 exigit.

1218 1177 1372 1228 Commissio
1390 1179 1490 1229 domini
1507 1178 1584 1244 regia.

493 1266 626 1327 Mathias
648 1264 699 1328 dei
721 1270 825 1342 gracia
846 1287 903 1329 rex
923 1271 1090 1344 Hungarie,
1114 1271 1284 1344 Dalmacie‚
1308 1271 1436 1331 Croacie
1466 1279 1522 1331 etc.
1554 1270 1654 1331 Fideli

387 1377 494 1431 nostro
516 1373 617 1432 nobili
651 1373 816 1435 Benedicto
839 1375 878 1434 de
901 1375 1050 1450 Bathyan,
1073 1377 1193 1435 notario
1216 1377 1401 1436 cancellarie
1423 1383 1528 1436 nostre
1550 1390 1586 1436 ac
1609 1377 1654 1436 di·

387 1479 485 1538 catari
507 1487 695 1554 proventum
718 1481 827 1540 tributi
850 1482 951 1555 phisci
975 1483 1073 1541 nostri
1096 1483 1211 1555 regalis
1234 1483 1266 1540 in
1290 1484 1438 1542 comitatu
1462 1483 1654 1557 zagrabiensi

387 1585 562 1658 constituto,
585 1587 718 1645 salutem
742 1591 772 1645 et
808 1588 954 1660 graciam.
978 1587 1112 1660 Pridem‚
1136 1587 1211 1646 dum
1235 1588 1274 1647 ad
1299 1588 1465 1648 dicandum
1488 1589 1582 1648 illum
1604 1605 1655 1648 co·

386 1683 531 1749 mitatum
562 1689 728 1766 deputatus
753 1687 866 1767 fueras,
897 1693 957 1753 scis'
980 1695 1058 1754 bene
1082 1696 1216 1770 qualiter
1239 1696 1295 1754 tibi
1319 1697 1398 1754 inter
1421 1696 1484 1754 alia
1509 1698 1653 1755 commis-

386 1809 456 1856 sum
485 1797 593 1871 fuerat,
624 1807 659 1858 ut
690 1805 723 1858 tu
753 1801 840 1859 iuxta
872 1798 1007 1860 formam
1038 1801 1154 1860 decreti
1177 1801 1334 1874 Budensis,
1359 1801 1482 1876 pridem
1504 1817 1561 1877 per
1584 1818 1654 1876 pre·

384 1901 473 1977 latos,
497 1905 630 1965 barones
653 1917 683 1964 et
705 1921 849 1981 proceres
872 1909 959 1981 regni
981 1907 1141 1982 Hungarie
1163 1908 1295 1968 stabiliti
1323 1913 1353 1967 et
1390 1924 1452 1967 non
1482 1908 1574 1967 aliter
1597 1909 1654 1967 hu·

383 2010 520 2070 iustnodi
535 2002 706 2086 proienius
728 2012 829 2087 phisci
851 2014 950 2072 nostri
963 2015 1079 2088 regalis
1094 2015 1212 2073 dicares
1228 2025 1259 2073 et
1274 2015 1420 2086 exigeres.
1444 2013 1533 2072 Nunc
1547 2021 1653 2073 autem

384 2118 510 2192 accepta
533 2119 660 2192 querela
682 2134 700 2176 a
723 2119 845 2177 civibus
868 2125 898 2178 et
921 2095 1049 2194 populis
1070 2121 1204 2180 civitatis
1225 2127 1330 2180 nostre
1352 2119 1466 2180 montis
1489 2119 1652 2180 Grecensis

383 2224 422 2282 de
445 2225 530 2283 iuxta
552 2224 738 2298 Zagrabiam
759 2225 979 2291 intelleximus.
1002 2227 1136 2300 qualiter
1159 2233 1192 2284 tu
1215 2227 1247 2286 in
1270 2227 1527 2286 connumerandis
1550 2229 1651 2302 portis

384 2328 575 2404 populorum
598 2337 628 2390 et
650 2331 824 2390 incolarum
846 2331 944 2406 ipsius
967 2333 1101 2391 civitatis
1125 2339 1228 2392 nostre
1259 2347 1425 2392 numerum
1456 2334 1489 2392 in
1519 2333 1650 2392 modum

383 2437 574 2510 excessisset,
597 2441 627 2495 et
649 2452 712 2495 non
734 2437 904 2496 secundum
928 2437 1063 2496 formam
1096 2438 1170 2497 dicti
1201 2438 1317 2498 decreti
1347 2438 1401 2497 sed
1431 2440 1525 2512 longe
1559 2439 1651 2499 aliter

383 2543 504 2616 egisses,
528 2543 572 2602 ita
594 2543 748 2616 videlicet,
772 2543 856 2617 quod
880 2545 978 2602 eciam
1003 2543 1108 2602 alodia
1130 2550 1161 2603 et
1184 2543 1294 2603 domos
1311 2545 1446 2604 desertas
1469 2545 1604 2604 dicasses
1620 2551 1650 2605 et

383 2647 652 2722 connumerasses,
677 2657 707 2708 et
730 2649 855 2708 tandem
879 2650 981 2708 dicam
1013 2666 1112 2724 prope
1142 2651 1181 2709 ad
1212 2667 1377 2712 numerum
1409 2651 1649 2726 quingentarum

382 2749 545 2830 poriaru'm
575 2756 607 2815 in
637 2755 741 2814 medio
772 2757 913 2830 ipsorum
944 2757 1062 2814 civium
1097 2757 1314 2831 relinquisses,
1346 2771 1418 2816 cum
1449 2759 1570 2827 tamen,
1602 2757 1648 2817 uti

380 2863 471 2920 nobis
494 2863 629 2921 relatum
652 2870 705 2933 est,
728 2878 784 2920 nec
807 2877 906 2937 prope
930 2867 975 2920 tot
997 2842 1219 2922 inhabitatores
1243 2863 1353 2922 domos
1369 2864 1519 2924 habentes
1533 2865 1565 2923 in
1581 2865 1648 2939 ipsa

380 2969 504 3027 clvitate
534 2973 639 3026 nostra
673 2950 853 3026 habeantur.
891 2967 1091 3042 Quapropter
1126 2971 1272 3028 volumus
1302 2977 1333 3028 et
1370 2969 1555 3030 mandamus
1589 2969 1648 3029 tibi

379 3073 490 3133 haruin
514 3075 593 3133 serie
615 3072 848 3142 districtissime,
873 3079 1023 3148 quatenus
1047 3091 1143 3148 cures,
1167 3081 1201 3134 ut
1224 3075 1359 3134 formam
1382 3075 1515 3150 predicti
1531 3075 1647 3136 decreti

380 3179 528 3239 Budensis
557 3181 589 3239 in
613 3181 872 3240 connumerandis
896 3181 995 3256 portis
1018 3188 1049 3240 et
1083 3181 1244 3256 exigendis
1279 3183 1407 3258 prefatis
1442 3183 1647 3258 proventibus

379 3287 487 3346 tributi
520 3287 620 3361 phisci
649 3287 745 3346 nostri
776 3288 891 3360 regalis
921 3289 953 3346 in
976 3289 1064 3347 nullo
1088 3289 1226 3358 excedas,
1249 3305 1306 3348 nec
1328 3288 1465 3364 prefatos
1488 3289 1571 3349 cives
1593 3289 1646 3350 vel

378 3407 591 3467 quoscumque
614 3395 692 3452 alios
715 3401 821 3452 contra
843 3393 944 3467 ipsam
969 3393 1102 3452 formam
1135 3395 1251 3454 decreti
1280 3397 1451 3469 aggravare
1483 3411 1545 3455 non
1575 3412 1645 3471 pre·

382 3483 498 3570 surriss;
515 3501 662 3573 quoniam
685 3501 711 3558 si
734 3501 826 3558 aliter
850 3500 967 3572 feceris,
991 3501 1077 3573 scias,
1102 3501 1186 3576 quod
1201 3517 1263 3560 non
1279 3517 1442 3576 parcemus
1457 3501 1525 3561 tibi.
1549 3500 1643 3561 Secus

377 3610 452 3678 ergo
482 3621 543 3664 non
575 3605 719 3672 facturus.
751 3605 948 3665 Presentibus
972 3609 1126 3682 perlectis,
1150 3607 1309 3667 exhibenti
1332 3608 1490 3667 restitutis.
1526 3609 1642 3666 Datum

376 3712 471 3784 Agrie
506 3710 582 3771 feria
606 3721 716 3786 quarta
739 3713 883 3786 proxima
907 3717 978 3786 post
1002 3713 1190 3772 dominicam
1214 3714 1382 3772 invocavit.
1411 3715 1500 3772 Anno
1524 3713 1644 3773 domini

376 3805 546 3877 millesimo
570 3819 874 3892 quadringentesimo
906 3817 960 3876 LX
983 3825 1100 3877 octavo.
1124 3819 1222 3894 Regni
1245 3819 1343 3878 nostri
1365 3835 1445 3878 anno
1468 3819 1642 3891 undecimo,

377 3925 589 3983 coronacionis
612 3927 687 3983 vero
710 3930 830 3999 quarto.

481 4059 615 4125 Originale
642 4061 669 4110 in
696 4061 791 4112 charta.
820 4063 853 4110 In
871 4061 986 4127 margine
1004 4061 1120 4112 inferiori
1138 4061 1290 4127 impressum
1309 4069 1348 4112 est
1365 4061 1479 4127 sigillum
1498 4059 1588 4115 nudus.
1607 4063 1639 4112 In

374 4149 489 4199 archivio
510 4149 555 4201 lib.
574 4165 627 4214 reg.
647 4151 695 4200 civ.
714 4150 813 4214 zagrab.

966 4328 1056 4394 260.

477 4472 558 4521 Anno
580 4471 655 4535 1468,
676 4483 716 4522 20.
736 4472 858 4535 Augusti.
882 4471 1032 4535 Zagrabiae.

370 4581 399 4641 A
428 4579 560 4656 captato
580 4581 700 4655 aagmb,
722 4581 821 4639 damus
843 4582 873 4638 in
897 4580 988 4638 Natu
1010 4597 1058 4638 aas
1078 4582 1145 4652 sita,
1168 4583 1264 4640 altari
1281 4599 1303 4639 s.
1316 4579 1499 4639 Bernardt'ni
1518 4579 1549 4637 in
1571 4579 1636 4642 eccl.

550 4670 713 4729 cathedrali
732 4689 770 4728 cx
785 4669 882 4748 Jacob
905 4670 1079 4728 arcidiacant
1101 4677 1266 4729 testamenta
1289 4669 1441 4727 addicetur,

476 4815 540 4873 Nos
564 4816 737 4890 capitulum
761 4815 891 4873 ecclesie
914 4815 1131 4888 zagrabiensis.
1154 4815 1270 4873 Notum
1294 4815 1426 4874 facimus
1445 4819 1550 4872 tenore
1567 4829 1635 4888 pre·

369 4924 507 4982 sencium
535 4923 751 4997 significantes,
781 4922 895 4996 quibus
926 4921 1051 4995 expedit
1081 4921 1239 4980 universis.
1276 4921 1368 4995 Quod
1398 4921 1472 4995 quia
1502 4920 1553 4978 vir
1574 4919 1636 4978 dis·

369 5035 471 5092 cretus
494 5031 627 5090 Mathias
649 5029 813 5107 presbiter,
830 5027 966 5104 Byskwp
982 5027 1091 5102 dictus,
1107 5035 1208 5088 rector
1232 5028 1340 5088 altaris
1357 5026 1440 5086 beati
1455 5025 1636 5086 Bemardini
