3948 5804
392 531 453 576 rao
810 512 883 570 Doc.
905 525 957 590 94.
977 543 1017 554 -
1043 511 1099 570 Aa.
1124 504 1215 588 1436.

387 737 466 794 ante.
489 729 640 805 Quocirca
664 729 754 786 vobis
777 729 939 788 nobilibus
963 726 1117 787 Pelbardo
1141 725 1180 784 de
1202 727 1382 799 Vergnoucz
1406 740 1443 783 ac
1458 724 1562 784 Blasio
1584 723 1654 782 lite·

386 841 456 906 rato
477 835 515 895 de
537 835 638 896 Thesa
660 841 690 893 et
712 834 810 893 Paulo
834 835 872 893 de
895 833 1069 894 Azthalnolr
1091 834 1169 892 serie
1184 832 1378 907 presencium
1401 831 1534 890 tirmiter
1554 830 1654 906 preci·

388 944 501 1019 pimus,
526 947 699 1017 quantenus
721 942 844 1000 nullum
868 957 906 1000 ex
930 941 1052 1000 civibus
1083 945 1113 998 et
1144 939 1322 1014 hospitibus
1359 937 1493 998 civitatis
1515 935 1655 1011 predicte

391 1049 515 1109 racione
537 1048 726 1107 residuitatis
749 1047 829 1106 dicte
853 1053 923 1106 taxe
946 1047 1121 1123 pecuniane
1144 1062 1201 1120 per
1235 1046 1319 1120 ipsos
1348 1043 1496 1117 nondum,
1526 1049 1561 1102 ut
1582 1059 1654 1119 pre-

390 1156 490 1216 fertur
513 1154 662 1226 exsolute‚
684 1154 845 1230 impedire,
869 1161 923 1212 aut
946 1168 1021 1212 vero
1044 1153 1234 1211 solucionem
1258 1150 1397 1210 eiusdem
1420 1149 1590 1222 astringere
1622 1154 1654 1208 et

388 1261 578 1336 compellere
611 1259 750 1318 audeatis
783 1275 883 1334 neque
917 1259 1137 1334 presummatis
1171 1257 1267 1316 modo
1297 1256 1438 1330 aliquali.
1460 1253 1554 1314 Secus
1589 1269 1651 1314 non

389 1367 501 1428 iactari
523 1367 563 1425 de
585 1367 753 1441 premissis.
776 1365 973 1425 Presentibus
996 1364 1142 1440 perlectis
1165 1361 1324 1422 exhibenti
1346 1362 1503 1422 restitutis.
1533 1361 1651 1420 Datum

388 1475 420 1534 in
442 1474 588 1533 Drasalcz
622 1471 699 1530 feria
718 1473 826 1546 quinta
848 1473 992 1547 proxima
1014 1477 1087 1550 post
1110 1469 1224 1529 festum
1239 1470 1328 1528 beate
1343 1469 1500 1528 Dorothee
1515 1467 1653 1542 virginis.

387 1581 478 1639 Anno
501 1579 621 1639 domini
643 1578 812 1638 millesimo
835 1577 1073 1636 CCCCXXXVI

505 1714 639 1781 originale
655 1715 684 1764 in
702 1713 797 1766 charta.
816 1713 937 1778 Sigillum
955 1713 1115 1779 impressum.
1145 1713 1177 1762 In
1195 1711 1276 1763 arhiv.
1295 1709 1357 1762 incl.
1375 1710 1460 1762 Acad.
1473 1709 1569 1760 Sciant.
1581 1706 1653 1761 slav.

387 1805 477 1858 merid.

990 1979 1055 2047 94.

395 2163 397 2168 ·
494 2141 575 2191 Anno
595 2139 669 2205 1436,
692 2152 732 2190 12.
751 2139 881 2196 februarii.
900 2138 1047 2204 Zagrabiae.

388 2270 550 2329 Exactores
573 2276 661 2328 caxae
682 2268 840 2342 imperialis
862 2267 1055 2326 residuitatem
1079 2272 1169 2326 taxas
1183 2265 1355 2340 praedictae
1384 2263 1419 2340 (i.
1451 2283 1473 2322 e.
1498 2274 1546 2342 54
1569 2259 1654 2338 χῖον.)

391 2376 590 2435 conemunitati
619 2375 746 2434 caritatis
778 2374 880 2432 mantii
922 2372 1071 2432 Grccencr's
1100 2372 1269 2446 exigendam
1298 2379 1328 2430 ct
1355 2370 1448 2428 debita
1476 2369 1652 2440 vicmclium,

387 2499 462 2557 quac
483 2482 591 2540 Petms
617 2480 746 2539 Talouac
779 2498 841 2538 cum
863 2497 920 2540 sua
933 2477 1060 2556 familia
1082 2480 1114 2536 in
1136 2478 1238 2538 eadem
1260 2473 1375 2536 c't'uitate
1389 2477 1514 2553 fecisset,
1536 2493 1655 2535 rotumu-

539 2587 628 2646 atrati
647 2585 848 2645 exsolvendam
869 2605 928 2644 sese
949 2585 1116 2645 commisisse
1136 2587 1167 2642 in
1182 2585 1300 2659 publico
1313 2584 1501 2660 profitentur.

493 2748 557 2807 Nos
590 2748 764 2823 capitulum
798 2747 926 2806 ecclesie
960 2747 1177 2822 zagrabiensis.
1212 2746 1361 2805 Memoria
1399 2743 1654 2804 commendamus

387 2871 444 2930 per
465 2861 631 2931 presentes,
655 2853 739 2928 quod
761 2869 834 2913 cum
855 2869 912 2913 nos
935 2853 976 2912 ad
997 2855 1163 2913 instantem
1195 2857 1226 2911 et
1258 2852 1447 2926 legittimam
1468 2851 1655 2926 peticionem

386 2960 507 3037 judicis,
527 2959 702 3038 juratorum
726 2977 762 3020 ac
784 2961 883 3022 tocius
914 2960 1145 3020 communitatis
1165 2960 1300 3020 civitatis
1321 2960 1436 3019 montis
1461 2957 1654 3031 Grechensis,

388 3067 587 3126 honorabiles
609 3069 704 3141 viros,
726 3069 893 3142 magistros
916 3067 1115 3126 Franciscum
1140 3071 1170 3125 et
1192 3067 1365 3138 Vrbanam,
1389 3065 1468 3124 duos
1492 3082 1531 3124 ex
1562 3065 1654 3124 nobis

387 3173 486 3232 socios
509 3179 539 3232 et
561 3175 783 3233 concanonicos
806 3178 929 3232 nostros
952 3172 993 3232 ad
1024 3173 1241 3250 iniracriptam
1272 3173 1439 3233 tassionem
1466 3171 1654 3231 audiendam

386 3283 417 3338 et
449 3279 490 3338 ad
524 3281 626 3355 ipsam
657 3281 817 3339 civitatem
848 3281 962 3338 montis
996 3279 1181 3340 Grechensis
1218 3281 1371 3354 legittime
1405 3279 1652 3350 destinassemus,

386 3385 512 3446 tandem
535 3385 630 3444 iidem
653 3385 764 3444 exinde
794 3385 834 3444 ad
857 3399 914 3444 nos
937 3387 1055 3446 reversi
1084 3387 1176 3446 nobis
1199 3387 1393 3448 concorditer
1422 3385 1595 3446 retulerunt
1616 3399 1654 3444 eo

386 3491 497 3552 modo:
522 3492 606 3568 quod
629 3508 702 3551 cum
725 3493 786 3568 ipsi
808 3493 952 3552 hesterno
982 3492 1032 3551 die
1055 3491 1095 3550 ad
1129 3494 1232 3570 ipsam
1266 3469 1425 3552 civiiatem
1457 3492 1498 3552 ad
1531 3491 1654 3550 nobiles

386 3599 472 3658 viros
496 3596 642 3657 videlicet
673 3598 857 3656 Pelbartum
890 3598 1065 3674 predialem
1100 3599 1138 3658 de
1173 3598 1422 3658 Gessazentiwan
1451 3603 1481 3657 et
1514 3598 1653 3657 Blasium

386 3705 568 3778 litteratum,
591 3703 743 3763 dicatores
766 3709 812 3762 et·
826 3709 984 3763 exactores
1006 3709 1078 3763 taxe
1100 3706 1273 3779 imperialis
1295 3706 1465 3765 maiestatis
1487 3721 1545 3780 per
1567 3719 1653 3778 egre·

384 3809 473 3884 glum
495 3807 657 3868 dominum
672 3809 799 3868 Petrum
815 3809 854 3868 de
869 3809 1062 3884 Thallowch,
1078 3787 1320 3885 gubernatorem
1335 3813 1530 3888 episcopatus
1547 3827 1655 3886 ragra-

385 3915 500 3976 biensis
523 3915 614 3974 etad
637 3916 739 3989 ipsam
763 3915 953 3974 dicacionem
977 3921 1007 3975 et
1037 3919 1233 3976 exaccionem
1255 3919 1353 3992 ipsius
1383 3923 1453 3977 taxe
1490 3918 1653 3993 deputatos

386 4023 592 4096 accessissent,
615 4028 687 4082 tunc
709 4023 769 4098 ipsi
802 4023 965 4082 Pelbartus
994 4029 1024 4082 et
1046 4023 1167 4082 Blasius
1197 4025 1360 4099 litteratus,
1383 4033 1524 4099 presente
1546 4025 1653 4084 multi-

386 4129 492 4189 tudine
508 4130 625 4188 civium
645 4129 836 4203 eorumdem,
859 4129 891 4187 id
907 4128 981 4189 fassi
996 4131 1174 4202 extitissent,
1191 4130 1349 4204 quomodo
1364 4131 1424 4205 ipsi
1440 4129 1652 4196 residuitatem

385 4239 456 4296 taxe
479 4235 627 4310 predicte,
651 4251 746 4310 quam
770 4235 915 4294 dixerunt
944 4253 977 4294 se
1001 4237 1164 4296 extendere
1198 4236 1238 4296 ad
1268 4237 1400 4296 florenos
1429 4238 1653 4313 quinquaginta

385 4346 416 4402 et
439 4346 573 4416 quatuor
596 4358 668 4401 cum
690 4341 795 4401 medio
818 4341 935 4400 floreno
958 4343 1033 4414 auri,
1068 4357 1161 4417 quam
1194 4343 1254 4418 ipsi
1288 4343 1428 4402 nondum
1462 4361 1501 4403 ex
1528 4346 1653 4404 excissis

384 4448 446 4512 sibi
468 4449 590 4522 exigere
613 4464 676 4507 non
698 4449 876 4520 valuissent,
900 4447 1018 4506 eisdem
1040 4446 1144 4526 judici,
1175 4448 1284 4527 juratis
1315 4456 1346 4509 et
1378 4451 1499 4510 civibus
1528 4467 1565 4510 ac
1595 4453 1653 4511 toti

384 4556 600 4616 communitati
623 4555 704 4616 dicte
727 4556 860 4615 civitatis
885 4556 1008 4629 exigere
1031 4559 1061 4614 et
1083 4555 1188 4616 debita
1210 4557 1404 4632 victualium,
1429 4573 1489 4632 que
1512 4557 1651 4632 prefatus

386 4661 530 4720 dominus
553 4661 661 4721 Petrus
685 4661 724 4721 de
746 4661 931 4721 Thallowch
954 4677 1026 4720 cum
1049 4677 1104 4719 sua
1120 4662 1241 4722 familia
1255 4664 1288 4722 in
1311 4662 1393 4722 dicta
1416 4663 1541 4722 civitate
1564 4663 1653 4724 fecis·

388 4775 441 4842 set,
475 4769 638 4828 exsolvere
672 4769 877 4838 comisissent;
907 4773 936 4826 et
959 4767 1108 4827 dixissent
1137 4769 1264 4844 insuper
1297 4769 1393 4828 iidem
1427 4769 1592 4829 Pelbartus
1622 4775 1653 4829 et

387 4875 509 4933 Blasius
531 4875 694 4947 litteratus,
719 4874 872 4932 dicatores
893 4874 1073 4948 supradicti,
1097 4875 1181 4948 quod
1213 4876 1274 4950 ipsi
1308 4875 1372 4934 iam
1395 4876 1565 4934 secundum
1597 4891 1652 4936 vas

385 4983 449 5040 vini
472 4981 595 5040 Andree
617 4981 781 5054 Friglimei
804 4981 880 5040 civis
904 4979 984 5039 dicte
1009 4981 1151 5055 civitatis,
1187 4998 1281 5056 quem
1304 4983 1364 5057 ipsi
1388 4983 1531 5042 dicebant
1566 4999 1598 5042 se
1634 4998 1653 5042 a
