3804 5858
405 503 468 577 446
818 501 891 560 Doc,
909 510 984 576 345.
1009 532 1051 542 -
1074 501 1130 556 An.
1154 495 1250 577 1487}

403 716 558 790 premisso
577 713 799 788 productamm
821 716 1068 774 exhibicionibus
1091 714 1188 786 factis,
1202 715 1463 788 continenciisque
1486 715 1675 773 earumdem
1704 741 1706 746 ·

403 838 460 896 per-
481 821 586 880 omnia
597 835 653 879 suo
675 819 783 878 ordine
807 809 964 895 expositis
981 821 1126 896 perlectis
1148 827 1179 879 et
1201 836 1273 878 sane
1291 821 1464 892 intellectis,
1487 821 1572 880 idem
1596 821 1676 894 p'ro·

403 931 526 986 curator
549 916 690 1000 parcium
719 927 795 1000 ipsis
818 927 960 1001 partibus
984 943 1040 1002 per
1071 943 1127 984 nos
1150 929 1182 986 in
1213 927 1373 1000 premissis
1396 924 1546 1000 judicium
1568 932 1599 986 et
1622 925 1691 1002 ju·-

401 1035 530 1107 sticiam,
552 1033 742 1108 finalemque
776 1033 1035 1092 deliberacionem
1059 1034 1216 1107 pecierunt
1240 1034 1373 1104 elargiri.
1398 1032 1477 1092 Sane
1500 1031 1572 1090 licet
1596 1049 1673 1107 pre·

402 1143 518 1200 libatus
548 1140 679 1198 condam
703 1139 847 1197 dominus
873 1138 1090 1212 Sigismundus
1114 1155 1169 1198 rex
1191 1141 1223 1198 in
1246 1142 1439 1214 prefitegato
1462 1155 1541 1196 anno
1565 1140 1672 1212 gracie

403 1247 572 1306 millesimo
604 1245 818 1304 trecentesimo
841 1247 1052 1318 octuagesimo
1076 1247 1219 1319 septimo,
1243 1253 1337 1320 prout
1362 1260 1417 1318 per
1440 1252 1593 1320 pretactas
1617 1245 1672 1302 lit·

403 1359 484 1412 teras
496 1341 634 1412 eiusdem
649 1351 908 1424 informabamur,
924 1354 1075 1411 antelatas
1086 1357 1295 1426 possessiones
1308 1351 1498 1424 Petrowyna,
1512 1351 1670 1424 Hrastbya

402 1476 473 1518 cum
496 1449 675 1517 earumdem
699 1457 919 1515 utilitatibusa
942 1459 1158 1532 prenominato
1182 1467 1282 1516 castro
1313 1473 1369 1516 suo
1392 1456 1486 1529 Selyn
1510 1453 1671 1531 separasse

402 1572 432 1624 et
455 1571 671 1638 sequestrasse,
693 1563 873 1620 memoratis
896 1563 1017 1620 civibus
1041 1569 1071 1620 et
1093 1555 1270 1637 hospitibus
1293 1563 1427 1621 civitatis
1451 1563 1565 1620 montis
1589 1561 1667 1620 Gre-

403 1671 500 1729 censis
524 1672 556 1728 in
587 1674 773 1744 perpetuum
797 1669 927 1727 donasse
950 1677 980 1727 et
1003 1671 1169 1728 contulisse
1192 1670 1364 1744 prescripta
1387 1670 1557 1727 statucione
1579 1669 1670 1741 legit·

403 1778 478 1836 tima
501 1777 672 1847 subsecuta,
696 1782 805 1850 expost
828 1776 925 1834 eciam
950 1777 981 1834 in
1004 1776 1184 1848 pretitulato
1207 1791 1287 1834 anno
1312 1777 1400 1834 verbi
1423 1776 1574 1834 incarnati
1597 1775 1666 1832 mil·

400 1883 512 1941 lesimo
535 1883 748 1940 trecentesimo
770 1883 970 1955 nonagesimo
986 1887 1105 1956 quarto,
1122 1883 1329 1956 prenominati
1352 1882 1472 1940 nobiles
1496 1888 1668 1940 castrenses

402 1989 506 2063 campi
528 1988 734 2061 zagrabiensis
767 1988 915 2060 Andreas,
947 1989 1064 2047 scilicet
1086 1988 1170 2047 filius
1192 1988 1271 2072 Jellr,
1301 2004 1419 2047 necnon
1443 1988 1560 2060 Petrus,
1583 1987 1669 2045 filius

402 2096 536 2168 Georgii,
560 2097 593 2153 in
615 2109 723 2153 eorum
754 2110 790 2152 ac
820 2095 955 2152 aliorum
990 2093 1123 2152 fratrum
1154 2101 1184 2152 et
1214 2094 1354 2154 filiorum
1375 2111 1504 2153 suorum
1527 2094 1669 2168 personis

402 2201 573 2276 predictam
604 2208 719 2259 terram
748 2216 808 2258 seu
839 2201 1065 2275 possessionem
1096 2216 1205 2261 eorum
1235 2200 1444 2275 Sylalrowyna
1466 2201 1670 2275 appellatam,

401 2311 479 2366 inter
511 2308 717 2381 possessiones
749 2307 964 2379 Petrowynam
999 2308 1185 2366 antedictam
1221 2315 1250 2366 et
1285 2309 1527 2367 Kosthanewecz
1551 2321 1671 2364 nuncu·

402 2425 516 2487 palam,
540 2414 678 2472 habitam
703 2421 733 2472 et
756 2414 946 2485 existentem,
970 2415 1054 2488 ipsos
1069 2413 1137 2490 jure
1159 2415 1347 2473 hereditario
1362 2415 1598 2487 contingentem,
1614 2427 1670 2470 an·

401 2521 513 2579 notatis
536 2521 658 2578 civibus
681 2521 817 2577 civitatis
841 2520 954 2578 montis
968 2505 1140 2592 Grecensis,
1163 2521 1340 2578 racionibus
1358 2520 1470 2578 litteris
1493 2521 1525 2578 in
1547 2518 1667 2577 eisdem

401 2625 592 2699 specificatis,
609 2625 729 2684 dedisse
752 2633 782 2684 et
805 2627 1001 2698 contullisse;
1025 2627 1149 2684 tandem
1173 2641 1248 2686 vero
1272 2628 1304 2686 in
1326 2629 1499 2701 prescripto
1522 2641 1602 2684 anno
1618 2641 1668 2684 sa-

401 2733 474 2791 lutis
499 2731 665 2790 millesimo
688 2734 901 2790 trecentesimo
917 2735 1116 2806 nonagesimo
1132 2734 1249 2806 quinto,
1271 2735 1374 2806 regius
1396 2738 1426 2790 et
1441 2733 1516 2791 dicti
1538 2733 1669 2806 capituli

399 2838 607 2911 zagrabiensis
640 2839 780 2896 homines
815 2837 852 2894 ad
889 2838 1110 2896 litteratorium
1147 2839 1328 2897 mandatum
1363 2839 1511 2913 prelibati
1547 2821 1667 2896 domini

400 2943 589 3018 Sigismundi
611 2945 692 3017 regis
715 2946 895 3016 transmissi,
930 2947 1142 3019 pretitulatam
1173 2947 1397 3020 possessionem
1424 2945 1606 3017 Petrowyna
1629 2960 1667 3001 ac

400 3061 514 3110 terram
539 3067 592 3109 seu
608 3052 832 3126 possessionem
850 3050 1056 3124 Sylakowyna
1070 3053 1259 3111 coniunctim
1281 3053 1340 3110 sub
1363 3067 1423 3110 una
1447 3061 1478 3109 et
1500 3053 1532 3110 in
1555 3051 1665 3108 eadem

401 3158 570 3217 inclusione
604 3144 767 3228 metarum,
798 3158 965 3231 separatim
988 3174 1006 3216 a
1029 3165 1167 3233 pretacta
1197 3161 1389 3233 possessione
1412 3159 1577 3230 Hrazthya,
1610 3173 1667 3231 per

399 3281 469 3321 suas
493 3279 583 3321 veras
607 3272 704 3322 metas
735 3266 976 3337 reambulantes,
1008 3268 1187 3324 memoratis
1219 3268 1340 3325 civibus
1364 3267 1477 3323 montis
1501 3264 1665 3323 Grecensis

402 3378 553 3444 perpetuo
584 3370 802 3444 possidendam
826 3372 949 3429 nemine
984 3372 1211 3430 contradicente
1241 3353 1412 3430 statuerunt
1435 3379 1464 3429 et
1499 3372 1530 3429 in
1553 3369 1664 3428 eodem

399 3490 479 3533 anno
510 3474 671 3534 iamiatam
701 3477 926 3550 possessionem
958 3477 1115 3550 Hrazthya
1149 3495 1204 3552 per
1235 3493 1305 3536 suas
1330 3487 1427 3535 metas
1452 3476 1664 3534 distinctima

397 3581 536 3656 predicta
559 3583 749 3655 possessione
772 3583 955 3654 Petrowyna
977 3584 1121 3640 similiter
1144 3585 1380 3655 reambulantes,
1397 3583 1513 3641 eisdem
1537 3582 1659 3639 civibus

397 3680 569 3746 statuerunt
587 3688 680 3746 modo
703 3689 797 3746 simili
823 3698 972 3762 perpetuo
997 3689 1224 3762 possidendam.
1249 3689 1364 3747 Tamen
1387 3696 1495 3762 expost
1518 3687 1664 3745 videlieet

399 3795 431 3852 in
454 3795 634 3868 pretitulato
668 3809 747 3853 anno
781 3796 884 3866 gracie
914 3795 1084 3852 millesimo
1116 3795 1331 3853 trecentesimo
1355 3795 1555 3867 nonagesimo
1580 3807 1661 3850 nono

398 3901 598 3975 sepescripto,
615 3901 841 3973 possessionem
857 3901 1040 3972 Petrowyna
1056 3916 1091 3957 ac
1107 3901 1222 3958 dictam
1232 3901 1454 3958 Zenth·Pether
1470 3899 1661 3957 nominatam

397 4007 456 4064 sub
479 4007 570 4064 metis
594 4015 623 4064 et
646 4007 794 4078 terminis,
818 4007 931 4080 quibus
954 4007 1062 4064 eadem
1087 4023 1144 4082 per
1166 4007 1319 4082 sepefatos
1342 4009 1425 4065 cives
1449 4007 1564 4065 montis
1584 4005 1661 4063 Gre-

396 4113 494 4170 censis
517 4119 599 4171 tenta
623 4103 731 4171 fuisset
744 4118 774 4170 et
791 4127 938 4187 possessa,
962 4114 1003 4171 ab
1026 4113 1142 4171 eisdem
1165 4115 1286 4172 civibus
1303 4114 1434 4172 civitatis
1453 4112 1566 4170 montis
1585 4110 1661 4169 Gre

396 4220 495 4278 censis
517 4219 660 4277 auferens
682 4225 712 4277 et
735 4220 872 4278 alienans
896 4226 924 4278 et
958 4223 997 4277 de
1028 4221 1112 4278 omni
1136 4219 1352 4296 jurisdiccione
1376 4220 1514 4278 eiusdem
1538 4233 1660 4292 posses-

396 4325 491 4384 sionis
514 4326 697 4398 Petrowyna
721 4325 837 4384 eisdem
869 4327 990 4383 civibus
1015 4342 1069 4398 per
1102 4333 1286 4400 perpetuum
1311 4327 1474 4385 silencium
1497 4327 1660 4398 imponens

395 4431 436 4489 ad
461 4432 732 4506 prescriptumque
764 4438 898 4490 castrum
930 4431 1024 4504 Selyn
1058 4437 1255 4490 reannectens
1278 4440 1308 4490 et
1330 4433 1565 4506 reincorporans
1587 4445 1658 4487 cum

399 4538 516 4596 cunctis
539 4537 677 4595 eiusdem
691 4538 878 4596 utilitatibus
903 4537 1098 4611 quibuslibet
1121 4539 1180 4596 sub
1204 4538 1320 4596 eisdem
1346 4539 1435 4596 metis
1458 4545 1488 4596 et
1510 4536 1658 4606 terminis,

395 4645 509 4718 quibus
532 4643 640 4702 eadem
657 4660 712 4718 per
728 4643 852 4701 eosdem
877 4645 959 4702 cives
982 4649 1065 4702 tenta
1089 4644 1195 4702 fuisset
1217 4649 1247 4701 et
1270 4659 1420 4718 possessa,
1436 4642 1658 4717 prenominatis

394 4751 573 4822 Laurencio,
598 4749 724 4808 Nicolao
748 4755 777 4807 et
793 4737 1083 4808 Christoioro'Toth
1109 4749 1238 4807 donasse
1262 4755 1290 4807 et
1313 4751 1486 4820 contullise,
1510 4755 1539 4806 et
1562 4747 1658 4806 nichi-

396 4858 533 4916 lominus
553 4856 671 4928 eadem,
684 4862 718 4914 ut
734 4863 908 4930 pretactum
932 4863 985 4926 est,
1003 4872 1060 4930 per
1074 4857 1195 4928 regium
1218 4863 1248 4913 et
1272 4856 1345 4914 dicti
1368 4855 1495 4930 capituli
1518 4837 1659 4912 homines

396 4963 490 5042 juxta
513 4964 605 5024 huius
635 4964 723 5037 regni
750 4963 1001 5023 consuetudinem
1026 4962 1142 5021 eisdem
1164 4962 1343 5036 Laurencio,
1366 4962 1495 5021 Nicolao
1518 4969 1549 5022 et
1570 4961 1659 5020 Chri·
