3932 5806
392 551 452 609 saa
772 531 1088 606 Doc.17o.171.—
1114 531 1170 592 An.
1196 543 1283 608 1455.

389 753 509 808 sutores
530 749 703 821 magistros,
720 744 993 806 consuetudinibus
1008 751 1038 804 et
1052 745 1257 818 libertatibus,
1264 747 1352 842 'alias
1375 745 1541 822 confectas,
1557 750 1659 809 veluti

390 871 448 914 vos
471 855 550 914 alios
574 854 709 914 artifices
728 861 758 912 et
772 855 966 912 laboratores
987 853 1020 910 in
1035 852 1172 926 pristinis
1188 852 1356 910 earundem
1372 854 1660 930 consvetudinibus,

391 963 513 1022 artibus
535 965 565 1019 et
588 960 820 1018 laboratoribus
843 959 1008 1034 persistere
1030 957 1218 1028 decrevistis,
1241 973 1425 1016 conservare
1449 959 1656 1030 intendamus

391 1075 421 1127 et
444 1068 483 1127 de
504 1065 574 1146 jure
603 1081 787 1125 conservare
817 1066 908 1124 liceat
938 1071 968 1122 et
997 1065 1111 1136 deceat,
1135 1079 1193 1138 pro
1216 1079 1252 1122 eo
1275 1069 1377 1123 vestre
1401 1065 1548 1125 fidelitati
1570 1082 1655 1126 com·

389 1175 543 1234 mittimus
565 1178 596 1232 et
619 1171 804 1231 mandamus
826 1171 1027 1242 universitati,
1049 1175 1199 1245 quatenus
1230 1170 1368 1244 prefatos
1404 1177 1525 1231 sutores
1559 1175 1658 1247 impe·

390 1280 465 1352 dire,
489 1295 597 1338 eorum
620 1278 857 1337 consuetudines
879 1277 1000 1335 artibus
1023 1277 1112 1335 sicuti
1133 1277 1212 1336 alios
1243 1277 1376 1336 artifices
1399 1281 1431 1336 et
1462 1277 1656 1338 laboratores

390 1384 537 1462 pacificos
560 1385 767 1458 relinquimus
789 1390 823 1442 ut
846 1385 1100 1442 communitatem
1130 1387 1280 1454 sutorum,
1316 1381 1431 1442 damno
1462 1389 1493 1442 et
1523 1385 1656 1460 impedi·

389 1497 495 1552 mento
516 1493 582 1550 sine
603 1491 689 1550 omni
712 1490 840 1560 tamdiu,
871 1489 969 1548 donec
999 1505 1055 1564 per
1083 1489 1162 1547 alios
1193 1489 1327 1547 artifices
1369 1489 1596 1564 disposiciones
1628 1498 1657 1550 et

393 1598 631 1658 constituciones
663 1611 845 1655 conservare
876 1596 995 1654 faciatis
1018 1585 1201 1670 prenotatas.
1236 1593 1306 1668 Qui,
1339 1596 1366 1654 si
1400 1595 1544 1670 feceritis,
1579 1599 1656 1656 bene

392 1703 528 1779 quidem,
551 1703 691 1777 alioquin
714 1702 927 1762 commisimus
950 1701 1077 1759 domino
1099 1701 1200 1774 Petro,
1223 1701 1458 1776 archiepiscopo
1490 1704 1655 1778 colocensi,

390 1809 509 1869 ibidem
524 1810 607 1868 vices
622 1813 743 1868 nostras
758 1808 876 1884 gerenti
899 1812 930 1866 et
951 1807 1030 1865 serie
1053 1807 1247 1881 presencium
1271 1808 1505 1882 committimus,
1528 1814 1565 1868 ut
1586 1826 1657 1884 pre·

389 1917 504 1976 libatos
526 1921 646 1975 sutores
669 1919 776 1973 contra
812 1914 970 1988 quoslibet
1003 1914 1196 1988 impetitores
1218 1927 1278 1988 pro
1300 1914 1440 1987 pristinis
1462 1915 1658 1975 consvetudi·

389 2024 482 2082 nibus
512 2023 571 2080 sub
605 1997 711 2080 nostra
745 2019 917 2078 confiducia
951 2033 1133 2077 conservare
1155 2021 1187 2077 et
1208 2023 1312 2076 tenere
1335 2019 1450 2078 habeat
1472 2020 1657 2080 facultatem

390 2129 572 2188 auctoritate
594 2128 680 2200 regia
702 2131 795 2200 atque
817 2131 923 2184 nostra
945 2125 1006 2184 sibi
1029 2126 1195 2183 commissa
1218 2124 1375 2184 mediante
1405 2126 1437 2184 in
1467 2127 1527 2185 hac
1556 2132 1655 2201 parte,

389 2237 502 2294 harum
524 2239 702 2294 nostrarum
718 2232 895 2290 testimonio
910 2232 1094 2289 litterarum.
1118 2231 1277 2288 Presentes
1293 2237 1398 2298 autem
1416 2237 1488 2306 post
1503 2233 1655 2291 lecturam

389 2341 480 2401 reddi
502 2338 687 2399 mandamus
710 2337 906 2412 presentanti.
930 2337 1046 2394 Datum
1069 2335 1162 2407 Bude,
1184 2335 1263 2394 feria
1284 2337 1380 2394 tercia
1411 2339 1556 2411 proxima
1586 2344 1657 2414 post

390 2445 579 2505 dominicam
601 2443 702 2503 Oculi.
726 2444 817 2500 Anno
840 2441 958 2502 domini
981 2441 1316 2500 MCCCCXXXXXIII.

495 2565 519 2613 E
539 2563 650 2629 simplici
669 2566 829 2626 transumpto
842 2577 906 2614 saec.
927 2562 1020 2613 XVII.
1040 2562 1072 2610 In
1089 2561 1184 2614 archiv.
1204 2577 1261 2614 ven.
1281 2561 1365 2627 Capit.
1385 2564 1486 2627 zagrab.

979 2754 1063 2823 170.

496 2847 577 2896 Anno
599 2857 673 2912 1453,
696 2845 815 2910 1,Junii.
836 2841 932 2896 Cileae.

494 2956 670 3016 Fn'dericus
689 2954 854 3015 Slavoniae
876 2955 985 3027 banus,
1009 2959 1153 3028 tutorque
1176 2959 1207 3014 et
1229 2954 1399 3015 advocatus
1429 2957 1578 3017 ecclesiae
1606 2973 1657 3018 za-

390 3065 569 3141 grabiensis,
593 3063 690 3122 Ciliae
713 3062 917 3138 praesentatis
937 3061 998 3119 sibi
1021 3076 1078 3134 per
1108 3061 1216 3119 Vitum
1248 3063 1470 3136 praepositum,
1501 3065 1657 3124 Marinum

392 3173 592 3232 dubicensem
623 3185 659 3228 ac
689 3167 923 3242 Sigismundum
955 3165 1207 3225 varasdinensem
1238 3168 1471 3228 archidiaconos
1502 3177 1532 3228 et
1555 3171 1657 3230 Ellam

391 3279 431 3339 de
454 3277 634 3354 Saploncza,
669 3275 837 3346 custodem,
874 3275 1037 3332 canonicos
1073 3275 1294 3347 zagrabienses,
1332 3275 1481 3359 Johannis
1518 3279 1685 3362 episcopi⁸

389 3384 599 3458 zagrabiensis
619 3383 730 3442 litteris
756 3395 848 3456 ¹432·
872 3379 1098 3438 continentibus
1121 3379 1240 3438 litteras
1263 3381 1436 3440 Eberhardi
1450 3383 1589 3468 episcopi
1607 3399 1657 3442 za·

390 3490 570 3566 grabiensis,
597 3503 688 3564 1399.
711 3487 750 3546 de
781 3486 910 3545 decimis
943 3487 1047 3560 campi
1080 3487 1298 3560 zagrabiensis,
1331 3487 1460 3546 mandat
1496 3461 1657 3549 comitatui

389 3596 580 3670 zagrabiensi
603 3599 634 3653 et
655 3593 830 3668 capetaneis
853 3593 916 3650 suis
940 3593 1032 3651 castri
1056 3593 1087 3651 in
1110 3592 1221 3651 Medve
1245 3598 1276 3652 et
1297 3595 1431 3652 civitatis
1447 3596 1657 3668 zagrabiensis

390 3709 420 3762 et
443 3701 612 3760 castellano
643 3714 700 3757 suo
732 3697 770 3756 de
794 3696 934 3772 Stupnik,
958 3703 992 3756 ut
1015 3698 1137 3757 nobiles
1159 3700 1251 3758 castri
1274 3699 1385 3758 Medve
1408 3699 1447 3759 de
1469 3715 1582 3776 campo
1606 3717 1655 3760 za·

388 3805 545 3882 grabiensi
566 3805 607 3864 ad
629 3803 795 3864 solvendas
818 3803 954 3862 decimas
978 3805 1157 3880 compellat.

496 3925 602 3990 Georgii
622 3923 793 3974 Mareelovid:
813 3924 940 3987 Regesta.
960 3930 988 3972 ut
1005 3939 1089 3989 supra.

980 4137 1054 4206 171.
1088 4203 1091 4210 .

493 4264 575 4314 Anno
595 4275 670 4330 1453,
693 4275 731 4314 11.
749 4262 831 4328 Junii.
851 4235 999 4324 zagmbiae.

395 4379 499 4440 Coram
533 4377 708 4450 magistratu
741 4375 866 4432 civitatis
899 4374 1038 4432 Matkoei
1069 4374 1191 4432 Farkai
1229 4375 1299 4432 civis
1332 4374 1447 4434 heredes
1481 4379 1657 4437 monasterio

664 4482 688 4525 s.
711 4464 864 4522 Franct'sci
883 4463 1068 4538 zagrabt'ensi
1091 4463 1217 4536 legatum
1240 4463 1368 4521 madunt.

497 4592 561 4652 Nos
585 4590 746 4650 Conradus
769 4591 905 4660 Rawsar,
930 4589 1014 4648 filius
1037 4590 1144 4662 vlrici,
1167 4588 1271 4666 judex,
1295 4590 1456 4664 Georgius,
1478 4592 1655 4667 Dyonisius,

393 4701 547 4774 Clemens,
579 4699 734 4770 Nicolaus,
765 4696 926 4771 Georgius,
960 4697 1077 4768 Petrus,
1113 4695 1232 4755 BIasius
1266 4702 1296 4755 et
1334 4697 1516 4757 Benedictus
1550 4699 1655 4776 jurati,

389 4809 558 4868 consiliarii
581 4811 611 4865 et
634 4805 771 4865 universi
795 4807 877 4863 cives
893 4820 928 4862 ac
943 4809 1008 4862 tota
1020 4805 1226 4862 communitas
1250 4804 1367 4862 civium
1390 4805 1525 4864 civitatis
1536 4807 1653 4866 montis

390 4915 562 4976 Grecensis.
593 4913 743 4971 Memorie
778 4911 1033 4970 commendamus
1066 4916 1171 4969 tenore
1206 4911 1401 4984 presencium
1435 4911 1656 4988 significantes,

389 5023 503 5096 quibus
526 5019 651 5094 expedit
674 5019 834 5090 universis,
859 5018 942 5092 quod
966 5017 1130 5090 religiosus
1154 5033 1189 5074 ac
1213 5016 1271 5075 deo
1306 5017 1437 5076 devotus
1474 5019 1533 5090 vir,
1557 5017 1656 5080 frater
