3804 5858
405 545 466 620 418
675 563 678 568 ·
768 544 841 600 Doc.
858 537 937 618 328.
956 553 1032 619 329.
1056 549 1096 586 ¹-
1122 542 1178 600 An.
1202 539 1294 622 ¹482·

403 758 547 816 onalibus
577 757 692 816 nobilis
726 756 869 816 dominae
892 758 1074 830 Zthanycza,
1096 758 1223 815 relictae
1247 759 1324 814 olim
1347 757 1516 816 Clementis
1540 758 1605 828 Kys
1628 758 1667 815 de

403 863 600 936 Mykchewcz
623 863 744 937 viduae,
767 880 822 922 sex
844 863 990 922 videlicet
1013 879 1121 921 earum
1144 864 1306 938 populosis
1329 867 1359 921 et
1382 869 1515 937 quatuor
1538 864 1667 922 desertis

403 971 435 1028 in
458 971 610 1042 Mammea,
640 976 773 1042 quatuor
803 970 877 1028 item
907 970 1070 1044 populosis
1093 971 1124 1026 in
1146 969 1333 1052 Jahwsewcz
1357 984 1393 1026 ac
1416 970 1516 1028 tribus
1539 969 1667 1028 desertis

403 1077 434 1134 in
457 1076 615 1151 praedicta
640 1076 837 1149 Mykchewcz
863 1076 1109 1150 possessionibus
1132 1076 1254 1147 habitis,
1277 1075 1453 1149 praefatum
1477 1075 1574 1133 altare
1598 1076 1666 1150 pig·

404 1183 489 1241 noris
512 1183 590 1240 alias
612 1180 680 1258 jure
703 1182 948 1255 respicientibus,
966 1197 1058 1255 penes
1074 1181 1254 1239 mandatum
1278 1181 1411 1240 Mathiae
1427 1183 1517 1255 regis,
1541 1197 1559 1238 a
1582 1181 1666 1240 clau·

404 1288 488 1348 sula:
508 1289 701 1367 „Exponitur
716 1288 806 1346 nobis
822 1282 895 1346 etc.“
915 1289 1070 1358 inchoans,
1087 1289 1293 1358 statutorium,
1310 1286 1414 1345 medio
1429 1289 1507 1361 regii
1530 1293 1560 1346 et
1583 1289 1666 1361 capi·

403 1393 513 1452 tularis
542 1395 705 1452 hominum
736 1400 894 1468 peractam
925 1394 1117 1468 complexae,
1146 1395 1177 1452 in
1208 1394 1385 1452 authentico
1407 1394 1514 1452 attacti
1536 1394 1667 1467 capituli

401 1505 597 1574 transumpto
612 1515 671 1574 pro
683 1500 869 1558 monasterio
884 1499 1085 1558 Paulinorum
1097 1499 1293 1559 Remethensi
1306 1483 1380 1558 ann.⁸
1392 1513 1483 1569 1505.
1496 1499 1665 1575 expeditae.

508 1636 570 1686 Act.
583 1651 651 1686 mon.
678 1637 797 1687 Remete.
818 1636 891 1686 Fasc.
911 1635 962 1684 111.
983 1651 1019 1686 nr.
1040 1647 1080 1698 27.
1100 1637 1132 1684 In
1150 1635 1246 1685 archiv.
1264 1650 1336 1698 regn.
1356 1635 1441 1684 Croat.
1461 1634 1565 1685 Slaron.
1579 1633 1665 1683 Dalm.

988 1865 1074 1930 328.

508 2021 589 2070 Anno
610 2023 677 2084 1482
706 2037 792 2071 mense
809 2023 935 2086 januario.
955 2022 1103 2086 Zagrabiae.

511 2151 545 2208 In
577 2153 708 2210 termino
742 2152 933 2227 Epiphaniae
968 2152 1140 2225 capitulum
1173 2153 1204 2210 in
1234 2167 1326 2210 causa
1356 2167 1427 2209 cum
1458 2151 1583 2209 civitate
1605 2167 1667 2210 non

405 2257 588 2330 comparuit,
613 2258 718 2331 itaque
740 2273 796 2332 per
819 2273 880 2315 non
903 2258 1090 2316 venientiam
1113 2259 1144 2316 in
1167 2257 1282 2334 judicio
1306 2263 1452 2317 consveto
1475 2263 1505 2317 et
1527 2273 1667 2332 pronon

404 2362 559 2420 solutione
582 2361 613 2421 in
636 2362 757 2437 dupplo
778 2363 954 2422 convictum
978 2370 1032 2436 est,
1055 2370 1086 2422 et
1108 2365 1241 2422 Michael
1264 2365 1419 2438 palatinus
1441 2361 1530 2440 jussit
1553 2363 1666 2422 iterum

405 2483 463 2541 pro
495 2469 627 2526 termino
660 2485 682 2526 s.
714 2467 841 2542 Georgii
875 2469 916 2526 ad
950 2470 1174 2528 exhibitionem
1203 2471 1379 2528 litterarum
1414 2475 1444 2528 et
1478 2471 1666 2528 solutionem

404 2587 517 2632 novem
542 2589 719 2632 marcarum
743 2575 773 2632 in
797 2575 897 2633 tribus
921 2574 996 2634 foris
1019 2576 1265 2649 provincialibus
1288 2576 1479 2650 proclamari
1501 2590 1558 2648 per
1580 2575 1667 2633 chas-

406 2694 531 2750 mense;
554 2695 572 2737 a
595 2696 658 2754 quo
680 2682 794 2739 iterum
818 2682 950 2739 termino
974 2687 1177 2756 prorogatum
1200 2687 1248 2740 est
1269 2697 1326 2756 per
1355 2683 1476 2741 litteras
1507 2680 1667 2740 Michaelis

405 2784 614 2844 diversimode
636 2786 676 2845 ad
699 2788 866 2846 terminum
890 2804 913 2846 s.
936 2774 1095 2846 Michaelis
1118 2788 1189 2845 anni
1213 2789 1375 2861 sequentis.

511 2943 617 3006 Georgii
637 2943 807 2992 Marcelovld:
827 2944 961 3007 Regesta.,
981 2950 1114 3007 utsupra.

994 3173 1082 3240 329.

510 3314 586 3361 Anno
601 3313 683 3392 Ι1482,
705 3324 726 3363 1.
746 3313 877 3364 februarii.
896 3313 1043 3377 Zagrabiae.

412 3439 584 3510 Catharina,
599 3439 718 3498 Mathei
731 3439 890 3498 Latzarini
902 3447 991 3498 morte
1011 3441 1142 3512 viduata,
1158 3460 1195 3499 ex
1211 3441 1333 3498 Mcolai
1344 3442 1468 3499 sartoris
1483 3442 1667 3516 dr'spositione

406 3565 631 3634 testamentaria,
654 3583 742 3622 unum
763 3564 829 3634 flor.
853 3565 1025 3623 monasterio
1047 3566 1195 3623 remetemi
1208 3573 1266 3640 pro
1281 3565 1408 3640 fornacis
1423 3565 1546 3624 mercede
1554 3567 1666 3640 pendit.

511 3724 546 3783 ln
575 3725 699 3782 nomine
730 3723 855 3782 domini.
886 3717 995 3782 Amen.
1028 3726 1117 3782 Anno
1139 3725 1309 3782 nativitatis
1332 3723 1471 3782 eiusdem
1494 3725 1665 3784 millesimo

403 3830 709 3905 quadringentesimo
745 3830 955 3902 octuagesimo
985 3829 1127 3901 seeund0,
1159 3829 1330 3888 indiccione
1353 3829 1592 3903 quintadecima,
1615 3831 1665 3888 die

401 3952 478 3996 vero
501 3937 603 4011 prima
625 3935 740 3993 mensis
762 3934 920 4006 februarii,
943 3936 1020 3993 hora
1043 3951 1244 4008 vesperarum
1271 3936 1321 3993 vel
1346 3937 1443 4009 quasi,
1466 3951 1560 4010 penes
1576 3936 1665 3995 staci-

402 4058 492 4101 onem
516 4057 569 4099 seu
585 4041 706 4099 boltam
722 4042 781 4098 sub
797 4040 892 4098 domo
913 4041 1043 4099 condam
1060 4041 1186 4116 providi
1208 4043 1269 4100 viri
1293 4041 1413 4100 Nicolai
1436 4043 1572 4114 sartoris,
1588 4043 1665 4101 civis

401 4149 535 4208 civitatis
566 4147 678 4205 montis
708 4146 878 4220 Grecensis,
903 4149 934 4205 in
964 4148 1080 4220 angulo
1103 4148 1189 4205 iuxta
1221 4148 1378 4221 palacium
1399 4147 1549 4231 Johannis
1572 4148 1664 4206 Pero·

400 4255 491 4330 wyeh
514 4255 600 4326 civis,
623 4253 741 4312 ibidem
764 4254 902 4312 habitam
927 4259 957 4312 et
972 4254 1163 4323 existentem,
1186 4253 1383 4328 pontificatus
1408 4259 1512 4312 autem
1535 4255 1664 4313 sanctis·

401 4363 474 4422 simi
495 4363 527 4420 in
550 4361 674 4419 Christo
706 4363 803 4434 patris
826 4368 856 4419 et
887 4361 1005 4420 domini
1027 4361 1133 4432 nostri,
1157 4361 1276 4419 domini
1298 4359 1394 4433 syxti,
1419 4359 1524 4418 divina
1557 4361 1663 4434 provi·

405 4468 511 4527 dencia
542 4483 623 4542 pape
654 4467 764 4540 quarti,
787 4482 867 4526 anno
899 4468 963 4526 eius
993 4467 1167 4540 undecimo,
1198 4467 1228 4524 in
1261 4467 1322 4524 mei
1354 4467 1465 4525 notarii
1490 4467 1608 4541 publici
1633 4473 1663 4524 et

405 4575 529 4633 testium
553 4573 823 4649 infrascriptorum
847 4575 1005 4647 presencia
1028 4574 1184 4632 constituti
1204 4573 1409 4647 personaliter
1439 4573 1663 4646 circumspecta

402 4687 433 4740 et
465 4681 594 4740 honesta
626 4680 751 4738 domina
774 4680 947 4752 Chaterina,
983 4680 1232 4752 Matheygenicza
1263 4679 1469 4737 communiter
1492 4679 1662 4753 appellata,

401 4802 527 4846 consors
558 4801 633 4846 vero
656 4786 809 4860 legittima
840 4785 934 4844 Blasii
964 4787 1114 4857 Latzarin,
1143 4786 1220 4844 civis
1251 4783 1370 4859 prefate
1392 4785 1526 4844 civitatis
1548 4783 1664 4843 montis

399 4895 560 4955 Grecensis
583 4896 624 4952 ab
648 4909 716 4966 una,
749 4899 836 4968 parte
860 4909 934 4952 vero
959 4895 999 4951 ab
1023 4894 1120 4951 altera
1144 4892 1332 4951 venerabilis
1355 4897 1385 4949 et
1407 4891 1573 4964 religiosus
1596 4904 1661 4947 ma·

398 5003 494 5077 gister
524 5001 619 5060 irater
653 5001 768 5058 Paulus
803 5001 959 5074 Kranyecz
984 5001 1117 5058 vicarius
1156 4998 1285 5056 claustri
1308 5003 1337 5056 et
1361 4996 1495 5056 fratrum
1521 4995 1661 5053 Heremi-
