3948 5804
642 555 718 616 Doc.
735 569 791 634 39.
814 569 866 632 40.
889 587 932 599 -
955 556 1012 613 An.
1035 565 1264 634 man-1425.

918 767 979 832 39.

424 944 505 1026 Anno
527 956 602 1008 1424,
625 957 663 1008 14.
681 945 799 1010 januarii
820 944 968 1008 Zagrebiae.

324 1067 487 1148 Capitulum
510 1071 626 1144 sagrab.
651 1072 711 1132 eccl.
735 1072 846 1130 litteras
868 1071 1022 1140 Ia'ermani,
1045 1071 1152 1127 comitis
1201 1070 1295 1129 aleae
1317 1076 1346 1128 et
1376 1069 1453 1142 bani,
1481 1071 1584 1144 quibus

317 1173 352 1232 dc
376 1193 474 1246 causa,
500 1195 589 1252 quam
615 1184 801 1236 communitas
831 1179 861 1236 in
885 1177 1065 1246 Mt'clmlm,
1094 1175 1179 1236 Petri
1190 1177 1327 1250 pellficis
1346 1177 1450 1249 filt'um,
1474 1176 1585 1249 agebat,

645 1303 737 1357 regem
760 1285 927 1343 certite'orem
950 1283 1051 1354 reddit,
1074 1285 1263 1344 transummt't.

423 1441 486 1503 Nos
509 1445 682 1519 capitulum
706 1447 833 1506 ecclesie
849 1447 1064 1520 zagrabiensis.
1089 1447 1238 1506 Memorie
1255 1446 1511 1504 commendamus
1528 1463 1583 1520 per

317 1555 483 1623 presentes,
508 1551 590 1624 quod
613 1551 674 1612 viri
698 1552 823 1625 providi
847 1557 877 1610 et
900 1553 1031 1624 bonesti,
1053 1552 1193 1624 Michael,
1218 1551 1302 1610 filius
1318 1551 1471 1624 symonis,
1488 1551 1581 1609 iudex

317 1661 347 1714 et
370 1657 462 1738 iurati
486 1657 569 1714 cives
593 1658 727 1715 civitatis
751 1659 865 1718 montis
889 1658 1053 1718 Grecensis
1076 1657 1116 1716 ad
1139 1664 1277 1717 nostram
1301 1659 1507 1732 personaliter
1531 1675 1583 1716 ve·

317 1762 430 1820 niendo
453 1764 654 1836 presenciam,
678 1765 886 1826 exhibuerunt
909 1764 1000 1822 nobis
1024 1763 1176 1838 quasdam
1199 1765 1319 1822 litteras
1350 1765 1530 1838 spectabilis
1553 1771 1583 1822 et

318 1867 477 1941 magnifici
501 1867 619 1926 domini
641 1870 821 1940 Hermanni,
845 1869 943 1944 Cylie‚
967 1870 1157 1944 Zagorieque
1180 1872 1301 1929 comitis
1325 1885 1360 1928 ac
1384 1872 1471 1944 regni
1493 1870 1578 1929 Scla-

316 1976 406 2032 uonie
429 1975 504 2032 bani
526 1975 723 2033 serenissimo
746 1976 880 2049 principi
908 1981 938 2033 et
962 1975 1097 2045 domiuo,
1134 1976 1261 2033 domino
1296 1974 1496 2050 Sigismundo
1528 1975 1579 2034 dei

315 2081 419 2152 gracia
438 2081 650 2138 Romanorum
673 2081 747 2152 regi,
772 2097 896 2156 semper
918 2087 1058 2154 augusto,
1081 2096 1117 2138 ac
1132 2082 1300 2154 Hungarie,
1318 2081 1487 2152 Dalmacie,
1504 2080 1581 2140 Cro·

312 2167 383 2244 ¹acie
406 2193 462 2245 etc.
487 2186 561 2259 regi,
585 2185 712 2244 domino
734 2192 839 2246 nostro
864 2187 998 2250 naturali
1021 2201 1079 2260 pro
1103 2193 1191 2261 parte
1213 2187 1368 2260 siquidem
1385 2187 1579 2262 prefatorum

315 2291 426 2350 iudicis
441 2297 471 2349 et
486 2293 658 2350 iuratorum
676 2293 801 2364 civium,
818 2299 924 2352 contra
940 2293 1124 2350 Michaelem
1140 2292 1242 2351 filium
1260 2293 1350 2364 Petri,
1372 2286 1577 2373 pelli(fi)cem‚

318 2399 419 2456 civem
444 2399 523 2456 dicte
543 2399 677 2458 civitatis
701 2400 814 2458 montis
837 2398 999 2458 Grecensis
1022 2400 1185 2474 loquentes
1205 2403 1236 2456 et
1259 2398 1390 2456 directas
1413 2445 1419 2458 .
1444 2441 1451 2458 .
1477 2442 1513 2469 .,
1537 2442 1543 2455 .
1571 2444 1578 2460 .

316 2505 610 2586 suolmanuscripto
632 2505 724 2563 solito
759 2507 961 2578 consignatas,
996 2510 1134 2580 petentes
1167 2519 1223 2564 nos
1258 2521 1330 2562 curn
1364 2506 1512 2563 instancia
1547 2513 1581 2565 ut

315 2609 440 2668 easdem
463 2610 502 2668 de
525 2612 623 2670 verbo
645 2611 685 2668 ad
709 2612 842 2670 verbum
865 2605 1041 2690 (transcribi
1064 2611 1235 2669 taceremus
1248 2616 1277 2668 et
1293 2605 1444 2690 tenorem)
1461 2627 1581 2670 earum·

315 2715 387 2774 dem
403 2717 598 2790 presentibus
614 2718 707 2776 inseri
723 2723 752 2775 et
768 2717 872 2790 sigillo
889 2725 993 2775 nostro
1009 2717 1183 2789 consignari
1200 2717 1348 2788 faciende,
1366 2717 1484 2776 eisdem
1507 2718 1581 2776 dare

315 2822 523 2897 dignaremur.
554 2817 707 2902 (Quarum
730 2829 817 2881 tenor
840 2839 896 2898 per
913 2825 1023 2890 *omnia
1047 2824 1118 2880 talis
1142 2815 1216 2900 est):
1256 2815 1342 2902 (vide
1364 2823 1440 2884 Doc.
1466 2823 1517 2896 36.
1542 2823 1581 2881 de

314 2943 394 2986 anno
414 2943 506 3004 1423,
524 2943 572 3002 23·
584 2922 785 3007 novembris).
808 2929 871 2987 Nos
895 2931 989 3004 igitur
1004 2929 1209 3002 peticionibus
1225 2928 1406 2987 eorumdem
1423 2928 1532 2987 iudicis
1551 2937 1580 2987 et

314 3034 495 3106 iuratorum,
507 3032 597 3110 justis
619 3041 731 3109 utputa
754 3041 784 3092 et
805 3033 884 3110 juris
908 3036 1049 3093 consonis
1071 3041 1247 3107 annuentes,
1266 3041 1441 3107 pertaxatas
1457 3035 1577 3093 litteras

314 3141 414 3216 ipsius
438 3141 557 3199 domini
580 3141 750 3199 Hermanni
774 3141 848 3199 bani
870 3141 909 3199 de
932 3142 1030 3199 verbo
1054 3141 1094 3199 ad
1116 3141 1248 3198 verbum
1266 3141 1431 3198 transcribi
1446 3143 1476 3198 et
1492 3145 1574 3200 tran·

314 3249 438 3318 summi,
462 3248 683 3321 transcriptum
708 3253 738 3304 et
761 3253 1008 3322 transsumptum
1031 3247 1213 3305 earumdem
1245 3247 1439 3320 presentibus
1463 3247 1575 3306 litteris

314 3355 427 3411 nostris
450 3353 544 3411 inseri
567 3359 596 3410 et
618 3353 723 3426 sigillo
746 3360 853 3411 nostro
886 3354 1060 3426 consignari
1091 3352 1238 3424 faciendo¹
1275 3351 1392 3410 eisdem
1421 3351 1515 3410 iudici
1550 3361 1579 3410 et

314 3459 421 3518 iuratis
452 3459 629 3517 uberiorem
660 3458 698 3516 ad
731 3460 885 3516 cautelam
920 3457 1066 3516 duximus
1098 3457 1315 3516 concedendas.
1362 3457 1477 3515 Datum
1502 3457 1579 3516 teria

313 3571 400 3624 sexta
429 3566 574 3641 proxima
607 3572 678 3640 post
712 3570 856 3622 octavam
890 3565 1136 3638 Epiphaniarum
1160 3564 1287 3622 domini.
1323 3566 1412 3622 Anno
1436 3563 1574 3621 eiusdem

314 3673 483 3731 millesimo
507 3671 812 3748 quadringentesimo
836 3671 988 3744 vigesimo
1012 3675 1131 3744 quarto.

419 3843 553 3908 originale
570 3845 598 3893 iu
616 3844 712 3902 charta,
732 3859 821 3908 parum
840 3843 963 3901 attritum,
983 3860 998 3892 a
1017 3850 1089 3908 tergo
1108 3843 1245 3906 vestigium
1264 3841 1413 3907 capitularis
1432 3843 1521 3906 sigilli.
1547 3845 1578 3892 Iu

313 3933 408 3984 archiv.
427 3933 473 3988 lib.
491 3949 543 3997 reg.
564 3933 633 3984 civit.
652 3932 825 3997 zagrabiensis

913 4179 980 4243 40.

420 4270 499 4318 Anno
522 4281 586 4334 1425

320 4395 512 4453 Commum'tos
534 4394 660 4454 civitates
682 4395 785 4452 tnontis
815 4391 985 4451 Greclzcnsir
1018 4391 1051 4448 de
1078 4397 1211 4460 mercatu,
1242 4389 1386 4446 industria
1420 4408 1455 4447 ac
1475 4392 1578 4447 secuti-

734 4525 791 4576 tate
814 4535 913 4575 seuera
937 4516 1026 4574 edicta
1049 4515 1155 4572 cnrittit.

419 4675 521 4760 (Anno
548 4695 639 4758 14²⁵·
663 4681 817 4754 Tempore
840 4677 993 4755 judicatus
1015 4677 1147 4748 Andree,
1171 4676 1230 4734 filii
1262 4668 1364 4754 Petri).
1401 4675 1577 4734 Notandum

312 4793 371 4859 est,
391 4789 475 4861 quod
498 4795 562 4848 tota
586 4788 793 4846 communitas
816 4786 849 4844 id
871 4785 1058 4846 unanimiter
1074 4783 1220 4853 decrevit,
1237 4789 1270 4840 ut
1286 4798 1412 4856 presens
1428 4787 1577 4839 statutum

313 4911 370 4968 per
394 4901 493 4954 toturn
517 4894 588 4952 anni
610 4894 763 4952 circulum
787 4892 920 4950 firmiter
943 4906 979 4949 ac
1002 4891 1227 4949 inviolabiliter
1251 4887 1378 4946 deberet
1395 4903 1578 4962 permanere

312 5001 553 5058 observandum.
