3828 5822
417 533 481 598 m
835 513 1318 596 Qm-mw„

414 736 564 794 stanciam
588 752 644 809 per
667 749 720 791 eos
742 739 847 793 nostre
870 740 1036 809 propterea
1066 740 1208 809 porrecte
1233 734 1396 808 maiestati,
1420 735 1546 793 eosdem
1570 735 1682 802 fratres

414 842 467 900 sed
492 845 521 900 ct
551 848 743 900 successores
773 857 881 899 eorum
905 857 963 916 pro
987 846 1128 914 tempore
1151 841 1288 899 claustro
1302 837 1343 898 'in
1367 839 1477 899 eodem
1500 841 1558 900 deo
1581 841 1680 901 famu·

415 949 522 1022 lantes,
546 949 587 1006 ab
611 947 758 1020 omnibus
783 948 862 1006 taxis
892 937 922 1006 et
935 960 939 966 ’
953 947 1247 1019 contribucionibuS,
1280 952 1346 1005 tam
1368 947 1485 1006 scilicet
1507 948 1680 1022 ordinariis,

413 1041 508 1129 quam
531 1054 790 1125 extraordinariis,
814 1054 917 1124 daciis,
952 1054 1099 1126 collectis,
1137 1055 1341 1127 proventibus
1374 1059 1405 1112 et
1434 1055 1596 1139 quibusvis
1624 1056 1679 1112 ob·

412 1162 612 1220 vencionibus
634 1161 740 1219 nobis‘
757 1167 810 1218 aut
833 1161 903 1219 aliis
936 1175 953 1218 e
987 1161 1090 1219 medio
1124 1161 1265 1234 ipsorum
1299 1160 1531 1246 proveniendis,
1562 1178 1681 1221 necnon

412 1268 558 1339 serviciis,
583 1267 696 1340 quibus
729 1266 824 1324 iidem
843 1268 889 1325 'in
913 1266 1051 1325 medium
1075 1266 1155 1325 dicte
1185 1267 1318 1326 civitatis
1338 1272 1444 1325 nostre
1475 1269 1596 1326 racione
1612 1268 1676 1327 dic·

413 1361 517 1431 iarum
548 1372 680 1431 duarum
712 1373 883 1430 sessionum
908 1379 1092 1442 tenerentur,
1128 1371 1166 1430 de
1201 1375 1305 1446 gracia
1339 1373 1475 1447 speciali,
1509 1381 1675 1449 nostreque

411 1467 497 1552 regie
517 1480 677 1552 potestatis
702 1478 902 1553 plenitudine,
920 1479 1066 1537 duximus
1089 1481 1121 1537 in
1147 1463 1332 1554 perpetuum
1356 1451 1536 1538 eximendos
1559 1485 1590 1538 et
1605 1465 1677 1554 sup·

411 1585 589 1658 portandos,
612 1587 709 1644 immo
733 1585 899 1643 eximimus
922 1594 952 1643 et
975 1591 1198 1659 supportamus
1221 1583 1418 1659 presencium
1441 1601 1499 1659 per
1525 1577 1676 1666 vigorem,

410 1689 562 1763 Quocirca
592 1691 682 1748 vobis
712 1690 859 1764 fidelibus
894 1691 1007 1748 nostris
1039 1691 1191 1748 universis
1223 1695 1253 1748 et
1276 1678 1412 1764 singuiis
1429 1675 1618 1751 dicatoribus
1641 1696 1671 1750 et

411 1798 623 1869 quarumlibet
657 1802 809 1866 taxarum,
841 1797 1110 1854 contribucionum
1144 1802 1174 1855 et
1205 1796 1433 1855 obvencionum
1462 1798 1672 1869 exactoribus;

410 1905 484 1962 item
508 1903 739 1977 circumspectis
762 1901 865 1977 judici,
889 1901 1007 1979 juratis,
1040 1904 1162 1980 civibus
1197 1907 1227 1962 et
1257 1903 1315 1962 toti
1345 1904 1559 1963 communitati
1592 1903 1671 1962 dicte

409 2010 542 2068 civitatis
563 2017 668 2067 nostre
692 2009 806 2066 montis
830 2009 1001 2082 Grecensis‚
1025 2025 1106 2066 nunc
1129 2010 1304 2068 constitutis
1329 2010 1413 2070 etin
1437 2007 1576 2069 futurum
1600 2025 1670 2071 con·

409 2115 578 2188 stituendis,
614 2123 770 2188 presentes
800 2115 921 2188 visuris,
952 2116 1064 2173 harum
1096 2116 1174 2173 serie
1204 2114 1338 2173 firmiter
1361 2115 1565 2191 precipientes
1590 2131 1675 2174 man·

409 2221 528 2293 damus,
563 2226 712 2295 quatenus
745 2222 880 2296 receptis
915 2222 1107 2294 presentibus
1138 2221 1252 2279 amodo
1282 2222 1314 2280 in
1345 2227 1506 2297 posterum
1536 2222 1673 2298 prefatos

409 2328 519 2388 fratres
541 2329 752 2388 Predicatores
776 2329 892 2388 ordinis
916 2330 1000 2388 beati
1020 2330 1186 2401 Dominici,
1210 2329 1264 2387 sed
1288 2335 1319 2389 et
1341 2346 1533 2390 successores
1565 2345 1672 2388 eorum

408 2451 466 2509 pro
490 2443 631 2511 tempore
660 2437 692 2496 in
723 2435 805 2495 dicto
836 2437 973 2495 claustro
1013 2437 1166 2510 degentes
1197 2436 1237 2494 ad
1269 2438 1460 2496 solucionem
1491 2437 1672 2511 quammvis

408 2547 552 2600 taxarum
575 2549 639 2601 tam
662 2545 693 2602 in
716 2544 820 2602 medio
844 2545 939 2602 vestri
963 2559 1021 2620 pro
1045 2559 1242 2617 quocumque
1257 2544 1386 2618 negocio
1401 2541 1671 2618 imponendarum,

408 2663 502 2721 quam
525 2649 658 2706 aliarum
681 2649 959 2720 contribucionum,
977 2648 1368 2722 daciorum,·collectarum
1384 2658 1415 2709 et
1430 2649 1667 2718 obvencionum,

406 2769 524 2812 necnon
547 2755 759 2824 serviciorum,
783 2771 843 2829 que
866 2755 961 2812 iidem
984 2761 1128 2828 pretextu
1161 2755 1315 2814 dictarum
1345 2756 1476 2813 duarum
1501 2756 1669 2813 sessionum

407 2859 507 2918 facere
541 2860 697 2935 deberent,
731 2866 855 2935 tempus
885 2860 966 2918 inira
991 2863 1186 2935 premissum,
1218 2868 1323 2920 contra
1344 2862 1478 2920 formam
1501 2861 1671 2935 prescripte

406 2971 510 3024 nostre
532 2968 670 3039 graciose
701 2968 920 3042 exempcionis,
953 2967 1144 3041 compellere
1169 2975 1198 3026 et
1221 2970 1391 3042 astringere
1414 2974 1444 3026 et
1466 2983 1522 3026 nec
1545 2967 1670 3026 eosdem

405 3073 527 3131 racione
550 3075 660 3148 previa
683 3074 714 3132 in
738 3073 878 3148 personis
901 3079 931 3132 et
954 3073 1135 3132 eorumdem
1161 3075 1354 3148 quibuslibet
1384 3075 1478 3133 rebus
1508 3072 1669 3148 impedire,

406 3179 573 3237 molestare
596 3186 625 3237 et
649 3179 872 3253 dampnificare
895 3179 1118 3256 quoquomodo
1136 3181 1321 3254 presumatis
1338 3197 1394 3240 nec
1410 3181 1476 3239 sitis
1492 3181 1559 3238 ausi
1575 3179 1669 3238 modo

404 3285 543 3358 aliquali,
575 3286 678 3358 gracie
707 3293 811 3345 nostre
845 3286 904 3343 sub
935 3286 1070 3344 obtentu.
1107 3287 1267 3346 Presentes
1300 3286 1434 3358 tandem,
1471 3302 1548 3361 quas
1571 3285 1667 3359 sigilli

403 3391 502 3449 nostri
524 3391 712 3466 appensione
736 3391 923 3449 communiri
953 3389 1092 3464 fecimus,
1123 3399 1193 3465 post
1223 3409 1330 3452 earum
1362 3393 1512 3451 lecturam
1546 3407 1669 3466 semper

403 3494 493 3555 reddi
514 3495 657 3572 jubemus
681 3497 824 3555 manibus
847 3499 1046 3570 presentanti.
1076 3499 1194 3556 Datum
1228 3499 1310 3558 Bude
1332 3500 1364 3558 in
1395 3499 1474 3558 festo
1505 3500 1669 3557 beatorum

403 3601 468 3661 Viti
491 3607 521 3662 et
545 3603 675 3662 Modesti
700 3605 871 3661 martirum.
896 3605 985 3661 Anno
1016 3603 1132 3663 domini
1165 3605 1333 3664 millesimo
1364 3605 1667 3679 quadringentesimo

404 3709 632 3781 septuagesimo
655 3715 775 3768 octavo.
797 3709 976 3782 Regnorum
1000 3718 1187 3783 nostrorum,
1210 3725 1290 3770 anno
1323 3713 1479 3785 Hungarie
1503 3716 1561 3780 etc,
1583 3711 1667 3784 vige-

404 3814 483 3870 simo
506 3815 618 3887 primo,
641 3815 788 3873 Bohemie
812 3829 887 3873 vero
911 3815 1039 3873 decimu.

1036 3916 1148 3966 Reiacio
1167 3916 1293 3984 Stephani
1310 3919 1434 3984 prepositi
1447 3919 1631 3970 Demesieusis.

506 4039 640 4103 Originale
658 4041 687 4089 in
705 4040 859 4092 membrana.
880 4042 906 4091 Α
917 4057 982 4092 zona
995 4043 1091 4092 sericea
1104 4043 1184 4100 rubri,
1197 4042 1250 4092 albi
1263 4051 1310 4095 etc.
1324 4043 1414 4093 viridis
1427 4041 1521 4092 coloris
1534 4041 1664 4107 appendet

401 4126 522 4191 sigillum.
542 4130 574 4177 In
593 4129 688 4182 archiv.
707 4129 767 4181 incl.
787 4129 871 4182 Acad.
891 4130 978 4180 Scient
1006 4131 1104 4183 Slavor.
1123 4132 1214 4184 merid.

984 4335 1080 4428 'ara

507 4499 588 4549 Anno
609 4502 684 4564 1478,
705 4513 746 4565 30.
762 4502 844 4566 Junii.
866 4503 1014 4567 Zagrabiae.

526 4625 717 4688 Obseruando
739 4629 860 4704 quedam
880 4631 914 4689 de
934 4631 1108 4706 stgt'llationc'
1131 4651 1150 4688 a
1172 4633 1298 4706 capitulo
1320 4634 1540 4692 constituuntur.

505 4772 728 4832 MCCCCLXX
750 4779 870 4847 octavo,
893 4774 970 4835 feria
993 4777 1085 4836 tercia
1103 4777 1134 4836 in
1150 4777 1229 4836 festo
1245 4778 1548 4840 commemorationis
1565 4780 1665 4842 sancti

398 4879 488 4938 Pauli
518 4881 661 4954 apostoli,
691 4882 742 4940 hic
769 4881 802 4940 in
832 4882 980 4954 sacristia,
1012 4881 1147 4942 dominis
1176 4881 1215 4942 ad
1247 4884 1306 4944 hoc
1336 4884 1512 4958 specialiter
1534 4899 1662 4959 congre·

399 4986 488 5060 gatis,
511 4985 673 5048 videlicet:
696 4989 820 5061 lectore,
837 4995 970 5062 cantore,
986 4989 1192 5066 suffraganee,
1205 4990 1374 5063 dubicensi,
1391 4989 1533 5064 Kemlelr,
1549 4991 1661 5065 Vaska,
