3736 5826
410 509 591 588 CCXXVlll
947 507 1138 579 Argumenta.

1612 726 1705 782 Pagina

432 818 461 871 13
465 821 488 871 3.
517 809 592 857 rinno
610 817 683 870 1441,
699 819 722 868 9.
734 807 816 871 Junii.
831 804 979 868 Zagrabiae.
990 804 1083 852 Coram
1096 803 1222 869 Johanne,
1236 803 1342 856 Cisterc.
1355 805 1456 868 aagrab.
1469 804 1584 862 abbate,

517 897 650 945 Conradus
673 897 776 944 Ravsar
795 893 907 944 Sebaldo
928 893 1011 957 Majer
1024 893 1129 942 domum
1148 907 1228 950 suam,
1245 907 1311 956 quae
1324 899 1363 940 est
1375 894 1402 941 11
1416 893 1583 957 Opatovina,

516 984 592 1032 certis
612 983 803 1032 conditionibus
823 981 890 1030 cedit
899 1005 1576 1020 ······································
1651 979 1702 1026 180

432 1081 488 1135 134.
517 1075 593 1122 Auno
616 1081 689 1134 1443,
704 1086 727 1133 4.
739 1070 857 1135 ianuarii.
878 1069 1025 1133 Zagrabiae.
1044 1070 1245 1118 Testamentum
1259 1070 1374 1133 Georgii,
1388 1067 1435 1118 filii
1457 1069 1580 1124 Nicolai,

515 1161 577 1210 dicti
596 1162 676 1218 Baua,
695 1160 758 1208 civis
778 1160 872 1208 montis
891 1158 1043 1206 Grecensis·
1056 1183 1572 1196 ·····························
1650 1156 1700 1217 187

433 1276 489 1331 135.
518 1267 594 1315 Anno
616 1275 690 1328 1443,
705 1266 728 1316 8.
741 1265 859 1328 januarii.
874 1263 1020 1327 Zagrabiae.
1036 1262 1129 1312 Coram
1147 1263 1272 1327 Johanne,
1286 1264 1447 1312 decretorum
1465 1263 1581 1312 doctore

517 1361 543 1403 et
562 1354 657 1404 vicario
676 1352 800 1401 ecclesiae
818 1352 927 1414 zagrab.,
948 1352 1076 1414 Georgius
1094 1352 1127 1400 de
1146 1351 1269 1415 Meglech
1289 1351 1422 1417 presbyter
1442 1360 1468 1400 et
1487 1361 1577 1400 rector

518 1443 606 1492 altaris
635 1459 654 1490 s.
684 1441 855 1507 Magdalenae
884 1441 952 1490 cives
980 1441 1074 1490 montis
1104 1441 1241 1490 Grecensis
1269 1441 1419 1506 injuriarum
1448 1441 1578 1489 factarum

519 1531 625 1580 arcessit
632 1553 1570 1569 ·····················································
1645 1527 1696 1586 189

433 1638 491 1700 136.
520 1638 595 1686 Anno
618 1646 692 1699 1443,
712 1651 735 1698 4.
756 1635 854 1700 aprilis.
869 1635 1017 1700 Zagrabiae.
1031 1635 1123 1684 Coram
1142 1635 1325 1684 communitate
1344 1635 1456 1684 civitatis
1476 1635 1573 1683 montis

518 1726 664 1783 Grecensis‚
684 1724 795 1780 Helena,
812 1724 942 1788 Johaunis
961 1725 1024 1773 civis
1043 1724 1169 1774 institoris
1187 1729 1269 1773 morte
1287 1724 1400 1780 viduata.
1415 1738 1491 1788 agros
1509 1738 1571 1771 suos

517 1812 644 1864 Clementi
664 1812 778 1862 camiiici
796 1813 886 1861 vendit
901 1836 1566 1851 ······································

434 1913 489 1968 137.
517 1904 594 1952 Anno
616 1913 690 1966 1443,
713 1912 751 1954 10,
771 1901 868 1966 aprilis.
889 1901 986 1954 Budae.
1001 1901 1150 1949 vladislaus
1164 1901 1314 1964 Hungariae
1327 1909 1375 1952 etc.
1389 1917 1433 1949 1111
1446 1901 1572 1966 praecipit

519 2000 596 2056 atque
615 1991 745 2041 interdicit
765 1989 878 2055 capitulo
896 1989 996 2054 zagrab.
1016 2006 1048 2037 11
1067 1989 1190 2054 episcopo
1208 1990 1351 2038 Benedicto
1370 1989 1475 2038 obediat
1487 2015 1564 2028 ·····

435 2081 493 2145 138.
520 2082 597 2130 Anno
619 2089 693 2143 1443,
714 2091 755 2128 21.
775 2079 935 2142 septembris.
962 2077 1110 2140 Zagrabiae.
1136 2077 1228 2126 Coram
1252 2078 1434 2126 communitate
1460 2079 1572 2127 civitatis

519 2170 613 2218 montis
644 2167 781 2218 Grecensis
809 2165 943 2216 Mathaeus
971 2167 1069 2215 Farlrai
1092 2165 1225 2231 Stephano
1248 2166 1327 2230 Sajlro
1347 2165 1462 2216 carnifici
1482 2181 1571 2231 agrum

518 2257 609 2306 vendit
615 2280 1567 2296 ······················································

435 2357 492 2409 139.
523 2349 599 2395 Anno
621 2357 694 2409 1445.
709 2343 801 2394 Coram
820 2345 970 2407 magistratu
990 2344 1071 2392 civico
1084 2344 1237 2393 Ambrosius
1257 2345 1361 2396 institor
1379 2325 1487 2394 vineam'
1500 2359 1573 2394 suam

521 2434 656 2483 Le'onardo
675 2433 762 2490 sutori,
782 2433 906 2495 fratrique
925 2433 981 2497 ejus
1000 2433 1119 2482 Emerico
1142 2443 1180 2498 15.
1201 2433 1255 2486 flor.
1275 2435 1330 2482 auri
1349 2434 1438 2483 vendit
1452 2459 1566 2472 ·······

434 2533 492 2587 140.
520 2525 596 2571 Α110
611 2532 686 2587 1445,
702 2531 741 2585 17.
755 2522 904 2574 decembris,
918 2522 1065 2584 Zagrabiae.
1080 2521 1230 2586 Capitulum
1242 2521 1342 2584 zagrab.
1355 2521 1460 2570 colonos
1474 2523 1573 2586 praedii

517 2611 628 2675 Sepnica
646 2610 680 2660 ab
698 2610 817 2659 omnibns
845 2610 956 2659 servitiis
981 2617 1007 2658 et
1032 2611 1098 2658 taxis
1122 2609 1332 2659 extraordinariis
1358 2625 1403 2675 per
1430 2609 1567 2659 duodecim

520 2714 601 2748 annos
618 2697 715 2748 liberos
734 2715 790 2748 esse
809 2699 873 2748 dicit
879 2723 1568 2740 ·······································

432 2799 492 2851 ·14l.
522 2789 598 2837 Anno
620 2787 695 2851 1446,
716 2799 737 2838 1.
749 2788 876 2852 Januarii.
890 2787 1037 2851 Zagrabiae.
1056 2789 1079 2836 Α
1094 2788 1243 2846 Benedicto,
1262 2788 1385 2853 episeopo
1404 2788 1573 2851 eugubiensi,

518 2877 647 2926 canonicis
667 2877 876 2940 zagrabiensibus
893 2877 935 2940 ius
955 2877 1067 2925 testandi
1087 2875 1251 2926 confirmatur
1272 2900 1566 2916 ·················

436 2974 492 3028 142.
522 2967 599 3014 Anno
621 2975 695 3028 1447,
721 2977 762 3014 20.
782 2965 851 3014 maii.
872 2964 1022 3030 Zagrabiae.
1048 2964 1197 3029 Capitulum
1216 2965 1381 3028 zagrabiense
1401 2965 1500 3013 litteras
1519 2965 1572 3013 De·

522 3054 614 3112 metrii,
633 3055 750 3118 episcopi
769 3054 894 3110 tiniensis,
914 3054 947 3101 de
960 3069 1005 3102 sua
1023 3054 1056 3102 ad
1076 3045 1253 3119 episcopatum
1276 3053 1465 3117 zagrabiensem
1492 3059 1574 3102 trans·

524 3141 620 3191 latione
639 3143 725 3191 curiae
743 3158 862 3191 romanae
881 3143 979 3198 missas,
1000 3142 1075 3191 falsas
1094 3141 1206 3190 declarat
1239 3167 1567 3182 ···················

437 3241 492 3294 143.
521 3233 596 3280 Anno
618 3239 692 3294 1447,
713 3243 754 3294 23.
774 3231 886 3279 octobris
915 3231 1063 3294 Zagrabiae.
1083 3231 1175 3280 Coram
1195 3232 1318 3279 comitatu
1340 3230 1443 3294 aagrab.
1457 3245 1570 3280 commu·

518 3319 585 3368 nitas
604 3319 679 3372 Grec.
698 3335 721 3369 a.
739 3319 852 3383 capitulo
871 3335 945 3382 agros
965 3319 1154 3368 communitatis
1168 3325 1255 3368 contra
1278 3319 1319 3382 jus
1339 3320 1458 3382 occupari
1481 3327 1566 3368 vetat·

436 3418 492 3470 144.
523 3411 598 3457 Anno
620 3419 696 3472 1447.
709 3408 814 3458 Ulricus
834 3409 921 3458 Cileae
940 3424 1025 3457 comes
1044 3415 1069 3456 et
1089 3408 1170 3456 banus
1185 3408 1289 3456 domum
1308 3407 1456 3457 incivitate
1476 3411 1572 3458 montis

508 3497 660 3546 ·Grecensis
679 3498 795 3547 Thomae
814 3498 927 3546 institori
946 3499 1024 3546 donat
1042 3521 1569 3538 ······························

436 3595 491 3651 145.
521 3586 597 3635 Anno
620 3596 696 3649 1449,
717 3587 740 3638 8.
760 3586 829 3636 maii.
850 3585 935 3636 Crisii.
961 3585 1065 3635 Ulricus
1094 3599 1178 3634 comes
1208 3585 1304 3644 Cileae‚
1333 3601 1365 3633 111
1392 3585 1504 3648 quodem
1534 3587 1574 3634 Si·

519 3672 650 3737 gismundi
677 3675 745 3737 regis
771 3674 892 3723 mandato
910 3674 1011 3723 nobiles
1031 3675 1287 3738 possessionatosque
1306 3673 1456 3723 hominess
1475 3675 1576 3724 civibus

522 3761 733 3826 zagrabiensibus
759 3763 882 3810 tributum
903 3779 950 3827 pro
969 3778 1052 3811 merce
1070 3763 1173 3826 exigere
1192 3769 1269 3812 vetat.
1279 3786 1570 3802 ·················
1632 3775 1680 3812 202

435 3867 491 3927 146.
520 3868 596 3916 Anno
619 3877 692 3928 1449,
721 3877 758 3919 12.
779 3869 846 3918 maii.
873 3869 948 3920 Crisi.
973 3869 1066 3917 Coram
1091 3869 1181 3918 Ulrico
1208 3868 1276 3918 bano
1301 3877 1326 3918 et
1351 3868 1483 3918 nobilibus
1502 3870 1575 3932 regni

521 3955 657 4004 Ladislaus
677 3956 783 4005 Biclrele
802 3965 911 4014 accusat,
931 3958 1001 4020 quod
1020 3958 1109 4015 iurent,
1132 3959 1177 4020 qui
1192 3957 1307 4006 Ladislai
1317 3957 1464 4020 jobagionis
1482 3957 1574 4007 bovem

521 4045 589 4093 furto
603 4045 630 4093 in
643 4047 853 4094 communitatem
869 4047 980 4094 civitatis
999 4047 1093 4095 montis
1106 4047 1244 4096 Grecensis
1257 4047 1353 4110 abegit,
1372 4046 1573 4111 deprehendere,

521 4132 697 4195 iudiciumque
717 4131 832 4197 profiteri
852 4133 993 4196 neglexerit
1010 4159 1568 4174 ································

436 4247 494 4302 137.
522 4240 598 4286 Anno
620 4248 693 4300 1449,
721 4248 758 4302 13.
786 4241 855 4289 maii.
879 4238 964 4290 Crisii.
986 4239 1076 4290 Coram
1095 4240 1185 4290 Ulrico
1211 4241 1281 4289 bano
1299 4248 1325 4289 et
1343 4240 1475 4290 nobilibus
1493 4242 1574 4304 regni,

521 4327 646 4390 Henning
670 4327 702 4375 de
728 4327 810 4376 Sused
829 4329 929 4376 incusat
954 4330 1161 4378 communitatem
1181 4331 1294 4378 civitatis
1313 4330 1408 4379 montis
1428 4330 1572 4388 Grecensis‚

522 4416 592 4479 quod
611 4417 678 4464 viam
698 4416 745 4464 sub
771 4417 852 4465 Sused
878 4417 953 4465 sitam
978 4417 1076 4476 vitavit,
1102 4433 1245 4481 novamque
1265 4420 1340 4476 viam,
1360 4434 1425 4482 quae
1444 4420 1494 4468 lert
1513 4419 1573 4468 Cra·

524 4505 612 4568 pinam
631 4511 656 4552 et
676 4505 815 4562 Stubicam‚
836 4506 953 4562 munivit,
966 4514 993 4554 ut
1014 4506 1138 4555 tributum
1157 4523 1203 4571 pro
1222 4507 1394 4556 mercimoniis
1413 4507 1573 4559 detrectaret.

439 4611 497 4670 148.
526 4611 602 4660 Circa
619 4627 658 4663 nn.
689 4622 761 4676 1450,
786 4628 871 4660 mense
900 4614 999 4662 martio.
1029 4614 1196 4676 Magistratus
1223 4615 1336 4662 civitatis
1364 4613 1514 4678 Cnproncae
1540 4615 1573 4664 de

524 4701 652 4749 sententia
670 4701 696 4749 in
716 4715 791 4748 causa
808 4701 917 4764 quadam
937 4703 1101 4767 pronuntiata
1119 4703 1329 4752 communitatem
1348 4703 1460 4753 civitatis
1479 4703 1574 4754 montis

524 4789 663 4837 Grecensis
683 4797 846 4853 percontatur
864 4816 1568 4831 ········································
1629 4791 1677 4842 206

438 4886 493 4938 149.
523 4879 598 4926 Anno
613 4887 686 4942 1450,
706 4877 823 4941 9.]11111.
843 4880 927 4944 Prope
940 4878 1086 4930 Zalrolcam.
1107 4879 1212 4928 Ulricus
1231 4895 1316 4929 comes
1330 4879 1417 4929 Cileae
1437 4887 1462 4928 et
1482 4882 1572 4938 banus,

523 4966 699 5014 communitati
719 4966 829 5015 civitatis
849 4967 944 5018 montis
957 4968 1093 5016 Grecensis
1106 4968 1220 5026 mundat,
1233 4974 1261 5016 ut
1274 4983 1314 5018 res
1327 4975 1352 5016 et
1366 4968 1434 5017 bona
1447 4969 1572 5026 Helenae,
