3930 5802
370 460 431 502 200
779 441 851 498 Doc.
876 453 946 517 145.
973 472 1012 482 -
1037 441 1093 498 An.
1118 451 1206 516 1447.

367 657 486 715 diaconi
510 663 540 714 et
562 657 698 714 canonici
722 657 858 714 universi
880 655 1007 712 ecclesie
1030 653 1127 712 sancti
1144 655 1225 726 regis
1240 655 1389 729 Stephani
1411 655 1628 726 zagrabiensis,

367 769 506 837 tempore
541 764 672 820 banatus
702 763 834 820 illustris
857 761 988 820 condam
1013 762 1161 835 principis
1184 769 1214 819 et
1249 761 1374 833 domini,
1398 761 1516 819 domini
1552 762 1630 819 Her·

367 870 471 928 manni
502 870 581 928 olim
615 868 915 940 Cilie,Zag01ieque
942 872 996 925 etc.
1031 869 1152 926 comitis
1175 883 1210 926 ac
1233 868 1319 940 regni
1355 866 1518 927 Sciauonie
1549 867 1631 938 bani,

367 976 464 1050 patris
498 975 629 1034 illustris
664 975 808 1033 similiter
843 973 991 1048 principis
1015 979 1045 1031 et
1079 973 1205 1045 domini,
1239 973 1357 1031 domini
1387 973 1544 1044 Friderlci‚
1581 974 1632 1032 dei

367 1083 470 1154 gracia
493 1081 571 1140 Cilie
595 1087 624 1140 et
641 1081 768 1154 Zagorie
792 1080 1002 1154 predictarum
1024 1095 1060 1137 ac
1083 1079 1292 1153 Ortemburge
1315 1085 1370 1137 etc.
1394 1081 1525 1154 comitis,
1549 1096 1629 1138 nunc

368 1188 513 1246 similiter
546 1187 678 1262 predicti
711 1187 799 1261 regni
832 1185 995 1245 Sclauonle
1025 1187 1098 1244 bani
1122 1191 1151 1242 et
1185 1187 1235 1244 avi
1269 1185 1400 1244 illustris
1431 1185 1631 1243 consimiliter

372 1294 524 1368 principis
548 1301 577 1351 et
599 1293 726 1364 domini,
750 1292 868 1350 domini
890 1291 1002 1350 erici
1026 1291 1134 1350 eadem
1158 1291 1208 1351 dei
1230 1293 1333 1365 gracia
1357 1291 1436 1350 Cilie
1458 1299 1488 1350 et
1511 1292 1631 1362 Ortem·

371 1401 469 1472 burge
492 1415 528 1457 ac
551 1399 679 1472 Zagorie
702 1397 912 1471 predictarum
937 1405 991 1455 etc.
1025 1399 1146 1457 comitis
1182 1405 1211 1456 et
1244 1414 1324 1456 nunc
1355 1399 1499 1456 similiter
1531 1398 1631 1472 ipsius

367 1506 455 1578 regui
478 1504 641 1564 Sclauonie
663 1505 737 1562 bani
759 1505 790 1562 in
814 1518 893 1562 anno
916 1503 1063 1563 videlicet
1085 1502 1203 1563 domini
1226 1504 1396 1562 millesimo
1427 1503 1632 1577 quadringen-

370 1611 481 1670 tesimo
515 1612 672 1669 tricesimo
708 1610 824 1682 quinto,
858 1607 980 1668 dudum'
1008 1611 1164 1685 preterito,
1199 1617 1269 1684 post
1303 1616 1435 1668 mortem
1470 1609 1632 1668 reverendi

367 1717 499 1776 condam
522 1717 554 1775 in
576 1716 700 1774 Christo
723 1717 820 1789 patris
843 1721 873 1774 et
896 1715 1022 1788 domini,
1047 1717 1164 1775 domini
1195 1717 1343 1800 Johannis
1379 1717 1455 1774 olim
1480 1717 1530 1791 pie
1566 1732 1630 1774 me·

371 1824 470 1882 morie
493 1823 631 1896 episcopi
653 1821 792 1896 predicte
814 1822 941 1879 ecclesie
964 1824 1179 1896 zagrabiensis
1203 1829 1309 1882 contra
1333 1822 1470 1896 prefatos
1491 1821 1628 1899 judicem

367 1935 397 1988 et
418 1927 536 2004 juratos
559 1934 589 1987 et
623 1929 784 1985 universos
818 1927 908 1998 cives,
930 1943 1047 1986 necnon
1079 1934 1177 1986 totam
1213 1929 1468 1988 communitatem
1490 1930 1632 2003 ipsorum

368 2035 484 2094 civium
518 2040 548 2092 et
582 2035 741 2107 hospitum
776 2049 811 2092 ac
845 2033 1088 2092 inhabitatorum
1123 2025 1260 2094 civitatis
1290 2040 1459 2109 prenotate,
1491 2035 1631 2094 nobilem

367 2142 472 2200 virum
495 2140 687 2214 Stephanum
711 2140 884 2212 Kuhyngar
907 2138 945 2196 de
968 2141 1120 2212 Kalhyna,
1144 2145 1217 2198 tunc
1240 2141 1386 2199 comitem
1403 2141 1567 2198 comitatus
1583 2155 1631 2198 za-

368 2247 542 2321 grabiensis
565 2245 735 2320 supradicti
758 2261 794 2304 ac
816 2245 932 2304 iudices
966 2246 1119 2304 nobilium
1153 2246 1291 2304 eiusdem
1326 2247 1490 2304 comitatus
1525 2261 1629 2319 ragra-

367 2353 482 2411 biensis
505 2357 536 2410 et
558 2352 636 2410 alios
659 2353 765 2426 plures
788 2352 910 2409 nobiles
934 2353 1018 2411 viros
1041 2353 1080 2411 ad
1112 2354 1355 2412 reambulandas
1387 2360 1418 2411 et
1440 2352 1626 2412 revideudas

369 2459 503 2532 quasdas
526 2463 624 2516 terras
647 2459 782 2516 arabiles
805 2473 841 2516 ac
863 2459 974 2516 rubeta
997 2465 1027 2517 et
1061 2459 1167 2518 senilia
1201 2475 1237 2517 ac
1270 2467 1359 2534 prata
1383 2466 1413 2518 et
1445 2473 1560 2532 pascua
1584 2461 1632 2534 ip·

370 2579 476 2623 sorum
499 2562 610 2640 judicis
642 2573 671 2622 et
706 2562 880 2639 juratorum
913 2579 948 2622 ac
982 2567 1201 2624 universorum
1241 2567 1365 2637 civium,
1388 2581 1507 2624 necnon
1531 2567 1631 2624 tocius

373 2671 607 2729 communitatis
629 2669 784 2728 dictorum
807 2669 923 2728 civium
947 2677 977 2729 et
1000 2672 1159 2745 hospitum
1182 2688 1218 2730 ac
1240 2673 1483 2730 inhabitatorum
1499 2673 1633 2731 civitatis

269 2779 276 2792 “
373 2776 550 2851 supradicte
583 2777 664 2834 intra
701 2790 791 2832 veras
825 2781 923 2833 metas
956 2788 987 2834 et
1010 2794 1118 2836 cursus
1152 2779 1282 2838 metales
1316 2779 1464 2836 territorii
1498 2778 1633 2838 civitatis

369 2887 528 2957 prenotate
551 2898 569 2938 a
591 2887 679 2956 parte
702 2881 867 2940 occidentis
890 2883 1021 2954 habitas,
1055 2885 1129 2942 sitas
1162 2891 1191 2942 et
1222 2885 1393 2956 existentes,
1432 2885 1464 2941 in
1498 2900 1633 2956 quarum

369 2989 507 3048 dominio
529 2989 590 3064 ipsi
611 2986 706 3064 judex
727 2994 758 3046 et
779 2987 874 3064 jurati
896 3005 932 3046 ac
954 2991 1091 3048 universi
1114 2992 1207 3062 cives,
1242 3006 1360 3048 necnon
1394 2996 1458 3050 tota
1493 3007 1634 3048 commu·

369 3096 449 3153 nitas
472 3096 612 3167 ipsorum
636 3095 751 3151 civium
775 3101 805 3152 et
819 3096 978 3168 hospitum
995 3111 1031 3153 ac
1046 3097 1291 3154 inhabitatorum
1314 3097 1447 3154 civitatis
1479 3097 1633 3171 prelibata

370 3201 561 3258 amemoria
583 3201 746 3257 hominum
770 3206 799 3257 et
833 3203 992 3274 hucusque
1023 3217 1146 3275 semper
1169 3201 1295 3258 fuerunt
1325 3206 1355 3258 et
1385 3208 1630 3275 permanserunt,

371 3309 489 3380 absque
512 3322 668 3378 consensu,
702 3308 780 3364 scitu
804 3313 833 3364 et
872 3309 1032 3364 voluntate
1066 3308 1235 3365 eorundem
1272 3307 1383 3383 judicis
1407 3315 1437 3366 et
1459 3306 1633 3383 juratorum

373 3429 409 3471 ac
431 3413 647 3470 universorum
670 3413 787 3470 civium
820 3421 850 3470 et
885 3415 981 3472 tocius
1016 3415 1247 3471 communitatis
1281 3415 1397 3472 civium
1420 3419 1450 3471 et
1473 3415 1632 3488 hospitum

370 3535 406 3576 ac
441 3520 684 3577 inhabitatorum
722 3521 856 3578 civitatis
891 3520 1045 3594 sepedicte
1079 3519 1264 3590 eduxissent,
1294 3525 1324 3578 et
1358 3521 1442 3593 ipsos
1466 3520 1633 3595 educendo,

371 3624 523 3699 quasdam
548 3625 695 3682 fassiones
718 3627 821 3683 minus
843 3627 939 3684 iustas
962 3632 1068 3683 contra
1091 3625 1216 3684 eosdem
1240 3623 1377 3699 judicem
1401 3631 1430 3683 et
1452 3625 1570 3701 juratos
1597 3644 1633 3686 ac

370 3733 531 3790 universos
553 3733 643 3804 cives,
667 3747 786 3790 necnon
809 3737 905 3790 totam
929 3733 1183 3789 communitatem
1208 3734 1348 3805 ipsorum
1371 3733 1488 3790 civium
1510 3739 1540 3790 et
1563 3735 1633 3792 hos·

372 3839 474 3912 pitum
497 3854 532 3895 ac
555 3839 799 3895 inhabitatorum
824 3839 956 3896 civitatis
979 3838 1134 3912 sepedicte
1158 3839 1225 3895 fieri
1250 3846 1470 3910 procurassent
1493 3844 1523 3897 et
1546 3839 1633 3900 iecis-

371 3949 447 4015 sent,
473 3959 508 4000 ac
524 3945 660 4016 sibiipsis
676 3943 841 4016 superinde
863 3944 982 4002 litteras
1005 3945 1208 4015 obligatorias
1232 3949 1262 4001 et
1284 3944 1362 4002 alias
1385 3945 1492 4017 plures
1515 3947 1633 4004 litteras

372 4052 470 4124 ipsius
501 4049 632 4107 condam
656 4049 774 4108 domini
799 4038 969 4107 Hermanni'
992 4051 1065 4107 bani
1099 4051 1159 4106 sub
1192 4051 1297 4122 sigillo
1331 4051 1463 4124 predicti
1486 4050 1634 4126 Stephani

371 4157 550 4228 Kuhyngar,
574 4163 647 4213 tunc
671 4157 793 4212 comitis
816 4157 1035 4234 zagrabiensis‚
1060 4156 1200 4213 eiusdem
1234 4155 1364 4212 condam
1401 4156 1521 4215 domini
1555 4159 1634 4218 ller-

371 4263 476 4319 manni
499 4263 572 4320 bani
594 4277 630 4319 ac
652 4259 791 4336 judicum
808 4263 963 4319 nobilium
980 4261 1119 4319 eiusdem
1137 4263 1301 4320 comitatus
1317 4268 1424 4320 contra
1440 4265 1634 4322 voluntatem

371 4375 400 4426 et
423 4382 604 4426 consensum
637 4383 672 4426 ac
695 4373 801 4426 contra
835 4368 1003 4439 legittimae
1038 4368 1266 4440 prohibiciones
1304 4374 1333 4426 et
1368 4369 1630 4428 contradicciones

370 4475 564 4549 prefatorum
585 4473 705 4549 judicis
728 4473 902 4550 juratorum
925 4490 961 4533 ac
991 4475 1208 4532 universorum
1243 4475 1368 4546 civium,
1391 4489 1510 4533 necnon
1533 4478 1631 4534 tocius

373 4581 604 4640 communitatis
626 4582 767 4656 ipsorum
791 4582 906 4638 civium
931 4587 961 4638 et
982 4583 1142 4654 hospitum
1166 4597 1201 4638 ac
1224 4581 1468 4639 inhabitatorum
1499 4583 1633 4642 civitatis

371 4693 531 4762 prenotate
555 4687 664 4745 confici
686 4693 716 4745 et
739 4689 876 4746 emanari
892 4687 1034 4746 fecissent
1056 4694 1086 4744 et
1111 4693 1312 4762 procurasent
1327 4687 1463 4746 indebite
1486 4695 1516 4746 et
1532 4689 1634 4746 minus

370 4793 450 4870 juste
473 4795 505 4852 in
528 4795 644 4868 grande
665 4793 743 4869 juris
776 4795 981 4867 preludicium
1017 4795 1157 4867 ipsorum
1191 4793 1303 4871 judicis
1337 4801 1367 4852 et
1400 4791 1575 4869 juratorum
1598 4811 1634 4854 ac

371 4901 587 4958 universorum
623 4900 741 4958 civium
778 4917 814 4958 ae
848 4900 946 4957 tocius
981 4900 1213 4958 communitatis
1248 4899 1417 4958 eorundem
1452 4901 1569 4958 civium
1604 4908 1635 4959 et
