3828 5822
362 456 426 519 324
769 440 842 498 Doc.
865 435 939 516 263.
964 472 1003 483 -
1028 435 1201 518 An.1469.

359 654 419 713 nisi
441 670 498 728 per
526 654 751 729 prebendarios
783 655 871 714 chori
900 655 1028 713 ecclesie
1057 659 1162 713 nostre
1193 653 1314 728 prefate
1336 656 1478 729 expediri
1500 658 1628 714 valeant

360 765 452 834 atque
483 762 610 836 possint.
639 760 757 819 Eorum
787 761 964 836 paupertati
993 760 1213 818 nichilominus
1236 759 1269 818 in
1291 775 1327 818 ea
1350 765 1440 834 parte
1461 775 1627 820 succurere

359 866 525 940 cupientes,
549 866 660 942 utqui
682 867 769 939 prius
793 866 873 926 circa
898 862 1018 924 cultum
1041 865 1183 924 divinum
1207 866 1337 939 eiusque
1359 867 1532 926 ministeria
1555 866 1627 926 dili-

358 978 463 1045 gentes
493 971 615 1031 fuerant
645 971 813 1045 comperti,
846 987 902 1046 per
932 987 989 1030 nos
1019 970 1145 1030 tandem
1176 972 1366 1031 remunerati
1399 979 1492 1047 atque
1522 973 1625 1032 dotati

359 1079 459 1151 magis
489 1078 657 1153 pervigiles
687 1077 805 1136 eisdem
835 1078 975 1137 serviciis
997 1077 1110 1136 divinis
1140 1078 1324 1152 insisterent,
1354 1093 1460 1152 eaque,
1484 1095 1544 1154 que
1566 1095 1626 1155 per

358 1199 415 1243 nos
438 1184 583 1259 pluribus
606 1184 730 1242 intentis
755 1184 837 1242 curis
860 1189 890 1242 et
913 1185 1069 1257 signanter
1091 1184 1177 1242 horis
1200 1185 1355 1243 canonicis
1373 1191 1404 1242 et
1419 1185 1513 1243 misse
1534 1185 1627 1244 beate

359 1291 489 1364 virginis
519 1291 624 1361 Marie,
655 1305 727 1348 cum
759 1290 873 1363 quihus
904 1291 1021 1348 onerati
1053 1305 1115 1349 non
1136 1289 1327 1348 sufficienter
1350 1291 1470 1365 provisi
1493 1289 1626 1364 fuerant,

359 1397 479 1470 expleri
494 1410 556 1454 non
572 1402 704 1470 possent,
722 1411 778 1470 per
800 1409 853 1454 eos
870 1397 1047 1453 accuracius
1070 1401 1162 1469 atque
1185 1395 1370 1468 diligencius
1392 1403 1628 1471 exequerentur.

357 1501 422 1562 Nos
452 1519 491 1561 ex
523 1501 661 1561 unanimi
691 1507 765 1560 voto
792 1506 898 1560 nostro
921 1507 1014 1576 atque
1037 1507 1159 1560 matura
1181 1501 1409 1560 deliberacione
1438 1503 1613 1576 prehabitis
1652 1557 1659 1570 ,

357 1622 465 1667 omnes
480 1613 511 1668 et
526 1607 664 1681 singulas
681 1607 816 1667 decimas
831 1611 951 1666 nostras
967 1607 1006 1664 ad
1022 1607 1203 1681 porcionem
1218 1605 1365 1666 videlicet
1387 1607 1550 1667 dumtaxat
1571 1624 1627 1668 no-

357 1719 455 1773 stram
467 1715 498 1772 in
513 1713 654 1774 districtu
670 1713 709 1772 de
727 1712 906 1772 Morawcha
929 1719 1145 1772 concernentes
1167 1718 1198 1770 et
1220 1713 1387 1787 provenire
1408 1713 1517 1772 solitas
1531 1719 1627 1790 atque

357 1826 528 1892 consuetas,
563 1819 680 1878 eisdem
702 1820 770 1878 iure
792 1825 945 1893 perpetuo
969 1807 999 1876 et
1021 1817 1271 1878 irrevocabiliter
1293 1818 1439 1877 duximus
1462 1819 1529 1878 iore
1551 1835 1626 1880 con·

356 1925 508 1984 cedendas
529 1931 623 1999 atque
645 1924 812 1996 donandas,
834 1925 933 1982 immo
962 1924 1159 1984 concedimus
1189 1930 1283 2000 atque
1305 1924 1465 1984 donamus.
1499 1925 1625 1985 Harum

355 2038 533 2108 nostrarum
556 2031 654 2105 sigilli
677 2031 777 2090 nostri
790 2032 980 2105 appensione
996 2031 1258 2090 communitarum
1275 2031 1383 2105 vigore
1398 2035 1429 2090 et
1443 2032 1622 2092 testimonio

356 2139 532 2198 litterarum
555 2136 718 2195 mediante.
741 2137 859 2195 Datum
883 2136 960 2195 ieria
982 2136 1116 2195 secunda
1139 2137 1284 2212 proxima
1308 2141 1378 2195 ante
1400 2135 1514 2196 festum
1537 2139 1624 2199 beati

356 2243 472 2304 Mathei
493 2243 629 2324 apostoli
650 2246 681 2301 et
703 2243 908 2314 ewangeliste.
931 2243 1022 2300 Anno
1045 2241 1163 2301 domini
1187 2243 1357 2303 millesimo
1380 2243 1621 2319 quadringente·

356 2349 437 2408 simo
459 2348 652 2422 sexagesimo
675 2353 795 2407 octavo.

462 2469 487 2518 E
504 2467 573 2519 libro
590 2473 744 2520 statutorum
762 2467 821 2521 coll.
839 2467 984 2518 Praebend.
1003 2483 1069 2520 saec.
1088 2468 1153 2520 XV.
1172 2469 1205 2516 In
1223 2468 1293 2519 arch.
1311 2467 1436 2518 honorab.
1450 2469 1510 2523 coll.
1528 2471 1624 2525 Praeb.

942 2677 1028 2745 263.

462 2822 544 2873 Anno
565 2821 640 2886 1469,
662 2821 702 2876 16.
721 2821 845 2886 Augusti
865 2819 1057 2873 Nandoralbae.

362 2951 506 3027 Georgius
533 2945 668 3020 Bradal,
699 2951 754 3024 qui
781 2950 811 3006 in
842 2949 959 3008 civitate
990 2947 1101 3004 domum
1131 2947 1206 3017 emit,
1236 2947 1320 3004 utin
1343 2965 1494 3008 numum
1516 2951 1623 3008 cautem

821 3055 986 3124 asct'scatur,
1009 3052 1156 3112 contendit.

461 3199 525 3257 Nos
548 3197 718 3272 Gregorius
735 3196 867 3255 Bradacz
884 3196 923 3254 de
938 3195 1134 3268 Ladomercz,
1152 3197 1330 3271 capitaneus
1354 3197 1623 3260 nandoralbensis.

356 3305 596 3380 Circumspectis
620 3311 650 3362 et
664 3305 800 3363 honestis
823 3303 906 3373 viris,
922 3300 1019 3378 judici
1041 3310 1072 3360 et
1090 3300 1200 3378 juratis
1223 3319 1259 3361 ac
1277 3304 1430 3363 universis
1444 3304 1623 3380 hospitibus

354 3413 488 3472 civitatis
517 3410 741 3484 zagrabiensis,
773 3409 923 3480 dominis,
954 3408 1061 3466 amicis
1084 3413 1114 3466 et
1137 3407 1286 3467 iratribus
1308 3409 1400 3468 nobis
1422 3409 1621 3485 honorandis,

353 3519 487 3577 salutem
511 3533 582 3576 cum
605 3519 730 3576 honore.
753 3515 977 3588 Circumspecti
1000 3513 1128 3582 domini,
1152 3515 1244 3572 amici
1267 3521 1297 3572 et
1318 3514 1429 3574 fratres
1451 3515 1543 3574 nobis
1565 3517 1622 3576 ho

354 3623 492 3684 uorandi
515 3623 643 3681 Constat
665 3623 755 3680 vobis
778 3630 807 3680 et
830 3621 959 3679 cuilibet
983 3625 1096 3689 vestro,
1120 3619 1204 3694 quod
1227 3635 1284 3678 nos
1307 3620 1464 3694 quendam
1487 3620 1622 3682 fundum

354 3729 438 3789 curie
467 3730 500 3788 in
531 3728 637 3787 medio
668 3728 763 3786 vestri
786 3725 1039 3800 comparavimus
1062 3733 1092 3783 et
1115 3727 1255 3799 precium
1278 3725 1417 3786 eiusdem
1441 3725 1530 3786 fundi
1553 3729 1622 3802 ple·

353 3835 439 3894 narie
461 3835 673 3909 persolvimus
695 3838 726 3891 et
748 3832 787 3890 ad
811 3839 963 3906 perpetua
985 3847 1042 3890 nos
1065 3831 1098 3890 in
1120 3831 1259 3890 medium
1283 3832 1379 3890 vestri
1403 3833 1621 3892 transtulimus

353 3957 594 4016 permansurum
617 3945 647 3999 et
669 3944 852 3997 moraturos.
877 3938 949 3996 Ideo
972 3943 1092 3996 vestras
1116 3939 1250 4012 petimus
1272 3937 1511 4012 dominaciones,
1542 3943 1621 3999 ami·

353 4047 445 4106 cicias
467 4052 497 4104 et
520 4045 738 4116 fraternitates,
761 4049 912 4118 quatenus
931 4044 1017 4101 omni
1040 4049 1143 4102 vestro
1167 4043 1322 4102 adiutorio
1345 4049 1376 4103 et
1392 4046 1511 4105 auxilio
1527 4047 1619 4106 nobis

352 4151 460 4211 adesse
482 4153 595 4223 velitis,
618 4151 831 4227 promittimus
854 4150 936 4207 enim
960 4149 1073 4207 harum
1096 4150 1175 4208 serie
1199 4155 1229 4208 et
1251 4149 1314 4208 fide
1329 4157 1436 4210 nostra
1453 4151 1619 4225 mediante,

352 4267 387 4316 ut
410 4258 442 4318 in
465 4257 611 4316 omnibus
635 4256 803 4315 secundum
836 4252 905 4331 jura
927 4254 1062 4312 civitatis
1093 4261 1195 4312 vestre
1229 4254 1396 4328 procedere
1427 4260 1458 4313 et
1490 4255 1619 4315 obedire

352 4365 500 4422 volumus
530 4368 560 4420 et
591 4362 630 4421 ad
663 4361 767 4421 omnia
797 4359 867 4437 jura
897 4367 1000 4419 vestra
1032 4375 1089 4418 nos
1110 4361 1298 4434 obligamus,
1321 4361 1435 4419 harum
1458 4361 1567 4434 vigore
1588 4367 1619 4420 et

352 4470 529 4528 testimonio
558 4469 733 4526 litterarum
764 4473 941 4525 nostrarum
973 4465 1136 4524 mediante.
1161 4467 1279 4525 Datum
1300 4467 1332 4525 in
1353 4472 1454 4526 castro
1477 4465 1618 4527 Nandor·

351 4575 472 4634 albensi
487 4573 622 4632 secundo
638 4573 688 4631 die
704 4572 774 4630 festi
791 4572 1025 4646 Assumpcionis
1040 4573 1184 4646 gloriose.
1204 4575 1290 4632 Anno
1306 4572 1425 4632 domini
1447 4571 1617 4632 millesimo

351 4680 655 4756 quadringentesimo
677 4679 871 4750 sexagesimo
894 4693 984 4735 nono.

456 4814 590 4880 Originale
608 4814 635 4863 iu
653 4813 749 4871 charta,
766 4813 793 4862 ln
812 4811 926 4876 margine
945 4813 1061 4864 inferiori
1079 4813 1193 4879 sigillum
1211 4814 1374 4879 impressum.
1392 4815 1486 4865 Exstat
1498 4815 1575 4865 etiam
1587 4813 1613 4864 tu

350 4911 510 4970 transumpto
529 4903 636 4969 capituli
653 4903 755 4968 angrab.
