3930 5802
427 515 489 576 160
840 517 1066 578 Doc.120.-
1091 513 1263 596 Arc1438.

423 731 500 806 ipsis
532 730 671 805 recipere
703 735 734 790 et
762 730 867 806 ipsum
898 734 1089 792 territorium
1112 739 1219 792 contra
1241 733 1417 808 predictum
1440 735 1613 812 capitulum
1637 735 1690 795 de·

423 838 558 910 sensare;
581 838 688 914 plures
710 837 810 896 minas
827 838 944 898 eisdem
967 841 1102 900 dominis
1125 839 1163 898 de
1186 839 1270 900 dicto
1292 841 1430 916 capitulo
1449 841 1568 900 ibidem
1601 842 1689 916 inpo-

422 953 537 1005 nentes.
570 943 711 1003 Tandem
741 946 881 1019 sequenti
916 945 966 1005 die
999 947 1032 1006 in
1062 945 1141 1005 festo
1173 946 1263 1004 b'eate
1285 945 1482 1021 Margarethe
1503 947 1635 1021 virginis
1658 952 1690 1006 et

422 1052 559 1112 martiris
582 1052 726 1110 similiter
748 1051 857 1110 eodem
880 1067 969 1126 anno,
995 1068 1058 1127 quo
1081 1052 1131 1112 die
1150 1051 1296 1112 videlicet
1311 1053 1342 1111 in
1358 1053 1427 1127 ipsa
1443 1053 1567 1112 civitate
1583 1051 1689 1112 forum

422 1159 554 1217 annuale
576 1173 630 1216 seu
652 1157 787 1216 nundine
810 1173 881 1217 cum
905 1159 1014 1218 ceteris
1036 1160 1218 1218 libertatum
1240 1159 1449 1235 prerogativis
1479 1175 1498 1218 a
1533 1159 1586 1219 diu
1609 1160 1689 1219 cele-

421 1265 509 1324 brari
530 1264 768 1336 consverissent,
791 1265 870 1322 hora
893 1281 1104 1340 vesperarum,
1128 1265 1205 1324 dum
1230 1266 1292 1340 ipsi
1315 1265 1434 1324 domini
1462 1265 1501 1324 de
1532 1264 1616 1325 dicto
1637 1281 1687 1326 ca·

421 1373 523 1447 pitulo
556 1386 629 1430 curn
663 1370 748 1428 clero
779 1369 878 1444 ipsius
912 1372 1040 1446 capituli
1063 1371 1278 1446 vespertinum
1302 1370 1443 1430 officium
1466 1371 1688 1444 decantassent,

421 1477 555 1554 predicti
577 1477 660 1535 cives
682 1481 712 1534 et
735 1476 883 1551 hospites,
908 1482 938 1535 et
960 1477 1116 1550 signanter
1138 1477 1170 1535 in
1193 1476 1299 1552 platea
1314 1483 1456 1536 sutorum
1480 1477 1513 1536 in
1534 1477 1688 1536 suburbio
1750 1453 1754 1462 ’

421 1585 502 1643 dicte
525 1583 659 1642 civitatis
692 1589 928 1656 commorantes,
959 1582 1139 1642 coadunatis
1168 1583 1229 1642 sibi
1250 1583 1409 1642 nonnullis
1438 1583 1618 1642 hominibus
1641 1582 1687 1642 lo·

420 1690 571 1762 rensibus,
596 1689 651 1764 qui
673 1688 713 1746 ad
736 1687 914 1747 huiusmodi
936 1689 1089 1747 nundinas
1112 1705 1165 1748 seu
1189 1688 1293 1748 forum
1316 1689 1449 1748 annuale
1465 1689 1533 1763 ipso
1550 1687 1600 1747 die
1616 1687 1687 1748 festi

420 1799 510 1856 beate
541 1795 737 1870 Margarethe
766 1794 897 1868 virginis
926 1795 958 1853 in
985 1795 1068 1854 dicta
1091 1795 1216 1854 civitate
1239 1796 1392 1854 celebrari
1414 1795 1532 1869 solitas,
1556 1794 1687 1854 fuissent

419 1903 607 1977 congregati,
636 1918 675 1961 ex
710 1908 915 1977 preconcepta
944 1917 963 1959 a
997 1901 1050 1960 diu
1073 1907 1180 1960 contra
1202 1902 1366 1961 ecclesiam
1389 1901 1627 1974 zagrabiensem
1650 1915 1686 1958 ac

419 2011 592 2085 capitulum
626 2014 657 2066 et
690 2008 810 2067 clerum
847 2006 986 2066 eiusdem
1008 2007 1136 2066 ecclesie
1159 2008 1296 2067 rancoris
1317 2007 1452 2078 malicia,
1475 2007 1619 2064 manibus
1634 2021 1687 2066 ar·

348 2113 352 2120 '
418 2119 511 2177 matis
533 2123 564 2176 et
586 2115 782 2192 potenciariis
804 2114 844 2173 ad
868 2113 1043 2189 predictum
1066 2115 1239 2190 capitulum
1263 2121 1371 2174 contra
1394 2114 1555 2173 libertates
1572 2127 1681 2172 eorum

418 2229 449 2284 et
482 2231 584 2282 cetera
616 2229 706 2297 pacta
741 2220 827 2296 pacis
860 2227 891 2278 et
925 2220 1089 2280 concordie
1119 2222 1324 2296 interipsum
1347 2221 1521 2294 capitulum
1545 2224 1575 2277 et
1600 2218 1684 2277 cives

417 2330 613 2406 temporibus
643 2327 804 2386 retroactis
835 2327 931 2385 innita
962 2333 993 2384 et
1028 2326 1117 2400 iacta,
1142 2328 1355 2401 vigorosisque
1379 2325 1490 2385 litteris
1511 2326 1571 2384 sub
1594 2325 1685 2384 certis

417 2437 505 2512 penis
528 2437 559 2494 in
582 2433 699 2492 eisdem
730 2433 884 2508 expressis
908 2431 1041 2505 firmata,
1065 2449 1122 2508 per
1142 2433 1227 2508 ipsos
1250 2433 1333 2492 cives
1355 2431 1420 2509 jam
1443 2431 1547 2506 sepius
1570 2439 1601 2489 et
1623 2432 1684 2504 sig·

415 2550 525 2602 nanter
558 2547 699 2614 tempore
726 2539 951 2597 combustionis
984 2538 1151 2598 domorum
1182 2539 1401 2598 canonicorum
1431 2537 1470 2596 de
1493 2537 1574 2596 dicto
1598 2538 1681 2612 capi·

415 2649 483 2708 tulo
514 2663 570 2722 per
604 2645 729 2705 eosdem
757 2646 840 2703 cives
870 2644 910 2703 ad
940 2651 1014 2704 tunc
1046 2644 1136 2718 tacta,
1159 2661 1237 2706 ausu
1260 2646 1433 2718 temerario,
1448 2644 1683 2717 voluntateque,

415 2771 509 2814 manu
533 2753 687 2813 hostiliter
710 2750 932 2822 descendendo
948 2751 1112 2825 curiasque
1135 2757 1164 2810 et
1187 2751 1298 2811 domos
1321 2751 1539 2810 canonicorum
1559 2766 1683 2810 eorum-

415 2861 487 2920 dem
511 2867 540 2918 et
563 2859 719 2933 signanter
741 2857 941 2918 dominorum
964 2858 1102 2918 Ladislai
1125 2858 1164 2916 de
1195 2857 1334 2917 Dawoch
1365 2858 1510 2934 predicti,
1533 2856 1683 2932 Stephani

414 2964 553 3024 Farhasii
575 2963 783 3022 archidiaconi
806 2963 844 3022 de
867 2964 983 3038 Bexyn,
1006 2965 1149 3037 magistri
1171 2963 1332 3022 Michaelis
1355 2962 1491 3022 doctoris
1521 2962 1596 3022 artis
1619 2978 1682 3020 me-

413 3072 514 3132 dicine
537 3077 567 3130 et
588 3071 738 3154 Johannis
767 3071 901 3128 cantoris
923 3070 1062 3129 eiusdem
1085 3071 1213 3129 ecclesie
1235 3069 1413 3129 immaniter
1442 3068 1619 3128 invadendo
1653 3073 1683 3126 et

412 3177 625 3248 subintrando,
648 3191 732 3234 seras
748 3181 778 3234 et
793 3175 961 3247 clausuras,
984 3192 1103 3235 necnon
1126 3177 1226 3234 hostia
1252 3175 1419 3234 domorum
1441 3181 1472 3235 et
1494 3175 1681 3234 celariorum

412 3281 650 3357 confrangend0,
674 3282 868 3354 lectisternia,
891 3282 1065 3356 pluynaria,
1094 3281 1209 3354 lardos,
1239 3283 1379 3356 aliasque
1409 3299 1459 3342 res
1482 3288 1512 3340 et
1534 3283 1617 3340 bona
1650 3281 1681 3340 in

412 3391 529 3450 eisdem
553 3389 700 3447 domibus
722 3401 830 3446 eorum
850 3397 999 3462 repertas,
1015 3387 1147 3459 inventa,
1164 3387 1323 3447 afferendo
1339 3394 1370 3447 et
1385 3386 1583 3463 asportando,
1602 3386 1680 3444 duos

411 3496 581 3556 familiares
604 3493 745 3567 magistri
766 3494 877 3577 Jacobi
900 3493 939 3552 de
960 3493 1120 3566 Zerdahel,
1144 3493 1291 3554 videlicet
1320 3495 1470 3552 Mathiam
1500 3498 1531 3552 et
1562 3492 1680 3566 Grego-

410 3603 502 3674 rium,
524 3602 599 3661 item
623 3607 757 3674 quatuor
779 3599 949 3658 familiares
972 3601 1113 3674 magistri
1131 3600 1250 3658 Nicolai
1267 3600 1402 3670 Almani,
1419 3599 1537 3660 scilicet
1551 3600 1679 3670 Lucam,

410 3707 611 3784 Stephanum,
628 3707 760 3764 Paulum
783 3713 813 3765 et
829 3707 973 3777 Petrum;
995 3707 1070 3764 item
1094 3705 1264 3766 familiares
1280 3706 1399 3765 domini
1414 3705 1543 3778 Thome,
1559 3705 1679 3764 domini

411 3815 562 3890 prepositi
586 3813 767 3886 bachiensis,
790 3813 1009 3872 canonicorum
1032 3813 1161 3872 ecclesie
1182 3813 1398 3886 zagrabiensis,
1413 3812 1562 3886 gravibus
1585 3810 1678 3884 sagit·

409 3928 511 3980 tarum
534 3921 647 3980 ictibus
669 3920 805 3978 letaliter
826 3921 1042 3978 vulnerassent
1064 3925 1094 3979 et
1117 3919 1256 3993 Gywralr
1280 3897 1425 3978 villicum
1447 3918 1566 3977 domini
1590 3917 1673 3976 Petri

410 4027 585 4086 dubicensis
609 4031 639 4084 et
661 4026 856 4084 Demetrium
878 4023 1077 4102 jobagionem
1100 4025 1243 4099 magistri
1264 4023 1391 4097 Georgii
1407 4024 1446 4082 de
1469 4023 1615 4082 Marocha
1637 4023 1677 4080 si·

407 4136 525 4193 militer
547 4134 765 4192 canonicorum
788 4134 916 4191 ecclesie
949 4132 1097 4200 eiusdem,
1132 4131 1303 4191 miserabili
1337 4147 1411 4189 nece
1438 4131 1674 4200 interemissent;

408 4242 600 4300 Anthonium
623 4239 741 4299 dictum
765 4238 901 4312 Twwalr,
924 4237 1122 4314 jobagionem
1138 4239 1303 4297 memorati
1324 4236 1443 4295 domini
1466 4236 1582 4294 Mathis
1606 4250 1675 4309 pre·

407 4349 501 4422 positi
524 4348 555 4406 in
578 4347 670 4404 Elues
693 4351 937 4404 commorantem
959 4345 1036 4404 diris
1059 4350 1090 4402 et
1112 4345 1259 4402 letalibus
1284 4344 1396 4402 ictibus
1418 4343 1588 4415 sagitarum
1604 4341 1677 4398 asse·

407 4454 519 4512 cissent
541 4459 572 4512 et
594 4469 650 4528 per
673 4452 850 4528 predictum
873 4453 1047 4527 capitulum
1072 4451 1228 4510 discursus
1259 4449 1409 4521 faciendo,
1432 4448 1592 4522 replicatis
1615 4447 1678 4506 cla·

406 4561 556 4631 moribus,
586 4558 802 4620 vociferando:
825 4560 999 4619 sacerdotes
1033 4558 1210 4618 interficite!
1234 4558 1341 4633 plures
1375 4571 1412 4614 ex
1447 4557 1523 4629 ipsis
1557 4554 1679 4612 civibus

405 4666 565 4741 usquead
589 4667 691 4740 ipsam
715 4667 880 4726 ecclesiam
903 4665 1120 4725 kathedralem
1143 4665 1352 4723 cucurrissent
1374 4670 1405 4722 et
1435 4660 1600 4720 nonnullas
1631 4673 1680 4717 sa·

405 4775 498 4848 gittas
533 4789 586 4832 seu
622 4775 701 4832 ictus
735 4773 919 4846 sagittarum
954 4773 986 4831 in
1020 4773 1120 4848 ipsam
1155 4771 1318 4830 ecclesiam
1353 4785 1407 4827 seu
1430 4769 1495 4826 eius
1518 4775 1619 4825 turres
1642 4780 1679 4824 ac

350 4883 354 4896 '
405 4879 558 4955 quosdam
582 4879 725 4938 dominos
748 4879 786 4937 de
810 4879 948 4954 capitulo
972 4879 1120 4954 predicto,
1145 4878 1199 4952 qui
1222 4877 1267 4936 ibi
1299 4875 1373 4950 iuge
1404 4874 1543 4951 presidio
1574 4870 1676 4930 auffu-

404 4989 519 5062 gisseni
542 4985 707 5059 emitendo,
723 4993 753 5044 et
775 4985 835 5044 nisi
859 4985 920 5061 ipsi
943 4985 1062 5044 domini
1084 4989 1115 5042 et
1137 4981 1276 5042 canonici
1298 4981 1337 5040 de
1368 4980 1509 5057 predicto
1537 4977 1678 5053 capitulo
