<?xml version="1.0" encoding="UTF-8"?>
<!DOCTYPE html PUBLIC "-//W3C//DTD XHTML 1.0 Transitional//EN"
    "http://www.w3.org/TR/xhtml1/DTD/xhtml1-transitional.dtd">
<html xmlns="http://www.w3.org/1999/xhtml" xml:lang="en" lang="en">
 <head>
  <title>
</title>
<meta http-equiv="Content-Type" content="text/html;charset=utf-8" />
  <meta name='ocr-system' content='tesseract 3.04.00' />
  <meta name='ocr-capabilities' content='ocr_page ocr_carea ocr_par ocr_line ocrx_word'/>
</head>
<body>
  <div class='ocr_page' id='page_1' title='image "./monumentahistor20laszgoog_0587.png"; bbox 0 0 3828 5822; ppageno 0'>
   <div class='ocr_carea' id='block_1_1' title="bbox 337 529 1660 5064">
    <p class='ocr_par' dir='ltr' id='par_1_1' title="bbox 350 529 1202 610">
     <span class='ocr_line' id='line_1_1' title="bbox 350 529 1202 610; baseline -0.002 -17"><span class='ocrx_word' id='word_1_1' title='bbox 350 547 415 609; x_wconf 84' lang='lat'><strong>330</strong></span> <span class='ocrx_word' id='word_1_2' title='bbox 775 535 848 592; x_wconf 86' lang='lat' dir='ltr'><strong>Doc.</strong></span> <span class='ocrx_word' id='word_1_3' title='bbox 871 530 942 610; x_wconf 82' lang='lat'><em>265.</em></span> <span class='ocrx_word' id='word_1_4' title='bbox 966 566 1005 576; x_wconf 89' lang='lat'>—</span> <span class='ocrx_word' id='word_1_5' title='bbox 1031 529 1202 610; x_wconf 73' lang='lat' dir='ltr'><strong>An.1469.</strong></span> 
     </span>
    </p>

    <p class='ocr_par' dir='ltr' id='par_1_2' title="bbox 337 746 1660 5064">
     <span class='ocr_line' id='line_1_2' title="bbox 347 746 1612 822; baseline 0.001 -18"><span class='ocrx_word' id='word_1_6' title='bbox 347 761 447 821; x_wconf 88' lang='lat' dir='ltr'><strong>usque</strong></span> <span class='ocrx_word' id='word_1_7' title='bbox 462 755 607 821; x_wconf 83' lang='lat' dir='ltr'>quartam</span> <span class='ocrx_word' id='word_1_8' title='bbox 622 750 855 822; x_wconf 83' lang='lat' dir='ltr'>generacionem</span> <span class='ocrx_word' id='word_1_9' title='bbox 872 748 911 806; x_wconf 85' lang='lat' dir='ltr'><strong>ad</strong></span> <span class='ocrx_word' id='word_1_10' title='bbox 931 749 1035 807; x_wconf 90' lang='lat' dir='ltr'><strong>nullos</strong></span> <span class='ocrx_word' id='word_1_11' title='bbox 1051 748 1166 820; x_wconf 86' lang='lat' dir='ltr'><strong>gradus</strong></span> <span class='ocrx_word' id='word_1_12' title='bbox 1189 765 1225 807; x_wconf 94' lang='lat' dir='ltr'><strong>ac</strong></span> <span class='ocrx_word' id='word_1_13' title='bbox 1247 749 1379 818; x_wconf 82' lang='lat' dir='ltr'><strong>ordines,</strong></span> <span class='ocrx_word' id='word_1_14' title='bbox 1399 746 1612 821; x_wconf 89' lang='lat' dir='ltr'><strong>beneficiaque</strong></span> 
     </span>
     <span class='ocr_line' id='line_1_3' title="bbox 348 852 1611 929; baseline -0.002 -18"><span class='ocrx_word' id='word_1_15' title='bbox 348 859 378 911; x_wconf 91' lang='lat' dir='ltr'><strong>et</strong></span> <span class='ocrx_word' id='word_1_16' title='bbox 401 852 493 912; x_wconf 80' lang='lat' dir='ltr'><strong>leuda</strong></span> <span class='ocrx_word' id='word_1_17' title='bbox 515 854 548 912; x_wconf 91' lang='lat' dir='ltr'><strong>in</strong></span> <span class='ocrx_word' id='word_1_18' title='bbox 580 854 684 913; x_wconf 91' lang='lat' dir='ltr'><strong>medio</strong></span> <span class='ocrx_word' id='word_1_19' title='bbox 706 856 804 913; x_wconf 84' lang='lat' dir='ltr'><strong>nostri</strong></span> <span class='ocrx_word' id='word_1_20' title='bbox 834 856 1014 929; x_wconf 84' lang='lat' dir='ltr'><strong>promoveri</strong></span> <span class='ocrx_word' id='word_1_21' title='bbox 1036 863 1067 914; x_wconf 92' lang='lat' dir='ltr'><strong>et</strong></span> <span class='ocrx_word' id='word_1_22' title='bbox 1089 856 1229 929; x_wconf 80' lang='lat' dir='ltr'>optinere</span> <span class='ocrx_word' id='word_1_23' title='bbox 1252 856 1425 929; x_wconf 89' lang='lat' dir='ltr'><strong>potuissent</strong></span> <span class='ocrx_word' id='word_1_24' title='bbox 1447 859 1501 911; x_wconf 93' lang='lat' dir='ltr'><strong>aut</strong></span> <span class='ocrx_word' id='word_1_25' title='bbox 1525 853 1611 910; x_wconf 88' lang='lat' dir='ltr'><strong>valu-</strong></span> 
     </span>
     <span class='ocr_line' id='line_1_4' title="bbox 347 958 1611 1032; baseline -0.001 -16"><span class='ocrx_word' id='word_1_26' title='bbox 347 959 452 1031; x_wconf 84' lang='lat' dir='ltr'><strong>issent,</strong></span> <span class='ocrx_word' id='word_1_27' title='bbox 474 959 547 1032; x_wconf 89' lang='lat' dir='ltr'><strong>titis,</strong></span> <span class='ocrx_word' id='word_1_28' title='bbox 578 959 777 1019; x_wconf 87' lang='lat' dir='ltr'><strong>dissensionis</strong></span> <span class='ocrx_word' id='word_1_29' title='bbox 806 967 836 1019; x_wconf 91' lang='lat' dir='ltr'><strong>et</strong></span> <span class='ocrx_word' id='word_1_30' title='bbox 865 961 1124 1019; x_wconf 86' lang='lat' dir='ltr'><strong>controversionis</strong></span> <span class='ocrx_word' id='word_1_31' title='bbox 1147 961 1285 1032; x_wconf 92' lang='lat' dir='ltr'><strong>materia,</strong></span> <span class='ocrx_word' id='word_1_32' title='bbox 1308 959 1487 1032; x_wconf 77' lang='lat' dir='ltr'><strong>invidiaque</strong></span> <span class='ocrx_word' id='word_1_33' title='bbox 1511 958 1611 1016; x_wconf 84' lang='lat' dir='ltr'><strong>lomes</strong></span> 
     </span>
     <span class='ocr_line' id='line_1_5' title="bbox 352 1065 1611 1139; baseline -0.001 -17"><span class='ocrx_word' id='word_1_34' title='bbox 352 1071 382 1122; x_wconf 94' lang='lat' dir='ltr'><strong>et</strong></span> <span class='ocrx_word' id='word_1_35' title='bbox 410 1066 548 1124; x_wconf 86' lang='lat' dir='ltr'><strong>rancoris</strong></span> <span class='ocrx_word' id='word_1_36' title='bbox 578 1067 702 1124; x_wconf 91' lang='lat' dir='ltr'><strong>malicie</strong></span> <span class='ocrx_word' id='word_1_37' title='bbox 732 1075 837 1125; x_wconf 88' lang='lat' dir='ltr'><strong>exorte</strong></span> <span class='ocrx_word' id='word_1_38' title='bbox 868 1065 1005 1138; x_wconf 85' lang='lat' dir='ltr'><strong>fuissent,</strong></span> <span class='ocrx_word' id='word_1_39' title='bbox 1028 1081 1064 1124; x_wconf 93' lang='lat' dir='ltr'><strong>ac</strong></span> <span class='ocrx_word' id='word_1_40' title='bbox 1086 1065 1206 1124; x_wconf 87' lang='lat' dir='ltr'><strong>diucius</strong></span> <span class='ocrx_word' id='word_1_41' title='bbox 1228 1066 1378 1124; x_wconf 89' lang='lat' dir='ltr'><strong>ventilate</strong></span> <span class='ocrx_word' id='word_1_42' title='bbox 1401 1073 1431 1122; x_wconf 91' lang='lat' dir='ltr'><strong>et</strong></span> <span class='ocrx_word' id='word_1_43' title='bbox 1456 1071 1611 1139; x_wconf 71' lang='lat' dir='ltr'><strong>protracte</strong></span> 
     </span>
     <span class='ocr_line' id='line_1_6' title="bbox 350 1169 1611 1232; baseline -0.002 -4"><span class='ocrx_word' id='word_1_44' title='bbox 350 1170 529 1230; x_wconf 79' lang='lat' dir='ltr'><strong>extitissent.</strong></span> <span class='ocrx_word' id='word_1_45' title='bbox 553 1172 671 1232; x_wconf 88' lang='lat' dir='ltr'><strong>Tamen</strong></span> <span class='ocrx_word' id='word_1_46' title='bbox 692 1187 749 1230; x_wconf 92' lang='lat' dir='ltr'><strong>nos</strong></span> <span class='ocrx_word' id='word_1_47' title='bbox 771 1188 843 1230; x_wconf 89' lang='lat' dir='ltr'><strong>cum</strong></span> <span class='ocrx_word' id='word_1_48' title='bbox 866 1171 982 1230; x_wconf 89' lang='lat' dir='ltr'><strong>eisdem</strong></span> <span class='ocrx_word' id='word_1_49' title='bbox 1006 1173 1129 1229; x_wconf 92' lang='lat' dir='ltr'><strong>civibus</strong></span> <span class='ocrx_word' id='word_1_50' title='bbox 1144 1179 1174 1229; x_wconf 94' lang='lat' dir='ltr'><strong>et</strong></span> <span class='ocrx_word' id='word_1_51' title='bbox 1198 1179 1260 1230; x_wconf 92' lang='lat' dir='ltr'><strong>tota</strong></span> <span class='ocrx_word' id='word_1_52' title='bbox 1284 1172 1505 1230; x_wconf 87' lang='lat' dir='ltr'><strong>communitate</strong></span> <span class='ocrx_word' id='word_1_53' title='bbox 1529 1169 1611 1227; x_wconf 90' lang='lat' dir='ltr'><strong>dicte</strong></span> 
     </span>
     <span class='ocr_line' id='line_1_7' title="bbox 346 1275 1610 1352; baseline -0.001 -18"><span class='ocrx_word' id='word_1_54' title='bbox 346 1276 480 1335; x_wconf 86' lang='lat' dir='ltr'><strong>civitatis</strong></span> <span class='ocrx_word' id='word_1_55' title='bbox 510 1279 623 1336; x_wconf 91' lang='lat' dir='ltr'><strong>montis</strong></span> <span class='ocrx_word' id='word_1_56' title='bbox 654 1279 816 1337; x_wconf 90' lang='lat' dir='ltr'><strong>Greceusis</strong></span> <span class='ocrx_word' id='word_1_57' title='bbox 846 1279 960 1335; x_wconf 92' lang='lat' dir='ltr'><strong>amodo</strong></span> <span class='ocrx_word' id='word_1_58' title='bbox 983 1279 1128 1352; x_wconf 89' lang='lat' dir='ltr'><strong>deinceps</strong></span> <span class='ocrx_word' id='word_1_59' title='bbox 1158 1279 1243 1336; x_wconf 90' lang='lat' dir='ltr'><strong>etin</strong></span> <span class='ocrx_word' id='word_1_60' title='bbox 1266 1289 1354 1336; x_wconf 89' lang='lat' dir='ltr'><strong>antea</strong></span> <span class='ocrx_word' id='word_1_61' title='bbox 1379 1277 1537 1351; x_wconf 90' lang='lat' dir='ltr'><strong>perpetuis</strong></span> <span class='ocrx_word' id='word_1_62' title='bbox 1561 1275 1610 1333; x_wconf 85' lang='lat' dir='ltr'><strong>tu-</strong></span> 
     </span>
     <span class='ocr_line' id='line_1_8' title="bbox 346 1381 1609 1458; baseline -0.002 -19"><span class='ocrx_word' id='word_1_63' title='bbox 346 1381 424 1440; x_wconf 88' lang='lat' dir='ltr'><strong>turis</strong></span> <span class='ocrx_word' id='word_1_64' title='bbox 447 1385 642 1456; x_wconf 90' lang='lat' dir='ltr'><strong>temporibus</strong></span> <span class='ocrx_word' id='word_1_65' title='bbox 665 1385 813 1455; x_wconf 89' lang='lat' dir='ltr'><strong>volentes,</strong></span> <span class='ocrx_word' id='word_1_66' title='bbox 844 1385 1002 1458; x_wconf 90' lang='lat' dir='ltr'><strong>cupientes</strong></span> <span class='ocrx_word' id='word_1_67' title='bbox 1023 1393 1053 1440; x_wconf 90' lang='lat' dir='ltr'><strong>et</strong></span> <span class='ocrx_word' id='word_1_68' title='bbox 1076 1385 1203 1442; x_wconf 91' lang='lat' dir='ltr'><strong>omnino</strong></span> <span class='ocrx_word' id='word_1_69' title='bbox 1227 1383 1436 1442; x_wconf 88' lang='lat' dir='ltr'><strong>desiderantes</strong></span> <span class='ocrx_word' id='word_1_70' title='bbox 1460 1389 1609 1455; x_wconf 88' lang='lat' dir='ltr'><strong>tanquam</strong></span> 
     </span>
     <span class='ocr_line' id='line_1_9' title="bbox 347 1488 1612 1564; baseline -0.002 -18"><span class='ocrx_word' id='word_1_71' title='bbox 347 1503 418 1546; x_wconf 81' lang='lat' dir='ltr'><strong>cum</strong></span> <span class='ocrx_word' id='word_1_72' title='bbox 450 1488 559 1546; x_wconf 90' lang='lat' dir='ltr'><strong>vicinis</strong></span> <span class='ocrx_word' id='word_1_73' title='bbox 589 1491 703 1549; x_wconf 89' lang='lat' dir='ltr'><strong>nostris</strong></span> <span class='ocrx_word' id='word_1_74' title='bbox 734 1491 820 1564; x_wconf 79' lang='lat' dir='ltr'><strong>pacis</strong></span> <span class='ocrx_word' id='word_1_75' title='bbox 851 1499 881 1546; x_wconf 90' lang='lat' dir='ltr'><strong>et</strong></span> <span class='ocrx_word' id='word_1_76' title='bbox 910 1490 1085 1548; x_wconf 86' lang='lat' dir='ltr'><strong>amenitatis</strong></span> <span class='ocrx_word' id='word_1_77' title='bbox 1115 1489 1346 1563; x_wconf 84' lang='lat' dir='ltr'><strong>pulchritudine</strong></span> <span class='ocrx_word' id='word_1_78' title='bbox 1369 1488 1440 1558; x_wconf 82' lang='lat' dir='ltr'><strong>frui,</strong></span> <span class='ocrx_word' id='word_1_79' title='bbox 1464 1488 1558 1562; x_wconf 90' lang='lat' dir='ltr'><strong>potiri</strong></span> <span class='ocrx_word' id='word_1_80' title='bbox 1580 1495 1612 1544; x_wconf 89' lang='lat' dir='ltr'><strong>et</strong></span> 
     </span>
     <span class='ocr_line' id='line_1_10' title="bbox 346 1591 1610 1669; baseline -0.002 -19"><span class='ocrx_word' id='word_1_81' title='bbox 346 1591 482 1666; x_wconf 84' lang='lat' dir='ltr'><strong>gaudere</strong></span> <span class='ocrx_word' id='word_1_82' title='bbox 516 1609 552 1652; x_wconf 91' lang='lat' dir='ltr'><strong>ac</strong></span> <span class='ocrx_word' id='word_1_83' title='bbox 586 1595 618 1652; x_wconf 91' lang='lat' dir='ltr'><strong>in</strong></span> <span class='ocrx_word' id='word_1_84' title='bbox 652 1596 733 1653; x_wconf 91' lang='lat' dir='ltr'><strong>bona</strong></span> <span class='ocrx_word' id='word_1_85' title='bbox 768 1595 933 1654; x_wconf 89' lang='lat' dir='ltr'><strong>concordia</strong></span> <span class='ocrx_word' id='word_1_86' title='bbox 969 1611 1158 1669; x_wconf 89' lang='lat' dir='ltr'><strong>permanere,</strong></span> <span class='ocrx_word' id='word_1_87' title='bbox 1193 1611 1301 1653; x_wconf 89' lang='lat' dir='ltr'><strong>omnes</strong></span> <span class='ocrx_word' id='word_1_88' title='bbox 1334 1595 1470 1665; x_wconf 90' lang='lat' dir='ltr'><strong>iniurias,</strong></span> <span class='ocrx_word' id='word_1_89' title='bbox 1505 1593 1610 1649; x_wconf 89' lang='lat' dir='ltr'><strong>omnia</strong></span> 
     </span>
     <span class='ocr_line' id='line_1_11' title="bbox 347 1697 1610 1773; baseline -0.002 -17"><span class='ocrx_word' id='word_1_90' title='bbox 347 1697 491 1773; x_wconf 88' lang='lat' dir='ltr'><strong>dampna,</strong></span> <span class='ocrx_word' id='word_1_91' title='bbox 513 1701 658 1758; x_wconf 88' lang='lat' dir='ltr'><strong>omniave</strong></span> <span class='ocrx_word' id='word_1_92' title='bbox 680 1708 864 1760; x_wconf 89' lang='lat' dir='ltr'><strong>nocumenta</strong></span> <span class='ocrx_word' id='word_1_93' title='bbox 888 1710 952 1759; x_wconf 92' lang='lat' dir='ltr'><strong>tam</strong></span> <span class='ocrx_word' id='word_1_94' title='bbox 975 1703 1007 1759; x_wconf 92' lang='lat' dir='ltr'><strong>in</strong></span> <span class='ocrx_word' id='word_1_95' title='bbox 1030 1701 1110 1758; x_wconf 91' lang='lat' dir='ltr'><strong>dicta</strong></span> <span class='ocrx_word' id='word_1_96' title='bbox 1134 1701 1295 1769; x_wconf 90' lang='lat' dir='ltr'><strong>sentencia,</strong></span> <span class='ocrx_word' id='word_1_97' title='bbox 1308 1715 1402 1772; x_wconf 91' lang='lat' dir='ltr'><strong>quam</strong></span> <span class='ocrx_word' id='word_1_98' title='bbox 1427 1701 1524 1758; x_wconf 90' lang='lat' dir='ltr'><strong>eciam</strong></span> <span class='ocrx_word' id='word_1_99' title='bbox 1541 1697 1610 1755; x_wconf 90' lang='lat' dir='ltr'><strong>aliis</strong></span> 
     </span>
     <span class='ocr_line' id='line_1_12' title="bbox 347 1804 1609 1881; baseline -0.002 -19"><span class='ocrx_word' id='word_1_100' title='bbox 347 1805 511 1878; x_wconf 87' lang='lat' dir='ltr'><strong>quibusvis</strong></span> <span class='ocrx_word' id='word_1_101' title='bbox 540 1806 652 1864; x_wconf 90' lang='lat' dir='ltr'><strong>litteris</strong></span> <span class='ocrx_word' id='word_1_102' title='bbox 673 1813 704 1865; x_wconf 89' lang='lat' dir='ltr'><strong>et</strong></span> <span class='ocrx_word' id='word_1_103' title='bbox 727 1807 901 1866; x_wconf 87' lang='lat' dir='ltr'><strong>literalibus</strong></span> <span class='ocrx_word' id='word_1_104' title='bbox 932 1807 1144 1865; x_wconf 87' lang='lat' dir='ltr'><strong>instrumentis</strong></span> <span class='ocrx_word' id='word_1_105' title='bbox 1174 1805 1366 1881; x_wconf 88' lang='lat' dir='ltr'><strong>specificatas</strong></span> <span class='ocrx_word' id='word_1_106' title='bbox 1389 1815 1419 1864; x_wconf 92' lang='lat' dir='ltr'><strong>et</strong></span> <span class='ocrx_word' id='word_1_107' title='bbox 1442 1804 1609 1870; x_wconf 89' lang='lat' dir='ltr'><strong>nominata,</strong></span> 
     </span>
     <span class='ocr_line' id='line_1_13' title="bbox 349 1910 1609 1986; baseline -0.002 -18"><span class='ocrx_word' id='word_1_108' title='bbox 349 1911 501 1984; x_wconf 88' lang='lat' dir='ltr'><strong>nobisque</strong></span> <span class='ocrx_word' id='word_1_109' title='bbox 524 1921 553 1970; x_wconf 90' lang='lat' dir='ltr'><strong>et</strong></span> <span class='ocrx_word' id='word_1_110' title='bbox 576 1911 847 1986; x_wconf 89' lang='lat' dir='ltr'><strong>predecessoribus</strong></span> <span class='ocrx_word' id='word_1_111' title='bbox 869 1914 982 1971; x_wconf 92' lang='lat' dir='ltr'><strong>nostris</strong></span> <span class='ocrx_word' id='word_1_112' title='bbox 998 1928 1055 1986; x_wconf 82' lang='lat' dir='ltr'><strong>per</strong></span> <span class='ocrx_word' id='word_1_113' title='bbox 1077 1913 1162 1986; x_wconf 92' lang='lat' dir='ltr'><strong>ipsos</strong></span> <span class='ocrx_word' id='word_1_114' title='bbox 1185 1913 1267 1970; x_wconf 92' lang='lat' dir='ltr'><strong>cives</strong></span> <span class='ocrx_word' id='word_1_115' title='bbox 1289 1913 1439 1984; x_wconf 85' lang='lat' dir='ltr'><strong>irrogatas</strong></span> <span class='ocrx_word' id='word_1_116' title='bbox 1462 1919 1492 1968; x_wconf 89' lang='lat' dir='ltr'><strong>et</strong></span> <span class='ocrx_word' id='word_1_117' title='bbox 1513 1910 1609 1978; x_wconf 80' lang='lat' dir='ltr'><strong>illata,</strong></span> 
     </span>
     <span class='ocr_line' id='line_1_14' title="bbox 346 2015 1609 2091; baseline -0.002 -17"><span class='ocrx_word' id='word_1_118' title='bbox 346 2015 462 2076; x_wconf 87' lang='lat' dir='ltr'><strong>eisdem</strong></span> <span class='ocrx_word' id='word_1_119' title='bbox 486 2019 608 2076; x_wconf 91' lang='lat' dir='ltr'><strong>civibus</strong></span> <span class='ocrx_word' id='word_1_120' title='bbox 631 2025 661 2076; x_wconf 94' lang='lat' dir='ltr'><strong>et</strong></span> <span class='ocrx_word' id='word_1_121' title='bbox 683 2019 741 2076; x_wconf 92' lang='lat' dir='ltr'><strong>toti</strong></span> <span class='ocrx_word' id='word_1_122' title='bbox 763 2019 979 2077; x_wconf 90' lang='lat' dir='ltr'><strong>communitati</strong></span> <span class='ocrx_word' id='word_1_123' title='bbox 1002 2017 1122 2091; x_wconf 85' lang='lat' dir='ltr'><strong>prefate</strong></span> <span class='ocrx_word' id='word_1_124' title='bbox 1145 2018 1279 2075; x_wconf 90' lang='lat' dir='ltr'><strong>civitatis</strong></span> <span class='ocrx_word' id='word_1_125' title='bbox 1302 2017 1415 2076; x_wconf 88' lang='lat' dir='ltr'><strong>montis</strong></span> <span class='ocrx_word' id='word_1_126' title='bbox 1438 2015 1609 2086; x_wconf 87' lang='lat' dir='ltr'><strong>Greceusis,</strong></span> 
     </span>
     <span class='ocr_line' id='line_1_15' title="bbox 345 2121 1610 2199; baseline -0.001 -20"><span class='ocrx_word' id='word_1_127' title='bbox 345 2121 481 2195; x_wconf 89' lang='lat' dir='ltr'><strong>demptis</strong></span> <span class='ocrx_word' id='word_1_128' title='bbox 511 2122 633 2199; x_wconf 90' lang='lat' dir='ltr'><strong>juribus</strong></span> <span class='ocrx_word' id='word_1_129' title='bbox 653 2125 765 2184; x_wconf 90' lang='lat' dir='ltr'><strong>nostris</strong></span> <span class='ocrx_word' id='word_1_130' title='bbox 796 2125 1055 2198; x_wconf 87' lang='lat' dir='ltr'><strong>possessionariis,</strong></span> <span class='ocrx_word' id='word_1_131' title='bbox 1086 2125 1264 2182; x_wconf 89' lang='lat' dir='ltr'><strong>remisimus</strong></span> <span class='ocrx_word' id='word_1_132' title='bbox 1287 2133 1317 2181; x_wconf 95' lang='lat' dir='ltr'><strong>et</strong></span> <span class='ocrx_word' id='word_1_133' title='bbox 1340 2123 1551 2180; x_wconf 86' lang='lat' dir='ltr'><strong>relaxavimus</strong></span> <span class='ocrx_word' id='word_1_134' title='bbox 1573 2137 1610 2179; x_wconf 91' lang='lat' dir='ltr'><strong>ac</strong></span> 
     </span>
     <span class='ocr_line' id='line_1_16' title="bbox 345 2226 1608 2305; baseline -0.002 -19"><span class='ocrx_word' id='word_1_135' title='bbox 345 2227 384 2286; x_wconf 92' lang='lat' dir='ltr'><strong>de</strong></span> <span class='ocrx_word' id='word_1_136' title='bbox 414 2236 444 2287; x_wconf 92' lang='lat' dir='ltr'><strong>et</strong></span> <span class='ocrx_word' id='word_1_137' title='bbox 460 2255 461 2260; x_wconf 15' lang='grc' dir='ltr'><strong>κ</strong></span> <span class='ocrx_word' id='word_1_138' title='bbox 476 2245 570 2304; x_wconf 91' lang='lat' dir='ltr'><strong>super</strong></span> <span class='ocrx_word' id='word_1_139' title='bbox 600 2231 746 2288; x_wconf 90' lang='lat' dir='ltr'><strong>omnibus</strong></span> <span class='ocrx_word' id='word_1_140' title='bbox 780 2231 940 2305; x_wconf 84' lang='lat' dir='ltr'><strong>premissis</strong></span> <span class='ocrx_word' id='word_1_141' title='bbox 974 2229 1100 2288; x_wconf 90' lang='lat' dir='ltr'><strong>eosdem</strong></span> <span class='ocrx_word' id='word_1_142' title='bbox 1123 2231 1244 2303; x_wconf 92' lang='lat' dir='ltr'><strong>quietos</strong></span> <span class='ocrx_word' id='word_1_143' title='bbox 1267 2238 1298 2287; x_wconf 86' lang='lat' dir='ltr'><strong>et</strong></span> <span class='ocrx_word' id='word_1_144' title='bbox 1320 2229 1482 2303; x_wconf 89' lang='lat' dir='ltr'><strong>expeditos</strong></span> <span class='ocrx_word' id='word_1_145' title='bbox 1505 2226 1608 2300; x_wconf 85' lang='lat' dir='ltr'><strong>reddi-</strong></span> 
     </span>
     <span class='ocr_line' id='line_1_17' title="bbox 345 2332 1610 2410; baseline 0 -20"><span class='ocrx_word' id='word_1_146' title='bbox 345 2332 448 2393; x_wconf 89' lang='lat' dir='ltr'><strong>dimus</strong></span> <span class='ocrx_word' id='word_1_147' title='bbox 471 2343 501 2394; x_wconf 94' lang='lat' dir='ltr'><strong>et</strong></span> <span class='ocrx_word' id='word_1_148' title='bbox 523 2337 745 2401; x_wconf 84' lang='lat' dir='ltr'><strong>commisimus,</strong></span> <span class='ocrx_word' id='word_1_149' title='bbox 770 2337 994 2410; x_wconf 89' lang='lat' dir='ltr'><strong>promittentes,</strong></span> <span class='ocrx_word' id='word_1_150' title='bbox 1026 2335 1111 2409; x_wconf 88' lang='lat' dir='ltr'><strong>quod</strong></span> <span class='ocrx_word' id='word_1_151' title='bbox 1133 2352 1233 2408; x_wconf 92' lang='lat' dir='ltr'><strong>neque</strong></span> <span class='ocrx_word' id='word_1_152' title='bbox 1255 2351 1312 2393; x_wconf 91' lang='lat' dir='ltr'><strong>nos</strong></span> <span class='ocrx_word' id='word_1_153' title='bbox 1336 2345 1366 2392; x_wconf 91' lang='lat' dir='ltr'><strong>et</strong></span> <span class='ocrx_word' id='word_1_154' title='bbox 1388 2351 1488 2408; x_wconf 91' lang='lat' dir='ltr'><strong>neque</strong></span> <span class='ocrx_word' id='word_1_155' title='bbox 1511 2333 1610 2391; x_wconf 90' lang='lat' dir='ltr'><strong>nostri</strong></span> 
     </span>
     <span class='ocr_line' id='line_1_18' title="bbox 345 2439 1609 2512; baseline -0.001 -14"><span class='ocrx_word' id='word_1_156' title='bbox 345 2455 535 2500; x_wconf 85' lang='lat' dir='ltr'><strong>successores</strong></span> <span class='ocrx_word' id='word_1_157' title='bbox 566 2448 743 2500; x_wconf 84' lang='lat' dir='ltr'><strong>annotatam</strong></span> <span class='ocrx_word' id='word_1_158' title='bbox 767 2443 954 2501; x_wconf 89' lang='lat' dir='ltr'><strong>sentenciam</strong></span> <span class='ocrx_word' id='word_1_159' title='bbox 977 2447 1083 2500; x_wconf 87' lang='lat' dir='ltr'><strong>contra</strong></span> <span class='ocrx_word' id='word_1_160' title='bbox 1106 2441 1232 2499; x_wconf 90' lang='lat' dir='ltr'><strong>eosdem</strong></span> <span class='ocrx_word' id='word_1_161' title='bbox 1256 2443 1348 2512; x_wconf 86' lang='lat' dir='ltr'><strong>cives,</strong></span> <span class='ocrx_word' id='word_1_162' title='bbox 1372 2441 1488 2498; x_wconf 88' lang='lat' dir='ltr'><strong>incolas</strong></span> <span class='ocrx_word' id='word_1_163' title='bbox 1512 2447 1542 2497; x_wconf 92' lang='lat' dir='ltr'><strong>et</strong></span> <span class='ocrx_word' id='word_1_164' title='bbox 1564 2439 1609 2497; x_wconf 91' lang='lat' dir='ltr'><strong>in·</strong></span> 
     </span>
     <span class='ocr_line' id='line_1_19' title="bbox 343 2527 1608 2615; baseline 0 -13"><span class='ocrx_word' id='word_1_165' title='bbox 343 2545 533 2606; x_wconf 89' lang='lat' dir='ltr'><strong>habitatores</strong></span> <span class='ocrx_word' id='word_1_166' title='bbox 562 2564 597 2606; x_wconf 89' lang='lat' dir='ltr'><strong>ac</strong></span> <span class='ocrx_word' id='word_1_167' title='bbox 627 2553 725 2607; x_wconf 91' lang='lat' dir='ltr'><strong>totam</strong></span> <span class='ocrx_word' id='word_1_168' title='bbox 755 2549 1009 2606; x_wconf 88' lang='lat' dir='ltr'><strong>communitatem</strong></span> <span class='ocrx_word' id='word_1_169' title='bbox 1039 2546 1120 2604; x_wconf 89' lang='lat' dir='ltr'><strong>dicte</strong></span> <span class='ocrx_word' id='word_1_170' title='bbox 1143 2547 1276 2606; x_wconf 91' lang='lat' dir='ltr'><strong>civitatis</strong></span> <span class='ocrx_word' id='word_1_171' title='bbox 1302 2547 1415 2605; x_wconf 88' lang='lat' dir='ltr'><strong>montis</strong></span> <span class='ocrx_word' id='word_1_172' title='bbox 1438 2527 1608 2615; x_wconf 79' lang='lat' dir='ltr'><strong>Greceusis,</strong></span> 
     </span>
     <span class='ocr_line' id='line_1_20' title="bbox 342 2651 1606 2728; baseline 0.001 -19"><span class='ocrx_word' id='word_1_173' title='bbox 342 2651 487 2726; x_wconf 85' lang='lat' dir='ltr'><strong>filiosque</strong></span> <span class='ocrx_word' id='word_1_174' title='bbox 510 2659 541 2712; x_wconf 91' lang='lat' dir='ltr'><strong>et</strong></span> <span class='ocrx_word' id='word_1_175' title='bbox 562 2661 703 2728; x_wconf 87' lang='lat' dir='ltr'><strong>posteros</strong></span> <span class='ocrx_word' id='word_1_176' title='bbox 725 2653 908 2712; x_wconf 90' lang='lat' dir='ltr'><strong>eorumdem</strong></span> <span class='ocrx_word' id='word_1_177' title='bbox 932 2653 1026 2711; x_wconf 92' lang='lat' dir='ltr'><strong>modo</strong></span> <span class='ocrx_word' id='word_1_178' title='bbox 1042 2669 1104 2726; x_wconf 94' lang='lat' dir='ltr'><strong>quo</strong></span> <span class='ocrx_word' id='word_1_179' title='bbox 1127 2669 1223 2726; x_wconf 91' lang='lat' dir='ltr'><strong>supra</strong></span> <span class='ocrx_word' id='word_1_180' title='bbox 1246 2654 1352 2722; x_wconf 88' lang='lat' dir='ltr'><strong>latam,</strong></span> <span class='ocrx_word' id='word_1_181' title='bbox 1373 2653 1442 2710; x_wconf 93' lang='lat' dir='ltr'><strong>ullo</strong></span> <span class='ocrx_word' id='word_1_182' title='bbox 1465 2666 1606 2726; x_wconf 88' lang='lat' dir='ltr'><strong>unquam</strong></span> 
     </span>
     <span class='ocr_line' id='line_1_21' title="bbox 343 2759 1607 2834; baseline -0.001 -18"><span class='ocrx_word' id='word_1_183' title='bbox 343 2764 484 2832; x_wconf 90' lang='lat' dir='ltr'><strong>tempore</strong></span> <span class='ocrx_word' id='word_1_184' title='bbox 506 2775 641 2830; x_wconf 89' lang='lat' dir='ltr'><strong>movere,</strong></span> <span class='ocrx_word' id='word_1_185' title='bbox 666 2761 813 2834; x_wconf 90' lang='lat' dir='ltr'><strong>prosequi</strong></span> <span class='ocrx_word' id='word_1_186' title='bbox 833 2767 863 2818; x_wconf 90' lang='lat' dir='ltr'><strong>et</strong></span> <span class='ocrx_word' id='word_1_187' title='bbox 878 2759 1046 2832; x_wconf 89' lang='lat' dir='ltr'><strong>procedere</strong></span> <span class='ocrx_word' id='word_1_188' title='bbox 1062 2766 1134 2817; x_wconf 90' lang='lat' dir='ltr'><strong>curn</strong></span> <span class='ocrx_word' id='word_1_189' title='bbox 1150 2759 1268 2818; x_wconf 90' lang='lat' dir='ltr'><strong>eisdem</strong></span> <span class='ocrx_word' id='word_1_190' title='bbox 1291 2760 1437 2817; x_wconf 90' lang='lat' dir='ltr'><strong>volumus</strong></span> <span class='ocrx_word' id='word_1_191' title='bbox 1460 2764 1490 2816; x_wconf 92' lang='lat' dir='ltr'><strong>et</strong></span> <span class='ocrx_word' id='word_1_192' title='bbox 1505 2773 1607 2831; x_wconf 91' lang='lat' dir='ltr'><strong>neque</strong></span> 
     </span>
     <span class='ocr_line' id='line_1_22' title="bbox 340 2857 1604 2940; baseline 0 -20"><span class='ocrx_word' id='word_1_193' title='bbox 340 2865 491 2923; x_wconf 89' lang='lat' dir='ltr'><strong>valebunt</strong></span> <span class='ocrx_word' id='word_1_194' title='bbox 513 2867 607 2924; x_wconf 88' lang='lat' dir='ltr'><strong>modo</strong></span> <span class='ocrx_word' id='word_1_195' title='bbox 629 2867 768 2940; x_wconf 90' lang='lat' dir='ltr'><strong>aliquali.</strong></span> <span class='ocrx_word' id='word_1_196' title='bbox 792 2867 922 2940; x_wconf 87' lang='lat' dir='ltr'><strong>Insuper</strong></span> <span class='ocrx_word' id='word_1_197' title='bbox 945 2874 1049 2923; x_wconf 91' lang='lat' dir='ltr'><strong>autem</strong></span> <span class='ocrx_word' id='word_1_198' title='bbox 1073 2865 1111 2923; x_wconf 92' lang='lat' dir='ltr'><strong>de</strong></span> <span class='ocrx_word' id='word_1_199' title='bbox 1140 2866 1280 2923; x_wconf 92' lang='lat' dir='ltr'><strong>articulis</strong></span> <span class='ocrx_word' id='word_1_200' title='bbox 1303 2864 1385 2923; x_wconf 81' lang='lat' dir='ltr'><strong>iufra</strong></span> <span class='ocrx_word' id='word_1_201' title='bbox 1407 2857 1604 2922; x_wconf 87' lang='lat' dir='ltr'><strong>nominandis</strong></span> 
     </span>
     <span class='ocr_line' id='line_1_23' title="bbox 343 2969 1607 3032; baseline -0.001 -5"><span class='ocrx_word' id='word_1_202' title='bbox 343 2977 373 3028; x_wconf 91' lang='lat' dir='ltr'><strong>et</strong></span> <span class='ocrx_word' id='word_1_203' title='bbox 396 2969 592 3030; x_wconf 89' lang='lat' dir='ltr'><strong>declarandis</strong></span> <span class='ocrx_word' id='word_1_204' title='bbox 615 2987 687 3030; x_wconf 93' lang='lat' dir='ltr'><strong>cum</strong></span> <span class='ocrx_word' id='word_1_205' title='bbox 710 2971 828 3032; x_wconf 89' lang='lat' dir='ltr'><strong>eisdem</strong></span> <span class='ocrx_word' id='word_1_206' title='bbox 840 2972 962 3029; x_wconf 91' lang='lat' dir='ltr'><strong>civibus</strong></span> <span class='ocrx_word' id='word_1_207' title='bbox 984 2977 1014 3028; x_wconf 93' lang='lat' dir='ltr'><strong>et</strong></span> <span class='ocrx_word' id='word_1_208' title='bbox 1037 2977 1102 3029; x_wconf 91' lang='lat' dir='ltr'><strong>tota</strong></span> <span class='ocrx_word' id='word_1_209' title='bbox 1125 2973 1347 3029; x_wconf 89' lang='lat' dir='ltr'><strong>communitate</strong></span> <span class='ocrx_word' id='word_1_210' title='bbox 1370 2971 1451 3030; x_wconf 93' lang='lat' dir='ltr'><strong>dicte</strong></span> <span class='ocrx_word' id='word_1_211' title='bbox 1474 2970 1607 3029; x_wconf 86' lang='lat' dir='ltr'><strong>civitatis</strong></span> 
     </span>
     <span class='ocr_line' id='line_1_24' title="bbox 342 3075 1606 3150; baseline -0.002 -16"><span class='ocrx_word' id='word_1_212' title='bbox 342 3078 456 3134; x_wconf 89' lang='lat' dir='ltr'><strong>montis</strong></span> <span class='ocrx_word' id='word_1_213' title='bbox 486 3075 649 3136; x_wconf 89' lang='lat' dir='ltr'><strong>Greceusis</strong></span> <span class='ocrx_word' id='word_1_214' title='bbox 681 3078 784 3136; x_wconf 90' lang='lat' dir='ltr'><strong>taliter</strong></span> <span class='ocrx_word' id='word_1_215' title='bbox 810 3075 1081 3135; x_wconf 86' lang='lat' dir='ltr'><strong>concordavimus:</strong></span> <span class='ocrx_word' id='word_1_216' title='bbox 1113 3077 1190 3135; x_wconf 88' lang='lat' dir='ltr'><strong>item</strong></span> <span class='ocrx_word' id='word_1_217' title='bbox 1221 3077 1333 3150; x_wconf 91' lang='lat' dir='ltr'><strong>primo,</strong></span> <span class='ocrx_word' id='word_1_218' title='bbox 1356 3092 1421 3150; x_wconf 89' lang='lat' dir='ltr'><strong>nos,</strong></span> <span class='ocrx_word' id='word_1_219' title='bbox 1445 3075 1606 3149; x_wconf 89' lang='lat' dir='ltr'><strong>nostrique</strong></span> 
     </span>
     <span class='ocr_line' id='line_1_25' title="bbox 342 3172 1608 3257; baseline -0.001 -18"><span class='ocrx_word' id='word_1_220' title='bbox 342 3183 499 3242; x_wconf 90' lang='lat' dir='ltr'><strong>tributarii</strong></span> <span class='ocrx_word' id='word_1_221' title='bbox 522 3197 581 3256; x_wconf 91' lang='lat' dir='ltr'><strong>pro</strong></span> <span class='ocrx_word' id='word_1_222' title='bbox 605 3190 746 3257; x_wconf 90' lang='lat' dir='ltr'><strong>tempore</strong></span> <span class='ocrx_word' id='word_1_223' title='bbox 770 3199 826 3257; x_wconf 91' lang='lat' dir='ltr'><strong>per</strong></span> <span class='ocrx_word' id='word_1_224' title='bbox 848 3197 904 3240; x_wconf 91' lang='lat' dir='ltr'><strong>nos</strong></span> <span class='ocrx_word' id='word_1_225' title='bbox 920 3182 1080 3240; x_wconf 89' lang='lat' dir='ltr'><strong>constituti</strong></span> <span class='ocrx_word' id='word_1_226' title='bbox 1103 3188 1134 3240; x_wconf 92' lang='lat' dir='ltr'><strong>et</strong></span> <span class='ocrx_word' id='word_1_227' title='bbox 1156 3189 1277 3240; x_wconf 86' lang='lat' dir='ltr'><strong>nostros</strong></span> <span class='ocrx_word' id='word_1_228' title='bbox 1291 3172 1491 3246; x_wconf 85' lang='lat' dir='ltr'><strong>¹suceessore&#39;s</strong></span> <span class='ocrx_word' id='word_1_229' title='bbox 1514 3182 1546 3239; x_wconf 92' lang='lat' dir='ltr'><strong>in</strong></span> <span class='ocrx_word' id='word_1_230' title='bbox 1563 3181 1577 3238; x_wconf 87' lang='lat' dir='ltr'><strong>l</strong></span> <span class='ocrx_word' id='word_1_231' title='bbox 1596 3209 1608 3221; x_wconf 93' lang='lat'><em>-</em></span> 
     </span>
     <span class='ocr_line' id='line_1_26' title="bbox 342 3286 1607 3360; baseline -0.001 -15"><span class='ocrx_word' id='word_1_232' title='bbox 342 3295 447 3346; x_wconf 89' lang='lat' dir='ltr'><strong>turum</strong></span> <span class='ocrx_word' id='word_1_233' title='bbox 480 3289 694 3360; x_wconf 88' lang='lat' dir='ltr'><strong>constituendi,</strong></span> <span class='ocrx_word' id='word_1_234' title='bbox 725 3289 878 3347; x_wconf 89' lang='lat' dir='ltr'><strong>tributum</strong></span> <span class='ocrx_word' id='word_1_235' title='bbox 908 3289 940 3346; x_wconf 94' lang='lat' dir='ltr'><strong>in</strong></span> <span class='ocrx_word' id='word_1_236' title='bbox 969 3286 1037 3346; x_wconf 85' lang='lat' dir='ltr'><strong>foro</strong></span> <span class='ocrx_word' id='word_1_237' title='bbox 1067 3288 1192 3346; x_wconf 88' lang='lat' dir='ltr'><strong>annuali</strong></span> <span class='ocrx_word' id='word_1_238' title='bbox 1222 3304 1276 3346; x_wconf 92' lang='lat' dir='ltr'><strong>seu</strong></span> <span class='ocrx_word' id='word_1_239' title='bbox 1297 3287 1444 3346; x_wconf 88' lang='lat' dir='ltr'><strong>nundinis</strong></span> <span class='ocrx_word' id='word_1_240' title='bbox 1473 3288 1506 3346; x_wconf 91' lang='lat' dir='ltr'><strong>in</strong></span> <span class='ocrx_word' id='word_1_241' title='bbox 1528 3287 1607 3345; x_wconf 81' lang='lat' dir='ltr'><strong>festo</strong></span> 
     </span>
     <span class='ocr_line' id='line_1_27' title="bbox 344 3393 1606 3469; baseline 0.002 -18"><span class='ocrx_word' id='word_1_242' title='bbox 344 3395 441 3453; x_wconf 88' lang='lat' dir='ltr'><strong>sancti</strong></span> <span class='ocrx_word' id='word_1_243' title='bbox 465 3396 562 3453; x_wconf 86' lang='lat' dir='ltr'><strong>Marci</strong></span> <span class='ocrx_word' id='word_1_244' title='bbox 584 3395 782 3468; x_wconf 87' lang='lat' dir='ltr'><strong>ewangeliste</strong></span> <span class='ocrx_word' id='word_1_245' title='bbox 805 3410 841 3452; x_wconf 91' lang='lat' dir='ltr'><strong>ac</strong></span> <span class='ocrx_word' id='word_1_246' title='bbox 864 3395 935 3452; x_wconf 90' lang='lat' dir='ltr'><strong>aliis</strong></span> <span class='ocrx_word' id='word_1_247' title='bbox 958 3393 1068 3452; x_wconf 91' lang='lat' dir='ltr'><strong>diebus</strong></span> <span class='ocrx_word' id='word_1_248' title='bbox 1091 3401 1162 3453; x_wconf 91' lang='lat' dir='ltr'><strong>ante</strong></span> <span class='ocrx_word' id='word_1_249' title='bbox 1185 3402 1215 3452; x_wconf 92' lang='lat' dir='ltr'><strong>et</strong></span> <span class='ocrx_word' id='word_1_250' title='bbox 1235 3401 1307 3469; x_wconf 93' lang='lat' dir='ltr'><strong>post</strong></span> <span class='ocrx_word' id='word_1_251' title='bbox 1329 3395 1538 3469; x_wconf 86' lang='lat' dir='ltr'><strong>sequentibus,</strong></span> <span class='ocrx_word' id='word_1_252' title='bbox 1554 3411 1606 3453; x_wconf 84' lang='lat' dir='ltr'><strong>ex·</strong></span> 
     </span>
     <span class='ocr_line' id='line_1_28' title="bbox 341 3500 1606 3576; baseline 0 -18"><span class='ocrx_word' id='word_1_253' title='bbox 341 3511 430 3574; x_wconf 88' lang='lat' dir='ltr'><strong>cepta</strong></span> <span class='ocrx_word' id='word_1_254' title='bbox 454 3501 616 3560; x_wconf 83' lang='lat' dir='ltr'><strong>dumtaxat</strong></span> <span class='ocrx_word' id='word_1_255' title='bbox 632 3509 777 3559; x_wconf 85' lang='lat' dir='ltr'><strong>consueta</strong></span> <span class='ocrx_word' id='word_1_256' title='bbox 793 3501 940 3575; x_wconf 91' lang='lat' dir='ltr'><strong>porcione</strong></span> <span class='ocrx_word' id='word_1_257' title='bbox 951 3500 1089 3559; x_wconf 88' lang='lat' dir='ltr'><strong>eiusdem</strong></span> <span class='ocrx_word' id='word_1_258' title='bbox 1107 3502 1214 3560; x_wconf 88' lang='lat' dir='ltr'><strong>tributi</strong></span> <span class='ocrx_word' id='word_1_259' title='bbox 1238 3502 1468 3576; x_wconf 86' lang='lat' dir='ltr'><strong>phylarschyna</strong></span> <span class='ocrx_word' id='word_1_260' title='bbox 1485 3509 1606 3572; x_wconf 88' lang='lat' dir='ltr'><strong>vocata,</strong></span> 
     </span>
     <span class='ocr_line' id='line_1_29' title="bbox 341 3607 1606 3682; baseline 0 -16"><span class='ocrx_word' id='word_1_261' title='bbox 341 3607 422 3666; x_wconf 90' lang='lat' dir='ltr'><strong>dicte</strong></span> <span class='ocrx_word' id='word_1_262' title='bbox 444 3608 562 3666; x_wconf 91' lang='lat' dir='ltr'><strong>civitati</strong></span> <span class='ocrx_word' id='word_1_263' title='bbox 585 3609 786 3682; x_wconf 89' lang='lat' dir='ltr'><strong>proveniente</strong></span> <span class='ocrx_word' id='word_1_264' title='bbox 809 3612 840 3665; x_wconf 90' lang='lat' dir='ltr'><strong>et</strong></span> <span class='ocrx_word' id='word_1_265' title='bbox 862 3613 1020 3680; x_wconf 88' lang='lat' dir='ltr'><strong>spectante</strong></span> <span class='ocrx_word' id='word_1_266' title='bbox 1052 3608 1140 3664; x_wconf 90' lang='lat' dir='ltr'><strong>saiva</strong></span> <span class='ocrx_word' id='word_1_267' title='bbox 1170 3613 1356 3679; x_wconf 89' lang='lat' dir='ltr'><strong>remanente,</strong></span> <span class='ocrx_word' id='word_1_268' title='bbox 1380 3609 1526 3682; x_wconf 90' lang='lat' dir='ltr'><strong>recipere,</strong></span> <span class='ocrx_word' id='word_1_269' title='bbox 1551 3623 1606 3666; x_wconf 86' lang='lat' dir='ltr'><strong>ex·</strong></span> 
     </span>
     <span class='ocr_line' id='line_1_30' title="bbox 341 3713 1660 3788; baseline 0.002 -18"><span class='ocrx_word' id='word_1_270' title='bbox 341 3719 485 3787; x_wconf 90' lang='lat' dir='ltr'><strong>torquere</strong></span> <span class='ocrx_word' id='word_1_271' title='bbox 508 3723 538 3771; x_wconf 92' lang='lat' dir='ltr'><strong>et</strong></span> <span class='ocrx_word' id='word_1_272' title='bbox 560 3715 684 3786; x_wconf 81' lang='lat' dir='ltr'><strong>exigere</strong></span> <span class='ocrx_word' id='word_1_273' title='bbox 706 3714 878 3788; x_wconf 90' lang='lat' dir='ltr'><strong>poterimus</strong></span> <span class='ocrx_word' id='word_1_274' title='bbox 901 3719 932 3771; x_wconf 92' lang='lat' dir='ltr'><strong>et</strong></span> <span class='ocrx_word' id='word_1_275' title='bbox 953 3713 1138 3773; x_wconf 89' lang='lat' dir='ltr'><strong>valebimus.</strong></span> <span class='ocrx_word' id='word_1_276' title='bbox 1162 3713 1249 3783; x_wconf 89' lang='lat' dir='ltr'><strong>item,</strong></span> <span class='ocrx_word' id='word_1_277' title='bbox 1267 3713 1351 3787; x_wconf 94' lang='lat' dir='ltr'><strong>quod</strong></span> <span class='ocrx_word' id='word_1_278' title='bbox 1365 3729 1431 3784; x_wconf 90' lang='lat' dir='ltr'><strong>nos,</strong></span> <span class='ocrx_word' id='word_1_279' title='bbox 1447 3715 1607 3788; x_wconf 87' lang='lat' dir='ltr'><strong>nostrique</strong></span> <span class='ocrx_word' id='word_1_280' title='bbox 1658 3725 1660 3730; x_wconf 82' lang='lat'>&#39;</span> 
     </span>
     <span class='ocr_line' id='line_1_31' title="bbox 340 3819 1608 3893; baseline -0.001 -16"><span class='ocrx_word' id='word_1_281' title='bbox 340 3820 495 3878; x_wconf 91' lang='lat' dir='ltr'><strong>tributarii</strong></span> <span class='ocrx_word' id='word_1_282' title='bbox 526 3819 565 3878; x_wconf 92' lang='lat' dir='ltr'><strong>de</strong></span> <span class='ocrx_word' id='word_1_283' title='bbox 594 3821 737 3878; x_wconf 91' lang='lat' dir='ltr'><strong>curribus</strong></span> <span class='ocrx_word' id='word_1_284' title='bbox 767 3827 797 3878; x_wconf 90' lang='lat' dir='ltr'><strong>et</strong></span> <span class='ocrx_word' id='word_1_285' title='bbox 829 3820 916 3893; x_wconf 89' lang='lat' dir='ltr'><strong>equis</strong></span> <span class='ocrx_word' id='word_1_286' title='bbox 939 3835 996 3893; x_wconf 91' lang='lat' dir='ltr'><strong>per</strong></span> <span class='ocrx_word' id='word_1_287' title='bbox 1018 3820 1101 3877; x_wconf 87' lang='lat' dir='ltr'><strong>cives</strong></span> <span class='ocrx_word' id='word_1_288' title='bbox 1125 3827 1155 3878; x_wconf 92' lang='lat' dir='ltr'><strong>et</strong></span> <span class='ocrx_word' id='word_1_289' title='bbox 1178 3820 1401 3879; x_wconf 89' lang='lat' dir='ltr'><strong>inhabitatores</strong></span> <span class='ocrx_word' id='word_1_290' title='bbox 1424 3819 1506 3879; x_wconf 88' lang='lat' dir='ltr'><strong>dicte</strong></span> <span class='ocrx_word' id='word_1_291' title='bbox 1530 3819 1608 3878; x_wconf 88' lang='lat' dir='ltr'><strong>civi·</strong></span> 
     </span>
     <span class='ocr_line' id='line_1_32' title="bbox 342 3925 1609 4000; baseline 0.001 -17"><span class='ocrx_word' id='word_1_292' title='bbox 342 3926 411 3984; x_wconf 91' lang='lat' dir='ltr'><strong>tatis</strong></span> <span class='ocrx_word' id='word_1_293' title='bbox 442 3927 483 3984; x_wconf 92' lang='lat' dir='ltr'><strong>ab</strong></span> <span class='ocrx_word' id='word_1_294' title='bbox 513 3927 626 3984; x_wconf 83' lang='lat' dir='ltr'><strong>exteris</strong></span> <span class='ocrx_word' id='word_1_295' title='bbox 659 3927 801 3999; x_wconf 89' lang='lat' dir='ltr'><strong>partibus</strong></span> <span class='ocrx_word' id='word_1_296' title='bbox 832 3926 1019 3999; x_wconf 86' lang='lat' dir='ltr'><strong>appreciatis</strong></span> <span class='ocrx_word' id='word_1_297' title='bbox 1049 3932 1079 3983; x_wconf 92' lang='lat' dir='ltr'><strong>et</strong></span> <span class='ocrx_word' id='word_1_298' title='bbox 1110 3925 1151 3983; x_wconf 92' lang='lat' dir='ltr'><strong>ad</strong></span> <span class='ocrx_word' id='word_1_299' title='bbox 1182 3927 1284 4000; x_wconf 88' lang='lat' dir='ltr'><strong>ipsam</strong></span> <span class='ocrx_word' id='word_1_300' title='bbox 1315 3927 1473 3984; x_wconf 86' lang='lat' dir='ltr'><strong>civitatem</strong></span> <span class='ocrx_word' id='word_1_301' title='bbox 1497 3941 1609 3984; x_wconf 88' lang='lat' dir='ltr'><strong>eorum</strong></span> 
     </span>
     <span class='ocr_line' id='line_1_33' title="bbox 340 4030 1608 4106; baseline 0 -16"><span class='ocrx_word' id='word_1_302' title='bbox 340 4033 454 4090; x_wconf 89' lang='lat' dir='ltr'><strong>montis</strong></span> <span class='ocrx_word' id='word_1_303' title='bbox 477 4030 639 4091; x_wconf 88' lang='lat' dir='ltr'><strong>Greceusis</strong></span> <span class='ocrx_word' id='word_1_304' title='bbox 661 4048 710 4090; x_wconf 92' lang='lat' dir='ltr'><strong>res</strong></span> <span class='ocrx_word' id='word_1_305' title='bbox 732 4039 763 4090; x_wconf 92' lang='lat' dir='ltr'><strong>et</strong></span> <span class='ocrx_word' id='word_1_306' title='bbox 787 4032 866 4089; x_wconf 91' lang='lat' dir='ltr'><strong>hona</strong></span> <span class='ocrx_word' id='word_1_307' title='bbox 892 4048 947 4106; x_wconf 91' lang='lat' dir='ltr'><strong>per</strong></span> <span class='ocrx_word' id='word_1_308' title='bbox 969 4031 1095 4090; x_wconf 90' lang='lat' dir='ltr'><strong>eosdem</strong></span> <span class='ocrx_word' id='word_1_309' title='bbox 1119 4033 1171 4090; x_wconf 92' lang='lat' dir='ltr'><strong>vel</strong></span> <span class='ocrx_word' id='word_1_310' title='bbox 1193 4047 1301 4090; x_wconf 91' lang='lat' dir='ltr'><strong>eorum</strong></span> <span class='ocrx_word' id='word_1_311' title='bbox 1324 4033 1459 4090; x_wconf 91' lang='lat' dir='ltr'><strong>alterum</strong></span> <span class='ocrx_word' id='word_1_312' title='bbox 1481 4047 1608 4106; x_wconf 91' lang='lat' dir='ltr'><strong>compa·</strong></span> 
     </span>
     <span class='ocr_line' id='line_1_34' title="bbox 340 4137 1607 4211; baseline 0.001 -16"><span class='ocrx_word' id='word_1_313' title='bbox 340 4143 406 4196; x_wconf 90' lang='lat' dir='ltr'><strong>rata</strong></span> <span class='ocrx_word' id='word_1_314' title='bbox 422 4143 452 4196; x_wconf 89' lang='lat' dir='ltr'><strong>et</strong></span> <span class='ocrx_word' id='word_1_315' title='bbox 467 4137 655 4211; x_wconf 90' lang='lat' dir='ltr'><strong>adducenda,</strong></span> <span class='ocrx_word' id='word_1_316' title='bbox 672 4138 797 4196; x_wconf 92' lang='lat' dir='ltr'><strong>nullum</strong></span> <span class='ocrx_word' id='word_1_317' title='bbox 813 4139 975 4210; x_wconf 87' lang='lat' dir='ltr'><strong>tributum,</strong></span> <span class='ocrx_word' id='word_1_318' title='bbox 999 4138 1162 4196; x_wconf 84' lang='lat' dir='ltr'><strong>nullamve</strong></span> <span class='ocrx_word' id='word_1_319' title='bbox 1184 4139 1386 4197; x_wconf 91' lang='lat' dir='ltr'><strong>tributariam</strong></span> <span class='ocrx_word' id='word_1_320' title='bbox 1409 4140 1607 4197; x_wconf 88' lang='lat' dir='ltr'><strong>exaccionem</strong></span> 
     </span>
     <span class='ocr_line' id='line_1_35' title="bbox 339 4243 1608 4318; baseline 0 -16"><span class='ocrx_word' id='word_1_321' title='bbox 339 4243 463 4315; x_wconf 93' lang='lat' dir='ltr'><strong>habere,</strong></span> <span class='ocrx_word' id='word_1_322' title='bbox 494 4245 617 4316; x_wconf 83' lang='lat' dir='ltr'><strong>exigere</strong></span> <span class='ocrx_word' id='word_1_323' title='bbox 650 4251 680 4302; x_wconf 93' lang='lat' dir='ltr'><strong>et</strong></span> <span class='ocrx_word' id='word_1_324' title='bbox 709 4245 847 4317; x_wconf 89' lang='lat' dir='ltr'><strong>recipere</strong></span> <span class='ocrx_word' id='word_1_325' title='bbox 879 4245 1052 4318; x_wconf 89' lang='lat' dir='ltr'><strong>poterimus</strong></span> <span class='ocrx_word' id='word_1_326' title='bbox 1075 4257 1106 4302; x_wconf 92' lang='lat' dir='ltr'><strong>et</strong></span> <span class='ocrx_word' id='word_1_327' title='bbox 1129 4245 1305 4303; x_wconf 91' lang='lat' dir='ltr'><strong>valebimus</strong></span> <span class='ocrx_word' id='word_1_328' title='bbox 1325 4251 1356 4302; x_wconf 91' lang='lat' dir='ltr'><strong>et</strong></span> <span class='ocrx_word' id='word_1_329' title='bbox 1378 4261 1434 4303; x_wconf 90' lang='lat' dir='ltr'><strong>nec</strong></span> <span class='ocrx_word' id='word_1_330' title='bbox 1458 4245 1608 4303; x_wconf 92' lang='lat' dir='ltr'><strong>valebunt</strong></span> 
     </span>
     <span class='ocr_line' id='line_1_36' title="bbox 339 4349 1607 4424; baseline 0.001 -17"><span class='ocrx_word' id='word_1_331' title='bbox 339 4350 433 4408; x_wconf 90' lang='lat' dir='ltr'><strong>modo</strong></span> <span class='ocrx_word' id='word_1_332' title='bbox 464 4349 603 4423; x_wconf 90' lang='lat' dir='ltr'><strong>aliquali.</strong></span> <span class='ocrx_word' id='word_1_333' title='bbox 633 4349 701 4407; x_wconf 91' lang='lat' dir='ltr'><strong>Hoc</strong></span> <span class='ocrx_word' id='word_1_334' title='bbox 732 4355 836 4407; x_wconf 89' lang='lat' dir='ltr'><strong>tamen</strong></span> <span class='ocrx_word' id='word_1_335' title='bbox 867 4351 950 4407; x_wconf 91' lang='lat' dir='ltr'><strong>clare</strong></span> <span class='ocrx_word' id='word_1_336' title='bbox 980 4349 1167 4424; x_wconf 88' lang='lat' dir='ltr'><strong>specificato,</strong></span> <span class='ocrx_word' id='word_1_337' title='bbox 1192 4350 1277 4424; x_wconf 90' lang='lat' dir='ltr'><strong>quod</strong></span> <span class='ocrx_word' id='word_1_338' title='bbox 1300 4350 1326 4408; x_wconf 91' lang='lat' dir='ltr'><strong>si</strong></span> <span class='ocrx_word' id='word_1_339' title='bbox 1349 4364 1407 4409; x_wconf 90' lang='lat' dir='ltr'><strong>nos</strong></span> <span class='ocrx_word' id='word_1_340' title='bbox 1430 4349 1483 4409; x_wconf 91' lang='lat' dir='ltr'><strong>vel</strong></span> <span class='ocrx_word' id='word_1_341' title='bbox 1505 4351 1607 4410; x_wconf 91' lang='lat' dir='ltr'><strong>nostri</strong></span> 
     </span>
     <span class='ocr_line' id='line_1_37' title="bbox 339 4455 1607 4531; baseline 0.001 -18"><span class='ocrx_word' id='word_1_342' title='bbox 339 4457 495 4514; x_wconf 92' lang='lat' dir='ltr'><strong>tributarii</strong></span> <span class='ocrx_word' id='word_1_343' title='bbox 525 4471 619 4530; x_wconf 92' lang='lat' dir='ltr'><strong>super</strong></span> <span class='ocrx_word' id='word_1_344' title='bbox 649 4456 808 4530; x_wconf 91' lang='lat' dir='ltr'><strong>aliquibus</strong></span> <span class='ocrx_word' id='word_1_345' title='bbox 841 4457 934 4514; x_wconf 92' lang='lat' dir='ltr'><strong>rebus</strong></span> <span class='ocrx_word' id='word_1_346' title='bbox 966 4457 1110 4516; x_wconf 89' lang='lat' dir='ltr'><strong>ethonis</strong></span> <span class='ocrx_word' id='word_1_347' title='bbox 1134 4473 1190 4531; x_wconf 91' lang='lat' dir='ltr'><strong>per</strong></span> <span class='ocrx_word' id='word_1_348' title='bbox 1212 4455 1339 4515; x_wconf 91' lang='lat' dir='ltr'><strong>eosdem</strong></span> <span class='ocrx_word' id='word_1_349' title='bbox 1362 4457 1445 4515; x_wconf 90' lang='lat' dir='ltr'><strong>cives</strong></span> <span class='ocrx_word' id='word_1_350' title='bbox 1468 4461 1499 4515; x_wconf 90' lang='lat' dir='ltr'><strong>et</strong></span> <span class='ocrx_word' id='word_1_351' title='bbox 1521 4457 1607 4516; x_wconf 90' lang='lat' dir='ltr'><strong>inha-</strong></span> 
     </span>
     <span class='ocr_line' id='line_1_38' title="bbox 340 4562 1609 4636; baseline 0 -16"><span class='ocrx_word' id='word_1_352' title='bbox 340 4563 486 4621; x_wconf 91' lang='lat' dir='ltr'><strong>bitatores</strong></span> <span class='ocrx_word' id='word_1_353' title='bbox 509 4562 590 4621; x_wconf 91' lang='lat' dir='ltr'><strong>dicte</strong></span> <span class='ocrx_word' id='word_1_354' title='bbox 613 4562 746 4620; x_wconf 91' lang='lat' dir='ltr'><strong>civitatis</strong></span> <span class='ocrx_word' id='word_1_355' title='bbox 772 4563 822 4621; x_wconf 91' lang='lat' dir='ltr'><strong>vel</strong></span> <span class='ocrx_word' id='word_1_356' title='bbox 846 4577 955 4620; x_wconf 91' lang='lat' dir='ltr'><strong>eorum</strong></span> <span class='ocrx_word' id='word_1_357' title='bbox 979 4562 1114 4621; x_wconf 90' lang='lat' dir='ltr'><strong>alterum</strong></span> <span class='ocrx_word' id='word_1_358' title='bbox 1137 4563 1178 4620; x_wconf 91' lang='lat' dir='ltr'><strong>ab</strong></span> <span class='ocrx_word' id='word_1_359' title='bbox 1201 4563 1324 4634; x_wconf 89' lang='lat' dir='ltr'><strong>exteris,</strong></span> <span class='ocrx_word' id='word_1_360' title='bbox 1347 4568 1383 4621; x_wconf 93' lang='lat' dir='ltr'><strong>ut</strong></span> <span class='ocrx_word' id='word_1_361' title='bbox 1405 4563 1609 4636; x_wconf 88' lang='lat' dir='ltr'><strong>premittitur,</strong></span> 
     </span>
     <span class='ocr_line' id='line_1_39' title="bbox 338 4667 1606 4744; baseline -0.001 -16"><span class='ocrx_word' id='word_1_362' title='bbox 338 4670 481 4744; x_wconf 88' lang='lat' dir='ltr'><strong>partibus</strong></span> <span class='ocrx_word' id='word_1_363' title='bbox 512 4672 699 4744; x_wconf 88' lang='lat' dir='ltr'><strong>appreciatis</strong></span> <span class='ocrx_word' id='word_1_364' title='bbox 734 4676 764 4726; x_wconf 90' lang='lat' dir='ltr'><strong>et</strong></span> <span class='ocrx_word' id='word_1_365' title='bbox 795 4669 834 4727; x_wconf 93' lang='lat' dir='ltr'><strong>ad</strong></span> <span class='ocrx_word' id='word_1_366' title='bbox 866 4670 967 4743; x_wconf 88' lang='lat' dir='ltr'><strong>ipsam</strong></span> <span class='ocrx_word' id='word_1_367' title='bbox 991 4669 1150 4728; x_wconf 91' lang='lat' dir='ltr'><strong>civitatem</strong></span> <span class='ocrx_word' id='word_1_368' title='bbox 1173 4667 1372 4742; x_wconf 90' lang='lat' dir='ltr'><strong>adducendis,</strong></span> <span class='ocrx_word' id='word_1_369' title='bbox 1395 4669 1606 4743; x_wconf 91' lang='lat' dir='ltr'><strong>suspicionem</strong></span> 
     </span>
     <span class='ocr_line' id='line_1_40' title="bbox 337 4775 1609 4851; baseline 0 -17"><span class='ocrx_word' id='word_1_370' title='bbox 337 4791 433 4851; x_wconf 90' lang='lat' dir='ltr'><strong>super</strong></span> <span class='ocrx_word' id='word_1_371' title='bbox 466 4791 503 4834; x_wconf 90' lang='lat' dir='ltr'><strong>eo</strong></span> <span class='ocrx_word' id='word_1_372' title='bbox 535 4777 739 4836; x_wconf 89' lang='lat' dir='ltr'><strong>habuerimus</strong></span> <span class='ocrx_word' id='word_1_373' title='bbox 771 4775 823 4833; x_wconf 90' lang='lat' dir='ltr'><strong>vel</strong></span> <span class='ocrx_word' id='word_1_374' title='bbox 858 4775 1011 4848; x_wconf 86' lang='lat' dir='ltr'><strong>habuerit,</strong></span> <span class='ocrx_word' id='word_1_375' title='bbox 1046 4775 1130 4848; x_wconf 90' lang='lat' dir='ltr'><strong>quod</strong></span> <span class='ocrx_word' id='word_1_376' title='bbox 1160 4775 1300 4848; x_wconf 90' lang='lat' dir='ltr'><strong>aliquem</strong></span> <span class='ocrx_word' id='word_1_377' title='bbox 1334 4775 1388 4833; x_wconf 83' lang='lat' dir='ltr'><strong>vel</strong></span> <span class='ocrx_word' id='word_1_378' title='bbox 1419 4775 1542 4850; x_wconf 90' lang='lat' dir='ltr'><strong>aliquos</strong></span> <span class='ocrx_word' id='word_1_379' title='bbox 1576 4775 1609 4834; x_wconf 91' lang='lat' dir='ltr'><strong>in</strong></span> 
     </span>
     <span class='ocr_line' id='line_1_41' title="bbox 337 4881 1609 4954; baseline -0.002 -12"><span class='ocrx_word' id='word_1_380' title='bbox 337 4883 480 4942; x_wconf 79' lang='lat' dir='ltr'><strong>fraudem</strong></span> <span class='ocrx_word' id='word_1_381' title='bbox 510 4884 690 4943; x_wconf 91' lang='lat' dir='ltr'><strong>huiusmodi</strong></span> <span class='ocrx_word' id='word_1_382' title='bbox 723 4883 821 4942; x_wconf 89' lang='lat' dir='ltr'><strong>nostri</strong></span> <span class='ocrx_word' id='word_1_383' title='bbox 853 4882 973 4954; x_wconf 93' lang='lat' dir='ltr'><strong>tributi,</strong></span> <span class='ocrx_word' id='word_1_384' title='bbox 996 4897 1053 4939; x_wconf 92' lang='lat' dir='ltr'><strong>sua</strong></span> <span class='ocrx_word' id='word_1_385' title='bbox 1076 4883 1158 4940; x_wconf 91' lang='lat' dir='ltr'><strong>hona</strong></span> <span class='ocrx_word' id='word_1_386' title='bbox 1180 4881 1356 4953; x_wconf 91' lang='lat' dir='ltr'><strong>asserendo,</strong></span> <span class='ocrx_word' id='word_1_387' title='bbox 1380 4882 1530 4941; x_wconf 90' lang='lat' dir='ltr'><strong>libertare</strong></span> <span class='ocrx_word' id='word_1_388' title='bbox 1554 4897 1609 4940; x_wconf 92' lang='lat' dir='ltr'><strong>vo·</strong></span> 
     </span>
     <span class='ocr_line' id='line_1_42' title="bbox 337 4986 1609 5064; baseline -0.002 -16"><span class='ocrx_word' id='word_1_389' title='bbox 337 4989 452 5048; x_wconf 88' lang='lat' dir='ltr'><strong>luerint</strong></span> <span class='ocrx_word' id='word_1_390' title='bbox 485 4991 537 5052; x_wconf 91' lang='lat' dir='ltr'><strong>vel</strong></span> <span class='ocrx_word' id='word_1_391' title='bbox 568 4991 713 5060; x_wconf 90' lang='lat' dir='ltr'><strong>voluerit,</strong></span> <span class='ocrx_word' id='word_1_392' title='bbox 744 4995 857 5046; x_wconf 86' lang='lat' dir='ltr'><strong>extunc</strong></span> <span class='ocrx_word' id='word_1_393' title='bbox 888 4988 959 5046; x_wconf 92' lang='lat' dir='ltr'><strong>talis</strong></span> <span class='ocrx_word' id='word_1_394' title='bbox 990 4995 1043 5047; x_wconf 94' lang='lat' dir='ltr'><strong>aut</strong></span> <span class='ocrx_word' id='word_1_395' title='bbox 1076 4987 1154 5046; x_wconf 91' lang='lat' dir='ltr'><strong>tales</strong></span> <span class='ocrx_word' id='word_1_396' title='bbox 1184 4986 1361 5064; x_wconf 86' lang='lat' dir='ltr'><strong>juramento</strong></span> <span class='ocrx_word' id='word_1_397' title='bbox 1392 4988 1547 5046; x_wconf 86' lang='lat' dir='ltr'><strong>mediante</strong></span> <span class='ocrx_word' id='word_1_398' title='bbox 1570 4987 1609 5046; x_wconf 91' lang='lat' dir='ltr'><strong>ad</strong></span> 
     </span>
    </p>
   </div>
   <div class='ocr_carea' id='block_1_2' title="bbox 0 0 1918 5822">
    <p class='ocr_par' dir='ltr' id='par_1_3' title="bbox 0 0 1918 5822">
     <span class='ocr_line' id='line_1_43' title="bbox 0 0 1918 5822; baseline 0 2"><span class='ocrx_word' id='word_1_399' title='bbox 0 0 1918 5822; x_wconf 95' lang='lat' dir='ltr'><strong> </strong></span> 
     </span>
    </p>
   </div>
  </div>
 </body>
</html>
