3828 5822
657 631 730 690 Dac.
747 643 824 708 300.
847 664 890 674 -
913 629 969 689 An.
992 628 1081 710 1476.
1443 636 1505 712 369

240 847 368 905 deberet
390 853 421 905 et
442 851 597 905 teneretur
622 847 882 917 ammonuissent;
898 846 1080 922 quiquidem
1095 847 1215 914 Blasius
1236 846 1331 923 judex
1355 851 1507 923 premissa

239 953 345 1011 omnia
368 952 468 1010 iacere
490 957 668 1022 recusasset,
699 951 755 1010 ubi
782 950 878 1010 iidem
907 949 1025 1027 judices
1056 953 1210 1011 nobilium
1234 953 1342 1011 eadem
1367 955 1416 1013 die
1439 971 1505 1013 am·

239 1059 422 1118 municionis
453 1058 626 1132 prelibatos
656 1057 812 1116 Thomam
843 1062 982 1116 sutorem
1012 1074 1048 1116 ac
1070 1057 1262 1133 Stephanum
1285 1060 1351 1117 Lah
1374 1067 1405 1118 et
1427 1062 1506 1120 alios

239 1165 439 1239 prescriptos,
469 1179 528 1238 pro
559 1169 633 1222 tunc
656 1180 730 1237 erga
752 1165 858 1238 ipsum
886 1169 1028 1238 repertos
1057 1169 1087 1223 et
1116 1165 1266 1238 inventos,
1289 1164 1328 1224 ad
1351 1163 1507 1242 justiciam

239 1271 478 1344 prohibuissent.
501 1271 619 1329 Datum
642 1271 793 1344 Zagrabie
816 1274 904 1328 sexto
927 1269 977 1328 die
1000 1270 1062 1329 diei
1084 1271 1321 1330 ammonicionis
1343 1278 1374 1330 et
1396 1261 1506 1348 prohiss

238 1375 369 1434 bicionis
392 1381 632 1451 prenotatarum.
657 1379 745 1436 Anno
768 1376 887 1436 domini
909 1375 1080 1435 millesimo
1106 1375 1412 1450 quadringentesimo
1435 1394 1504 1454 sep·

239 1484 412 1556 tuagesimo
435 1485 552 1558 quintu.

342 1671 477 1735 Originale
490 1671 518 1720 iu
530 1670 626 1726 charta.
639 1671 668 1720 A
677 1677 750 1736 tergo
762 1671 872 1736 vestigia
890 1679 1000 1736 quatuor
1017 1671 1170 1736 sigillorum.
1189 1675 1222 1722 In
1239 1673 1335 1723 archiv.
1354 1689 1411 1725 ven.
1424 1673 1494 1738 cupit

237 1758 299 1810 eccl.
319 1761 421 1824 zagrnb.
440 1761 502 1812 Act.
522 1759 586 1825 Cap.
605 1767 658 1810 ant.
678 1762 740 1813 fasc.
763 1770 801 1813 10.
822 1777 859 1812 nr.
883 1771 923 1828 15.

820 2043 917 2113 300.

342 2238 423 2287 Anno
444 2237 519 2303 1476,
541 2238 581 2292 16.
597 2237 680 2303 Junii.
699 2237 796 2291 Budae.

236 2382 381 2454 Mathias,
402 2383 580 2456 Hungarriae
602 2389 650 2440 etc.
673 2401 734 2440 rex.
757 2383 905 2441 comitatui
923 2383 1046 2456 aagrab.
1070 2385 1195 2459 imperat
1215 2392 1250 2442 ut
1269 2403 1502 2462 unamquamque

236 2508 446 2566 communitatis
467 2507 594 2565 civitatis
615 2508 718 2565 montis
747 2505 898 2566 Greccnsis
912 2508 1119 2582 querimoniam
1135 2509 1215 2567 amni
1229 2516 1352 2583 tempore
1365 2509 1500 2584 exceptat.

983 2664 1025 2714 De
1043 2663 1222 2714 commissione
1241 2664 1340 2714 domini
1354 2663 1431 2729 regis.

342 2766 473 2852 Mathias
497 2791 547 2852 dei
565 2793 670 2868 gracia
685 2810 741 2853 rex
756 2793 914 2867 Hungarie
925 2765 959 2853 ⁴et
974 2793 1121 2853 Bohemie
1137 2800 1193 2854 etc.
1209 2795 1370 2854 Fidelibus
1385 2794 1500 2853 nostris

235 2899 343 2958 comiti
377 2899 428 2957 vel
462 2899 637 2958 vicecomiti
671 2904 701 2958 et
730 2897 886 2975 judicibus
907 2901 1065 2960 nobilium
1097 2901 1261 2960 comitatus
1284 2901 1500 2975 zagrabiensia,

234 3005 370 3064 salutem
393 3010 423 3064 et
445 3007 592 3079 graciam.
614 3005 788 3080 Exponitur
812 3007 965 3065 maiestati
994 3012 1099 3066 nostre
1128 3007 1160 3066 in
1190 3008 1331 3082 personis
1357 3005 1501 3066 fidelium

201 3137 205 3144 ·
233 3117 412 3170 nostrorum
436 3111 733 3186 circumspectorum
756 3109 867 3189 judicis
882 3117 912 3170 et
927 3109 1102 3188 juratorum
1118 3113 1235 3171 civium
1250 3113 1383 3173 civitatis
1396 3117 1501 3171 nostre

234 3217 347 3276 montis
370 3215 533 3277 Grecensis
556 3217 714 3294 quomodo
737 3233 794 3276 vos
815 3217 848 3276 in
871 3233 980 3276 eorum
996 3219 1104 3291 causis,
1119 3219 1263 3292 negociis,
1278 3217 1407 3295 juribus,
1424 3217 1501 3276 dum

233 3338 290 3382 vos
321 3324 381 3398 ipsi
412 3323 571 3398 requirent
599 3328 629 3382 et
660 3329 799 3383 vestrum
829 3325 988 3383 hominem
1019 3325 1143 3384 mittere
1170 3339 1232 3384 non
1263 3325 1386 3384 velletis
1416 3339 1500 3382 com-

234 3445 362 3488 munem
392 3427 548 3505 justiciam
578 3430 654 3504 ipsis
685 3431 809 3505 penitus
842 3431 1046 3504 abnegantes;
1081 3447 1153 3490 cum
1186 3437 1291 3490 autem
1325 3429 1500 3490 communis

230 3531 354 3611 justicia
381 3535 500 3596 nemini
530 3535 570 3596 sit
599 3536 799 3610 abneganda,
828 3536 899 3596 ideo
930 3537 1074 3597 fidelitati
1105 3543 1208 3596 vestre
1238 3536 1371 3596 firmiter
1401 3535 1499 3611 preci·

231 3641 350 3716 pientes
372 3641 569 3719 mandamus,
599 3649 751 3716 quatenus
781 3644 913 3718 receptis
936 3644 1141 3717 presentibus,
1165 3643 1241 3701 dum
1264 3648 1294 3701 et
1317 3641 1440 3717 quando
1463 3655 1500 3700 ac

232 3749 514 3823 quocienscumque
545 3763 604 3825 pro
635 3755 723 3824 parte
754 3749 936 3808 eorumdem
968 3749 1084 3808 civium
1107 3755 1285 3808 nostrorum
1309 3747 1429 3806 fueritis
1451 3763 1499 3806 re·

232 3855 346 3928 quisiti,
376 3851 495 3914 eisdem
526 3855 558 3916 in
592 3855 738 3914 omnibus
770 3857 869 3915 causis
901 3861 931 3914 et
959 3853 1081 3932 juribus
1114 3857 1256 3930 ipsorum
1285 3852 1373 3932 juxta
1396 3854 1499 3928 legem

230 3966 324 4036 atque
347 3961 600 4021 consuetudinem
624 3963 712 4035 regni
734 3963 833 4021 nostri
856 3967 976 4021 vestros
998 3963 1141 4022 homines
1164 3961 1380 4032 transmittere,
1404 3961 1495 4034 ipsis·

231 4083 292 4142 que
314 4068 400 4126 iuxta
422 4065 590 4126 tassionem
612 4067 793 4126 huiusmodi
826 4069 990 4126 hominurn
1020 4074 1197 4128 vestrorum
1227 4068 1349 4126 litteras
1379 4079 1496 4140 oppor·
1584 4057 1589 4064 ’

230 4179 319 4232 tunas
343 4179 374 4232 et
396 4175 588 4232 necessarias
611 4173 686 4233 dare
707 4178 738 4233 et
761 4176 898 4233 emanari
920 4174 1022 4233 facere
1037 4175 1185 4248 debeatis,
1202 4173 1360 4232 communi
1375 4171 1499 4249 justicia

231 4281 423 4353 requirente;
446 4287 588 4338 caventes
611 4285 716 4339 tamen
737 4296 777 4339 ne
799 4279 885 4338 fraus
900 4287 953 4338 aut
970 4280 1060 4339 dolus
1077 4280 1190 4340 exinde
1212 4281 1330 4338 oriatur
1351 4277 1496 4352 aliquale.

229 4385 323 4444 Secus
353 4401 415 4445 non
444 4386 563 4446 facturi.
594 4388 792 4446 Presentibus
822 4387 976 4462 perlectis,
998 4389 1158 4447 exhibenti
1188 4386 1348 4446 restitutis.
1378 4385 1496 4445 Datum

228 4491 314 4550 Bude
337 4492 464 4551 domina
479 4486 577 4571 (post)
593 4493 708 4552 festum
723 4495 924 4552 sacratissimi
943 4495 1083 4569 corporis
1098 4495 1223 4552 Christi.
1244 4495 1335 4551 Anno
1357 4492 1496 4551 eiusdem

190 4603 198 4616 '
228 4598 399 4658 millesimo
423 4599 728 4674 quadringentesimo
751 4600 982 4675 septuagesimo
1003 4605 1099 4660 sexto.
1123 4601 1302 4672 Regnorum
1317 4604 1497 4658 nostrorum

228 4719 308 4764 anno
332 4706 492 4780 Hungarie
515 4711 570 4764 etc.
595 4707 716 4766 decimo
739 4721 830 4780 nono,
854 4707 1000 4765 Bohemie
1022 4721 1098 4765 vero
1121 4711 1241 4764 octavo.

332 4912 468 4977 Originale
485 4913 514 4963 in
533 4913 630 4979 charta,
648 4921 688 4964 sat
706 4930 819 4967 exesum.
839 4915 872 4963 In
890 4914 1006 4978 margine
1023 4913 1140 4964 inferiori
1149 4913 1304 4978 impressum
1315 4918 1356 4963 est
1371 4911 1495 4977 sigillum.

226 5001 259 5050 In
277 5001 393 5051 archivio
410 5001 456 5052 lib.
476 5019 530 5067 reg.
545 5003 616 5055 civit.
635 5003 737 5068 zagrnb.
