3930 5802
718 552 789 609 Doc.
815 563 883 625 159.
903 581 943 592 -
967 549 1024 607 An.
1048 559 1135 624 1451.

889 867 966 940 159.

401 1068 482 1116 Auno
507 1079 581 1132 1451,
608 1075 645 1130 17.
668 1067 789 1130 Augusti.
810 1066 956 1130 Zagrabine.

301 1210 508 1270 communitate
541 1211 668 1269 cc'oitatis
697 1211 800 1268 montis
838 1209 990 1268 Grecensis
1019 1217 1162 1283 precante,
1193 1211 1345 1268 comitatus
1366 1209 1568 1294 cagrabiensis¹

295 1318 476 1392 inquisitione
498 1318 661 1388 constricto,
684 1317 851 1391 fflntngnm
874 1317 933 1373 iam
955 1316 1178 1389 condemnatum,
1194 1335 1214 1373 a
1230 1316 1436 1375 mercatoribus
1452 1333 1560 1390 cagra-

624 1423 763 1481 biensibus
787 1423 923 1481 tribunum
946 1430 1093 1496 exposcere
1114 1425 1228 1498 ropen't.

402 1583 466 1643 Nos
489 1585 651 1659 Georgius,
675 1585 759 1644 filius
782 1585 922 1645 Farkasii
943 1585 982 1644 de
1005 1586 1111 1658 Ebres,
1135 1600 1239 1644 comes
1262 1599 1298 1643 11
1332 1582 1450 1660 judices
1472 1584 1561 1642 nobi-

298 1689 376 1748 lium
400 1691 565 1750 comitatus
587 1691 803 1764 zagrabiensis.
826 1691 976 1749 Memorie
999 1689 1264 1762 commendamus,
1287 1689 1372 1765 quod
1411 1705 1483 1748 cum
1504 1705 1562 1749 nos

299 1795 338 1853 ad
361 1797 526 1856 instantem
549 1798 734 1872 peticionem
756 1795 875 1872 judicis,
910 1795 1086 1873 juratorum
1120 1811 1157 1855 11
1190 1797 1410 1855 universorum
1444 1796 1561 1853 civium

297 1902 410 1960 montis
436 1902 598 1962 Grecensis
622 1903 660 1962 de
689 1901 776 1980 juxta
806 1904 1001 1977 Zagrabiam‚
1025 1902 1194 1976 Georgium
1227 1903 1393 1962 Marethith
1428 1901 1466 1960 de
1489 1901 1561 1958 Clo·

297 2004 385 2077 koch,
412 2023 509 2066 unum
533 2025 571 2067 ex
593 2011 693 2084 nobis,
716 2025 803 2068 secus
836 2008 973 2086 judicem
1002 2009 1166 2083 nobilium,
1197 2009 1237 2067 ad
1260 2008 1489 2082 infrascriptam
1514 2007 1559 2066 in·

297 2113 853 2185 1111111111111111111111111111111
886 2121 992 2174 nostra
1026 2113 1189 2192 judiciaria
1225 2116 1377 2188 legittime
1411 2113 1561 2172 destinas·

296 2233 409 2291 semus,
440 2220 565 2280 tandem
589 2222 672 2280 idem
695 2223 735 2281 ad
758 2238 814 2281 nos
837 2221 948 2281 exinde
971 2237 1114 2282 reversus
1136 2223 1227 2282 nobis
1248 2221 1368 2280 retullit
1391 2235 1427 2279 eo
1451 2219 1560 2278 modo:

296 2332 331 2382 ut
353 2327 420 2400 ipse
443 2330 483 2386 ab
506 2329 661 2402 omnibus,
686 2330 800 2404 quibus
823 2329 973 2387 decuisset
1006 2335 1037 2386 et
1069 2329 1218 2401 licuisset,
1244 2329 1351 2403 palam
1375 2331 1406 2386 et
1440 2325 1562 2384 occulte

298 2430 461 2504 diligenter
485 2435 678 2508 inquirendo,
703 2437 797 2495 talem
821 2435 859 2496 de
881 2435 1089 2512 inirascriptis
1111 2435 1250 2494 scivisset
1282 2435 1460 2492 veritatem:
1484 2445 1560 2506 quo·

298 2538 392 2596 modo
415 2540 487 2598 iicet
509 2542 589 2604 inter
612 2543 697 2617 ipsos
721 2541 865 2618 judicem,
887 2541 1005 2618 juratos
1028 2558 1064 2601 ac
1087 2543 1170 2602 cives
1194 2543 1235 2600 ab
1249 2556 1310 2600 una
1328 2546 1358 2598 et
1374 2541 1452 2598 inter
1475 2553 1560 2610 egre·

297 2645 384 2716 glum
407 2646 583 2720 Hennyngh
606 2648 644 2706 de
676 2647 876 2708 Zomzedwar
909 2650 1034 2708 racione
1069 2654 1100 2706 et
1135 2653 1279 2722 pretextu
1315 2644 1511 2710 ciecucionis
1532 2645 1563 2700 et

297 2751 485 2824 recepcionis
509 2768 544 2811 11
567 2754 734 2814 1111111111
768 2752 876 2814 tributi
907 2755 954 2828 111,
992 2755 1226 2828 questionisque
1261 2754 1390 2812 materia
1425 2753 1456 2809 in
1490 2748 1562 2807 sede

298 2856 435 2916 crisiensi
479 2861 616 2932 primum
651 2865 681 2920 et
713 2859 839 2920 tandem
881 2861 1008 2920 insede
1043 2861 1246 2934 zagrabiensi‚
1283 2866 1366 2931 mota
1403 2857 1496 2916 fuerit
1530 2859 1561 2912 et

298 2969 405 3022 exorta
428 2981 463 3023 ac
493 2967 621 3025 minime
651 2969 731 3026 inter
769 2983 820 3026 eos
855 2968 991 3025 extiterit
1025 2967 1127 3025 decisa
1162 2974 1191 3026 et
1226 2967 1398 3036 terminata,
1433 2965 1562 3036 ipseque

298 3071 473 3145 Hennyngh
496 3089 552 3147 per
586 3074 711 3132 easdem
745 3075 924 3133 crisiensem
959 3079 988 3132 et
1019 3074 1250 3146 zagrabieusem
1280 3072 1368 3130 sedes
1398 3085 1470 3128 cum
1496 3067 1563 3126 uni·

298 3179 396 3236 versis
419 3180 591 3238 tributariis
613 3186 643 3238 et
666 3181 845 3242 hominibus
866 3181 930 3238 suis
954 3196 972 3238 a
1009 3181 1169 3254 peticione,
1206 3180 1386 3252 recepcione
1409 3181 1439 3236 et
1462 3179 1562 3234 extra·

299 3281 425 3342 dacione
448 3285 545 3358 ipsius
577 3287 685 3344 tributi
707 3301 724 3342 a
748 3286 877 3360 pretatis
900 3286 1021 3344 civibus
1044 3291 1180 3360 pretacte
1203 3285 1335 3344 civitatis
1359 3298 1394 3341 11
1416 3282 1510 3341 rebus
1533 3285 1564 3340 et

298 3389 388 3448 bonis
410 3391 552 3464 ipsorum
585 3391 702 3450 tamdiu
727 3392 876 3450 inhibitus
899 3396 929 3449 et
952 3396 1103 3450 arestatus
1127 3391 1242 3462 fuisset,
1267 3405 1429 3464 quousque
1452 3387 1561 3446 eadem

298 3495 337 3554 lis
359 3502 389 3554 et
412 3499 580 3571 questionis
603 3499 733 3558 materia
756 3499 878 3558 racione
901 3497 1041 3556 eiusdem
1064 3498 1172 3558 tributi
1193 3499 1272 3556 inter
1294 3497 1379 3570 ipsos
1403 3495 1504 3554 decisa
1533 3498 1563 3552 et

299 3605 462 3662 terminata
485 3604 599 3663 fuisset.
623 3605 741 3662 Tamen
769 3604 853 3663 idem
876 3605 1031 3678 Hennyng
1052 3619 1113 3663 non
1151 3609 1311 3678 expectata
1345 3603 1499 3662 decisione
1533 3607 1563 3659 et

299 3710 517 3769 terminacione
533 3712 631 3784 ipsius
654 3712 718 3770 litis
734 3728 787 3770 seu
811 3727 901 3770 cause
917 3712 979 3784 sed,
997 3718 1029 3769 ut
1045 3711 1224 3786 predicitur,
1248 3711 1328 3769 inter
1351 3711 1435 3784 ipsos
1451 3709 1562 3769 eadem

298 3816 352 3874 lite
375 3833 428 3874 seu
453 3833 544 3876 causa
567 3818 728 3892 pendente,
752 3818 871 3876 dictum
894 3819 1047 3876 tributum
1071 3820 1111 3877 ab
1135 3820 1252 3878 eisdem
1276 3817 1503 3891 exponentibus
1527 3831 1563 3874 ac

297 3923 391 3980 rebus
407 3929 435 3981 et
452 3924 542 3983 bonis
565 3925 746 3984 eorumdem
771 3940 828 3998 pro
845 3941 877 3982 se
893 3926 962 3999 ipso
977 3926 1073 3999 recipi
1090 3930 1119 3983 et
1134 3926 1216 3997 exigi
1232 3925 1363 3998 iecisset,
1389 3923 1563 3996 faceretque

299 4029 395 4090 eciam
420 4028 458 4088 de
474 4033 609 4104 presenti
643 4033 784 4105 potencia
808 4031 971 4104 mediante,
994 4033 1024 4092 11
1049 4031 1255 4106 preludicium
1276 4031 1431 4089 dictorum
1447 4029 1563 4088 civium

300 4141 330 4193 et
353 4135 525 4209 dampnum
549 4137 757 4197 manifestum.
790 4139 905 4196 Datum
929 4138 1080 4212 Zagrabie
1103 4138 1179 4196 feria
1203 4138 1296 4196 tercia
1319 4138 1463 4212 proxima
1494 4143 1564 4196 ante

299 4240 413 4300 festum
437 4243 526 4302 beate
556 4244 650 4302 Elene
674 4245 786 4316 regine.
812 4247 900 4303 Auno
924 4244 1043 4303 domini
1067 4244 1235 4302 Millesimo
1259 4243 1563 4317 quadringentesimo

300 4349 556 4422 quinquagesimo
579 4353 690 4426 primo.
720 4341 722 4348 ⁴

405 4539 538 4603 Originale
556 4540 584 4588 iu
604 4540 699 4600 charta.
719 4541 867 4604 Vestigium
885 4541 993 4589 duorum
1011 4539 1155 4603 sigillorum
1173 4547 1298 4605 apparent
1317 4557 1332 4589 a
1351 4547 1429 4603 tergo.
1450 4541 1482 4588 In
1494 4539 1562 4588 arch.

300 4627 345 4678 lib.
365 4644 417 4692 reg.
437 4629 485 4678 civ.
505 4629 604 4692 nagrab.
