<?xml version="1.0" encoding="UTF-8"?>
<!DOCTYPE html PUBLIC "-//W3C//DTD XHTML 1.0 Transitional//EN"
    "http://www.w3.org/TR/xhtml1/DTD/xhtml1-transitional.dtd">
<html xmlns="http://www.w3.org/1999/xhtml" xml:lang="en" lang="en">
 <head>
  <title>
</title>
<meta http-equiv="Content-Type" content="text/html;charset=utf-8" />
  <meta name='ocr-system' content='tesseract 3.04.00' />
  <meta name='ocr-capabilities' content='ocr_page ocr_carea ocr_par ocr_line ocrx_word'/>
</head>
<body>
  <div class='ocr_page' id='page_1' title='image "./monumentahistor20laszgoog_0768.png"; bbox 0 0 3764 5924; ppageno 0'>
   <div class='ocr_carea' id='block_1_1' title="bbox 698 577 1132 664">
    <p class='ocr_par' dir='ltr' id='par_1_1' title="bbox 698 577 1132 664">
     <span class='ocr_line' id='line_1_1' title="bbox 698 577 1132 664; baseline -0.016 -21"><span class='ocrx_word' id='word_1_1' title='bbox 698 585 764 643; x_wconf 75' lang='lat' dir='ltr'>Dec</span> <span class='ocrx_word' id='word_1_2' title='bbox 788 578 869 664; x_wconf 67' lang='lat'>336.</span> <span class='ocrx_word' id='word_1_3' title='bbox 897 615 927 626; x_wconf 87' lang='lat'>--</span> <span class='ocrx_word' id='word_1_4' title='bbox 959 582 1016 642; x_wconf 78' lang='lat' dir='ltr'>An.</span> <span class='ocrx_word' id='word_1_5' title='bbox 1041 577 1132 658; x_wconf 79' lang='lat'><em>1496.</em></span> 
     </span>
    </p>
   </div>
   <div class='ocr_carea' id='block_1_2' title="bbox 1468 591 1529 655">
    <p class='ocr_par' dir='ltr' id='par_1_2' title="bbox 1468 591 1529 655">
     <span class='ocr_line' id='line_1_2' title="bbox 1468 591 1529 655; baseline -0.016 -7"><span class='ocrx_word' id='word_1_6' title='bbox 1468 591 1529 655; x_wconf 80' lang='lat'>509</span> 
     </span>
    </p>
   </div>
   <div class='ocr_carea' id='block_1_3' title="bbox 270 694 616 712">
    <p class='ocr_par' dir='ltr' id='par_1_3' title="bbox 270 694 616 712">
     <span class='ocr_line' id='line_1_3' title="bbox 270 694 616 712; baseline -0.012 -7"><span class='ocrx_word' id='word_1_7' title='bbox 270 694 616 712; x_wconf 73' lang='lat'><em>—--—----—-</em></span> 
     </span>
    </p>
   </div>
   <div class='ocr_carea' id='block_1_4' title="bbox 217 793 1539 2258">
    <p class='ocr_par' dir='ltr' id='par_1_4' title="bbox 217 793 1539 2258">
     <span class='ocr_line' id='line_1_4' title="bbox 266 793 1532 888; baseline -0.011 -16"><span class='ocrx_word' id='word_1_8' title='bbox 266 821 296 873; x_wconf 88' lang='lat' dir='ltr'>et</span> <span class='ocrx_word' id='word_1_9' title='bbox 307 807 563 888; x_wconf 80' lang='lat' dir='ltr'>provenientibus</span> <span class='ocrx_word' id='word_1_10' title='bbox 579 802 753 874; x_wconf 86' lang='lat' dir='ltr'>tenendam,</span> <span class='ocrx_word' id='word_1_11' title='bbox 769 799 988 876; x_wconf 86' lang='lat' dir='ltr'>possidendam</span> <span class='ocrx_word' id='word_1_12' title='bbox 1001 797 1117 871; x_wconf 87' lang='lat' dir='ltr'>pariter</span> <span class='ocrx_word' id='word_1_13' title='bbox 1131 801 1160 853; x_wconf 90' lang='lat' dir='ltr'>et</span> <span class='ocrx_word' id='word_1_14' title='bbox 1172 793 1348 854; x_wconf 85' lang='lat' dir='ltr'>habendam</span> <span class='ocrx_word' id='word_1_15' title='bbox 1361 797 1405 872; x_wconf 72' lang='lat' dir='ltr'>ita</span> <span class='ocrx_word' id='word_1_16' title='bbox 1420 803 1532 874; x_wconf 88' lang='lat' dir='ltr'>tamen,</span> 
     </span>
     <span class='ocr_line' id='line_1_5' title="bbox 266 901 1533 994; baseline -0.011 -17"><span class='ocrx_word' id='word_1_17' title='bbox 266 917 351 994; x_wconf 88' lang='lat' dir='ltr'>quod</span> <span class='ocrx_word' id='word_1_18' title='bbox 374 915 475 974; x_wconf 88' lang='lat' dir='ltr'>dictus</span> <span class='ocrx_word' id='word_1_19' title='bbox 491 911 661 985; x_wconf 81' lang='lat' dir='ltr'>Gregorius</span> <span class='ocrx_word' id='word_1_20' title='bbox 683 907 818 968; x_wconf 90' lang='lat' dir='ltr'>Shedina</span> <span class='ocrx_word' id='word_1_21' title='bbox 833 906 988 979; x_wconf 88' lang='lat' dir='ltr'>ceterique</span> <span class='ocrx_word' id='word_1_22' title='bbox 1010 901 1149 962; x_wconf 89' lang='lat' dir='ltr'>eiusdem</span> <span class='ocrx_word' id='word_1_23' title='bbox 1173 901 1285 960; x_wconf 91' lang='lat' dir='ltr'>domus</span> <span class='ocrx_word' id='word_1_24' title='bbox 1301 906 1444 976; x_wconf 82' lang='lat' dir='ltr'>teniores,</span> <span class='ocrx_word' id='word_1_25' title='bbox 1462 921 1533 979; x_wconf 90' lang='lat' dir='ltr'>pos·</span> 
     </span>
     <span class='ocr_line' id='line_1_6' title="bbox 266 1007 1533 1093; baseline -0.011 -9"><span class='ocrx_word' id='word_1_26' title='bbox 266 1037 409 1093; x_wconf 87' lang='lat' dir='ltr'>sessores,</span> <span class='ocrx_word' id='word_1_27' title='bbox 432 1019 562 1093; x_wconf 81' lang='lat' dir='ltr'>singulis</span> <span class='ocrx_word' id='word_1_28' title='bbox 585 1017 672 1076; x_wconf 89' lang='lat' dir='ltr'>annis</span> <span class='ocrx_word' id='word_1_29' title='bbox 695 1013 853 1090; x_wconf 86' lang='lat' dir='ltr'>perpetuis</span> <span class='ocrx_word' id='word_1_30' title='bbox 876 1009 988 1069; x_wconf 85' lang='lat' dir='ltr'>futuris</span> <span class='ocrx_word' id='word_1_31' title='bbox 1012 1009 1206 1082; x_wconf 87' lang='lat' dir='ltr'>temporibus</span> <span class='ocrx_word' id='word_1_32' title='bbox 1229 1009 1260 1066; x_wconf 93' lang='lat' dir='ltr'>in</span> <span class='ocrx_word' id='word_1_33' title='bbox 1284 1007 1362 1067; x_wconf 88' lang='lat' dir='ltr'>lesto</span> <span class='ocrx_word' id='word_1_34' title='bbox 1375 1011 1459 1070; x_wconf 81' lang='lat' dir='ltr'>beati</span> <span class='ocrx_word' id='word_1_35' title='bbox 1475 1011 1533 1070; x_wconf 88' lang='lat' dir='ltr'>Ge·</span> 
     </span>
     <span class='ocr_line' id='line_1_7' title="bbox 268 1108 1534 1205; baseline -0.011 -15"><span class='ocrx_word' id='word_1_36' title='bbox 268 1131 348 1205; x_wconf 85' lang='lat' dir='ltr'>orgii</span> <span class='ocrx_word' id='word_1_37' title='bbox 373 1125 510 1186; x_wconf 87' lang='lat' dir='ltr'>martiris</span> <span class='ocrx_word' id='word_1_38' title='bbox 541 1139 636 1183; x_wconf 90' lang='lat' dir='ltr'>unum</span> <span class='ocrx_word' id='word_1_39' title='bbox 665 1127 790 1180; x_wconf 87' lang='lat' dir='ltr'>ortonea</span> <span class='ocrx_word' id='word_1_40' title='bbox 826 1125 857 1177; x_wconf 92' lang='lat' dir='ltr'>et</span> <span class='ocrx_word' id='word_1_41' title='bbox 883 1117 991 1190; x_wconf 87' lang='lat' dir='ltr'>viginti</span> <span class='ocrx_word' id='word_1_42' title='bbox 1015 1115 1132 1174; x_wconf 89' lang='lat' dir='ltr'>solidos</span> <span class='ocrx_word' id='word_1_43' title='bbox 1155 1129 1209 1172; x_wconf 91' lang='lat' dir='ltr'>seu</span> <span class='ocrx_word' id='word_1_44' title='bbox 1243 1108 1534 1192; x_wconf 77' lang='lat' dir='ltr'>denarios‘hunga·</span> 
     </span>
     <span class='ocr_line' id='line_1_8' title="bbox 217 1221 1535 1308; baseline -0.011 -11"><span class='ocrx_word' id='word_1_45' title='bbox 217 1268 219 1272; x_wconf 31' lang='grc' dir='ltr'><em>ν</em></span> <span class='ocrx_word' id='word_1_46' title='bbox 269 1237 381 1296; x_wconf 88' lang='lat' dir='ltr'>ricales</span> <span class='ocrx_word' id='word_1_47' title='bbox 403 1247 461 1308; x_wconf 91' lang='lat' dir='ltr'>pro</span> <span class='ocrx_word' id='word_1_48' title='bbox 492 1237 633 1304; x_wconf 90' lang='lat' dir='ltr'>tempore</span> <span class='ocrx_word' id='word_1_49' title='bbox 663 1233 820 1286; x_wconf 86' lang='lat' dir='ltr'>currentes</span> <span class='ocrx_word' id='word_1_50' title='bbox 852 1223 1043 1295; x_wconf 89' lang='lat' dir='ltr'>totidemque</span> <span class='ocrx_word' id='word_1_51' title='bbox 1075 1221 1157 1279; x_wconf 89' lang='lat' dir='ltr'>beati</span> <span class='ocrx_word' id='word_1_52' title='bbox 1183 1221 1305 1280; x_wconf 91' lang='lat' dir='ltr'>Martini</span> <span class='ocrx_word' id='word_1_53' title='bbox 1336 1225 1474 1299; x_wconf 90' lang='lat' dir='ltr'>episcopi</span> <span class='ocrx_word' id='word_1_54' title='bbox 1505 1231 1535 1286; x_wconf 88' lang='lat' dir='ltr'>et</span> 
     </span>
     <span class='ocr_line' id='line_1_9' title="bbox 269 1325 1534 1409; baseline -0.009 -8"><span class='ocrx_word' id='word_1_55' title='bbox 269 1341 469 1409; x_wconf 78' lang='lat' dir='ltr'>confessoris3</span> <span class='ocrx_word' id='word_1_56' title='bbox 491 1351 609 1395; x_wconf 89' lang='lat' dir='ltr'>necnon</span> <span class='ocrx_word' id='word_1_57' title='bbox 633 1335 692 1392; x_wconf 85' lang='lat' dir='ltr'>tria</span> <span class='ocrx_word' id='word_1_58' title='bbox 708 1343 845 1390; x_wconf 87' lang='lat' dir='ltr'>munera:</span> <span class='ocrx_word' id='word_1_59' title='bbox 862 1328 1008 1387; x_wconf 86' lang='lat' dir='ltr'>videlicet</span> <span class='ocrx_word' id='word_1_60' title='bbox 1023 1327 1054 1385; x_wconf 93' lang='lat' dir='ltr'>in</span> <span class='ocrx_word' id='word_1_61' title='bbox 1071 1325 1149 1384; x_wconf 84' lang='lat' dir='ltr'>festo</span> <span class='ocrx_word' id='word_1_62' title='bbox 1165 1326 1281 1385; x_wconf 91' lang='lat' dir='ltr'>Pasche</span> <span class='ocrx_word' id='word_1_63' title='bbox 1303 1325 1422 1390; x_wconf 90' lang='lat' dir='ltr'>domini</span> <span class='ocrx_word' id='word_1_64' title='bbox 1438 1348 1534 1392; x_wconf 90' lang='lat' dir='ltr'>unum</span> 
     </span>
     <span class='ocr_line' id='line_1_10' title="bbox 272 1431 1535 1512; baseline -0.013 -5"><span class='ocrx_word' id='word_1_65' title='bbox 272 1461 397 1507; x_wconf 89' lang='lat' dir='ltr'>caseum</span> <span class='ocrx_word' id='word_1_66' title='bbox 429 1446 556 1512; x_wconf 90' lang='lat' dir='ltr'>bonum,</span> <span class='ocrx_word' id='word_1_67' title='bbox 586 1439 721 1500; x_wconf 88' lang='lat' dir='ltr'>sedecim</span> <span class='ocrx_word' id='word_1_68' title='bbox 744 1451 804 1495; x_wconf 87' lang='lat' dir='ltr'>ova</span> <span class='ocrx_word' id='word_1_69' title='bbox 827 1451 863 1494; x_wconf 90' lang='lat' dir='ltr'>ac</span> <span class='ocrx_word' id='word_1_70' title='bbox 886 1449 945 1508; x_wconf 92' lang='lat' dir='ltr'>pro</span> <span class='ocrx_word' id='word_1_71' title='bbox 969 1447 1030 1492; x_wconf 90' lang='lat' dir='ltr'>uno</span> <span class='ocrx_word' id='word_1_72' title='bbox 1053 1431 1182 1490; x_wconf 85' lang='lat' dir='ltr'>denario</span> <span class='ocrx_word' id='word_1_73' title='bbox 1206 1447 1301 1506; x_wconf 85' lang='lat' dir='ltr'>panes</span> <span class='ocrx_word' id='word_1_74' title='bbox 1325 1449 1383 1508; x_wconf 91' lang='lat' dir='ltr'>pro</span> <span class='ocrx_word' id='word_1_75' title='bbox 1407 1453 1535 1498; x_wconf 76' lang='lat' dir='ltr'>munere</span> 
     </span>
     <span class='ocr_line' id='line_1_11' title="bbox 278 1538 1534 1630; baseline -0.007 -16"><span class='ocrx_word' id='word_1_76' title='bbox 278 1555 399 1630; x_wconf 91' lang='lat' dir='ltr'>primo;</span> <span class='ocrx_word' id='word_1_77' title='bbox 421 1565 480 1627; x_wconf 93' lang='lat' dir='ltr'>pro</span> <span class='ocrx_word' id='word_1_78' title='bbox 503 1548 638 1609; x_wconf 91' lang='lat' dir='ltr'>secundo</span> <span class='ocrx_word' id='word_1_79' title='bbox 670 1551 774 1605; x_wconf 88' lang='lat' dir='ltr'>autem</span> <span class='ocrx_word' id='word_1_80' title='bbox 797 1557 925 1602; x_wconf 90' lang='lat' dir='ltr'>munere</span> <span class='ocrx_word' id='word_1_81' title='bbox 948 1540 1094 1599; x_wconf 85' lang='lat' dir='ltr'>videlicet</span> <span class='ocrx_word' id='word_1_82' title='bbox 1116 1540 1147 1598; x_wconf 95' lang='lat' dir='ltr'>in</span> <span class='ocrx_word' id='word_1_83' title='bbox 1171 1538 1249 1598; x_wconf 80' lang='lat' dir='ltr'>festo</span> <span class='ocrx_word' id='word_1_84' title='bbox 1272 1540 1355 1599; x_wconf 90' lang='lat' dir='ltr'>beati</span> <span class='ocrx_word' id='word_1_85' title='bbox 1386 1541 1534 1618; x_wconf 84' lang='lat' dir='ltr'>Stephani</span> 
     </span>
     <span class='ocr_line' id='line_1_12' title="bbox 272 1645 1536 1734; baseline -0.012 -14"><span class='ocrx_word' id='word_1_86' title='bbox 272 1661 355 1734; x_wconf 85' lang='lat' dir='ltr'>regis</span> <span class='ocrx_word' id='word_1_87' title='bbox 377 1659 456 1717; x_wconf 90' lang='lat' dir='ltr'>duos</span> <span class='ocrx_word' id='word_1_88' title='bbox 479 1657 585 1730; x_wconf 92' lang='lat' dir='ltr'>pullos</span> <span class='ocrx_word' id='word_1_89' title='bbox 606 1652 733 1730; x_wconf 87' lang='lat' dir='ltr'>juvenes</span> <span class='ocrx_word' id='word_1_90' title='bbox 757 1652 856 1708; x_wconf 90' lang='lat' dir='ltr'>bonos</span> <span class='ocrx_word' id='word_1_91' title='bbox 871 1655 902 1706; x_wconf 86' lang='lat' dir='ltr'>et</span> <span class='ocrx_word' id='word_1_92' title='bbox 925 1663 983 1722; x_wconf 92' lang='lat' dir='ltr'>pro</span> <span class='ocrx_word' id='word_1_93' title='bbox 1007 1660 1069 1704; x_wconf 93' lang='lat' dir='ltr'>uno</span> <span class='ocrx_word' id='word_1_94' title='bbox 1093 1645 1218 1704; x_wconf 91' lang='lat' dir='ltr'>denario</span> <span class='ocrx_word' id='word_1_95' title='bbox 1243 1661 1354 1720; x_wconf 89' lang='lat' dir='ltr'>panes;</span> <span class='ocrx_word' id='word_1_96' title='bbox 1379 1649 1454 1707; x_wconf 91' lang='lat' dir='ltr'>item</span> <span class='ocrx_word' id='word_1_97' title='bbox 1477 1667 1536 1725; x_wconf 92' lang='lat' dir='ltr'>pro</span> 
     </span>
     <span class='ocr_line' id='line_1_13' title="bbox 276 1751 1536 1827; baseline -0.012 -1"><span class='ocrx_word' id='word_1_98' title='bbox 276 1781 404 1826; x_wconf 90' lang='lat' dir='ltr'>munere</span> <span class='ocrx_word' id='word_1_99' title='bbox 427 1764 523 1822; x_wconf 92' lang='lat' dir='ltr'>tercio</span> <span class='ocrx_word' id='word_1_100' title='bbox 545 1759 692 1819; x_wconf 83' lang='lat' dir='ltr'>videlicet</span> <span class='ocrx_word' id='word_1_101' title='bbox 715 1759 746 1816; x_wconf 94' lang='lat' dir='ltr'>in</span> <span class='ocrx_word' id='word_1_102' title='bbox 769 1755 848 1815; x_wconf 82' lang='lat' dir='ltr'>lesio</span> <span class='ocrx_word' id='word_1_103' title='bbox 878 1755 990 1814; x_wconf 90' lang='lat' dir='ltr'>natalis</span> <span class='ocrx_word' id='word_1_104' title='bbox 1020 1753 1148 1824; x_wconf 90' lang='lat' dir='ltr'>domini,</span> <span class='ocrx_word' id='word_1_105' title='bbox 1180 1751 1258 1811; x_wconf 89' lang='lat' dir='ltr'>duos</span> <span class='ocrx_word' id='word_1_106' title='bbox 1281 1767 1414 1827; x_wconf 90' lang='lat' dir='ltr'>capones</span> <span class='ocrx_word' id='word_1_107' title='bbox 1437 1757 1536 1820; x_wconf 85' lang='lat' dir='ltr'>bonos</span> 
     </span>
     <span class='ocr_line' id='line_1_14' title="bbox 274 1857 1534 1946; baseline -0.004 -16"><span class='ocrx_word' id='word_1_108' title='bbox 274 1879 304 1930; x_wconf 88' lang='lat' dir='ltr'>et</span> <span class='ocrx_word' id='word_1_109' title='bbox 326 1885 385 1946; x_wconf 90' lang='lat' dir='ltr'>pro</span> <span class='ocrx_word' id='word_1_110' title='bbox 418 1882 481 1927; x_wconf 93' lang='lat' dir='ltr'>uno</span> <span class='ocrx_word' id='word_1_111' title='bbox 515 1865 641 1924; x_wconf 87' lang='lat' dir='ltr'>denario</span> <span class='ocrx_word' id='word_1_112' title='bbox 676 1875 771 1938; x_wconf 90' lang='lat' dir='ltr'>panes</span> <span class='ocrx_word' id='word_1_113' title='bbox 804 1859 896 1918; x_wconf 90' lang='lat' dir='ltr'>nobis</span> <span class='ocrx_word' id='word_1_114' title='bbox 919 1873 954 1916; x_wconf 87' lang='lat' dir='ltr'>ac</span> <span class='ocrx_word' id='word_1_115' title='bbox 977 1857 1207 1917; x_wconf 88' lang='lat' dir='ltr'>successoribus</span> <span class='ocrx_word' id='word_1_116' title='bbox 1230 1859 1343 1917; x_wconf 91' lang='lat' dir='ltr'>nostris</span> <span class='ocrx_word' id='word_1_117' title='bbox 1366 1860 1534 1924; x_wconf 89' lang='lat' dir='ltr'>abbatibus</span> 
     </span>
     <span class='ocr_line' id='line_1_15' title="bbox 272 1965 1536 2051; baseline -0.003 -16"><span class='ocrx_word' id='word_1_118' title='bbox 272 1983 303 2036; x_wconf 92' lang='lat' dir='ltr'>et</span> <span class='ocrx_word' id='word_1_119' title='bbox 333 1975 394 2051; x_wconf 90' lang='lat' dir='ltr'>ipsi</span> <span class='ocrx_word' id='word_1_120' title='bbox 422 1979 529 2032; x_wconf 91' lang='lat' dir='ltr'>nostro</span> <span class='ocrx_word' id='word_1_121' title='bbox 551 1968 739 2028; x_wconf 90' lang='lat' dir='ltr'>monasterio</span> <span class='ocrx_word' id='word_1_122' title='bbox 762 1966 836 2024; x_wconf 88' lang='lat' dir='ltr'>dare</span> <span class='ocrx_word' id='word_1_123' title='bbox 859 1971 889 2023; x_wconf 91' lang='lat' dir='ltr'>et</span> <span class='ocrx_word' id='word_1_124' title='bbox 911 1965 1139 2023; x_wconf 80' lang='lat' dir='ltr'>amministrare</span> <span class='ocrx_word' id='word_1_125' title='bbox 1162 1965 1221 2023; x_wconf 89' lang='lat' dir='ltr'>sub</span> <span class='ocrx_word' id='word_1_126' title='bbox 1245 1981 1325 2040; x_wconf 88' lang='lat' dir='ltr'>pena</span> <span class='ocrx_word' id='word_1_127' title='bbox 1348 1965 1462 2044; x_wconf 90' lang='lat' dir='ltr'>duppll</span> <span class='ocrx_word' id='word_1_128' title='bbox 1485 1971 1536 2032; x_wconf 91' lang='lat' dir='ltr'>de·</span> 
     </span>
     <span class='ocr_line' id='line_1_16' title="bbox 273 2057 1539 2148; baseline -0.005 -5"><span class='ocrx_word' id='word_1_129' title='bbox 273 2085 391 2143; x_wconf 90' lang='lat' dir='ltr'>bebunt</span> <span class='ocrx_word' id='word_1_130' title='bbox 422 2087 453 2139; x_wconf 88' lang='lat' dir='ltr'>et</span> <span class='ocrx_word' id='word_1_131' title='bbox 484 2079 677 2146; x_wconf 87' lang='lat' dir='ltr'>tenebuntur,</span> <span class='ocrx_word' id='word_1_132' title='bbox 709 2057 860 2148; x_wconf 81' lang='lat' dir='ltr'>eruntque</span> <span class='ocrx_word' id='word_1_133' title='bbox 883 2071 1022 2144; x_wconf 90' lang='lat' dir='ltr'>obligati.</span> <span class='ocrx_word' id='word_1_134' title='bbox 1045 2071 1116 2128; x_wconf 90' lang='lat' dir='ltr'>Hoc</span> <span class='ocrx_word' id='word_1_135' title='bbox 1138 2085 1199 2130; x_wconf 94' lang='lat' dir='ltr'>non</span> <span class='ocrx_word' id='word_1_136' title='bbox 1223 2075 1432 2148; x_wconf 89' lang='lat' dir='ltr'>pretermisso,</span> <span class='ocrx_word' id='word_1_137' title='bbox 1455 2085 1489 2136; x_wconf 89' lang='lat' dir='ltr'>ut</span> <span class='ocrx_word' id='word_1_138' title='bbox 1512 2079 1539 2137; x_wconf 92' lang='lat' dir='ltr'>si</span> 
     </span>
     <span class='ocr_line' id='line_1_17' title="bbox 273 2178 1539 2258; baseline -0.011 -9"><span class='ocrx_word' id='word_1_139' title='bbox 273 2190 391 2248; x_wconf 91' lang='lat' dir='ltr'>dictum</span> <span class='ocrx_word' id='word_1_140' title='bbox 422 2185 609 2258; x_wconf 89' lang='lat' dir='ltr'>Gregorium</span> <span class='ocrx_word' id='word_1_141' title='bbox 642 2181 777 2240; x_wconf 90' lang='lat' dir='ltr'>Shedina</span> <span class='ocrx_word' id='word_1_142' title='bbox 800 2179 841 2238; x_wconf 90' lang='lat' dir='ltr'>ab</span> <span class='ocrx_word' id='word_1_143' title='bbox 872 2179 930 2237; x_wconf 88' lang='lat' dir='ltr'>hac</span> <span class='ocrx_word' id='word_1_144' title='bbox 960 2178 1030 2236; x_wconf 90' lang='lat' dir='ltr'>luce</span> <span class='ocrx_word' id='word_1_145' title='bbox 1065 2178 1200 2251; x_wconf 88' lang='lat' dir='ltr'>migrare</span> <span class='ocrx_word' id='word_1_146' title='bbox 1231 2180 1395 2254; x_wconf 84' lang='lat' dir='ltr'>continget,</span> <span class='ocrx_word' id='word_1_147' title='bbox 1427 2189 1539 2244; x_wconf 80' lang='lat' dir='ltr'>extunc</span> 
     </span>
    </p>
   </div>
   <div class='ocr_carea' id='block_1_5' title="bbox 273 2267 1659 2365">
    <p class='ocr_par' dir='ltr' id='par_1_5' title="bbox 273 2267 1659 2365">
     <span class='ocr_line' id='line_1_18' title="bbox 273 2267 1659 2365; baseline -0.004 -11"><span class='ocrx_word' id='word_1_148' title='bbox 273 2296 357 2354; x_wconf 88' lang='lat' dir='ltr'>idem</span> <span class='ocrx_word' id='word_1_149' title='bbox 388 2293 558 2365; x_wconf 81' lang='lat' dir='ltr'>Gregorius</span> <span class='ocrx_word' id='word_1_150' title='bbox 587 2287 721 2348; x_wconf 89' lang='lat' dir='ltr'>Shedina</span> <span class='ocrx_word' id='word_1_151' title='bbox 744 2286 929 2358; x_wconf 91' lang='lat' dir='ltr'>cuicumque</span> <span class='ocrx_word' id='word_1_152' title='bbox 960 2283 1106 2342; x_wconf 89' lang='lat' dir='ltr'>maluerit</span> <span class='ocrx_word' id='word_1_153' title='bbox 1140 2285 1172 2342; x_wconf 94' lang='lat' dir='ltr'>in</span> <span class='ocrx_word' id='word_1_154' title='bbox 1202 2283 1267 2342; x_wconf 84' lang='lat' dir='ltr'>vita</span> <span class='ocrx_word' id='word_1_155' title='bbox 1290 2285 1342 2344; x_wconf 88' lang='lat' dir='ltr'>rel</span> <span class='ocrx_word' id='word_1_156' title='bbox 1375 2287 1408 2346; x_wconf 92' lang='lat' dir='ltr'>in</span> <span class='ocrx_word' id='word_1_157' title='bbox 1438 2297 1539 2351; x_wconf 90' lang='lat' dir='ltr'>morte</span> <span class='ocrx_word' id='word_1_158' title='bbox 1647 2267 1659 2292; x_wconf 77' lang='grc'><strong>’</strong></span> 
     </span>
    </p>
   </div>
   <div class='ocr_carea' id='block_1_6' title="bbox 273 2391 1577 3748">
    <p class='ocr_par' dir='ltr' id='par_1_6' title="bbox 273 2391 1577 3748">
     <span class='ocr_line' id='line_1_19' title="bbox 274 2391 1539 2471; baseline -0.011 -10"><span class='ocrx_word' id='word_1_159' title='bbox 274 2401 389 2461; x_wconf 88' lang='lat' dir='ltr'>donare</span> <span class='ocrx_word' id='word_1_160' title='bbox 412 2415 466 2458; x_wconf 91' lang='lat' dir='ltr'>seu</span> <span class='ocrx_word' id='word_1_161' title='bbox 491 2399 597 2471; x_wconf 89' lang='lat' dir='ltr'>legare</span> <span class='ocrx_word' id='word_1_162' title='bbox 620 2393 673 2453; x_wconf 83' lang='lat' dir='ltr'>vel</span> <span class='ocrx_word' id='word_1_163' title='bbox 697 2393 839 2463; x_wconf 83' lang='lat' dir='ltr'>rendere,</span> <span class='ocrx_word' id='word_1_164' title='bbox 862 2403 996 2465; x_wconf 84' lang='lat' dir='ltr'>persone</span> <span class='ocrx_word' id='word_1_165' title='bbox 1019 2397 1123 2448; x_wconf 87' lang='lat' dir='ltr'>tamen</span> <span class='ocrx_word' id='word_1_166' title='bbox 1148 2391 1290 2462; x_wconf 88' lang='lat' dir='ltr'>seculari,</span> <span class='ocrx_word' id='word_1_167' title='bbox 1313 2398 1343 2456; x_wconf 88' lang='lat' dir='ltr'>et</span> <span class='ocrx_word' id='word_1_168' title='bbox 1367 2409 1437 2452; x_wconf 88' lang='lat' dir='ltr'>curn</span> <span class='ocrx_word' id='word_1_169' title='bbox 1460 2399 1539 2456; x_wconf 82' lang='lat' dir='ltr'>scitu</span> 
     </span>
     <span class='ocr_line' id='line_1_20' title="bbox 273 2496 1539 2574; baseline -0.003 -8"><span class='ocrx_word' id='word_1_170' title='bbox 273 2513 380 2566; x_wconf 88' lang='lat' dir='ltr'>nostro</span> <span class='ocrx_word' id='word_1_171' title='bbox 403 2521 457 2574; x_wconf 85' lang='lat' dir='ltr'>seu</span> <span class='ocrx_word' id='word_1_172' title='bbox 488 2515 704 2562; x_wconf 89' lang='lat' dir='ltr'>successorum</span> <span class='ocrx_word' id='word_1_173' title='bbox 726 2503 904 2558; x_wconf 89' lang='lat' dir='ltr'>nostrorum</span> <span class='ocrx_word' id='word_1_174' title='bbox 927 2511 1045 2555; x_wconf 86' lang='lat' dir='ltr'>necnon</span> <span class='ocrx_word' id='word_1_175' title='bbox 1068 2496 1206 2555; x_wconf 90' lang='lat' dir='ltr'>eiusdem</span> <span class='ocrx_word' id='word_1_176' title='bbox 1230 2496 1342 2556; x_wconf 91' lang='lat' dir='ltr'>domus</span> <span class='ocrx_word' id='word_1_177' title='bbox 1365 2501 1539 2562; x_wconf 89' lang='lat' dir='ltr'>vicinorum</span> 
     </span>
     <span class='ocr_line' id='line_1_21' title="bbox 275 2601 1540 2688; baseline -0.007 -16"><span class='ocrx_word' id='word_1_178' title='bbox 275 2614 380 2688; x_wconf 88' lang='lat' dir='ltr'>possit,</span> <span class='ocrx_word' id='word_1_179' title='bbox 412 2611 587 2683; x_wconf 88' lang='lat' dir='ltr'>habeatque</span> <span class='ocrx_word' id='word_1_180' title='bbox 633 2611 826 2681; x_wconf 89' lang='lat' dir='ltr'>potestatem,</span> <span class='ocrx_word' id='word_1_181' title='bbox 855 2603 1046 2676; x_wconf 87' lang='lat' dir='ltr'>habebitque</span> <span class='ocrx_word' id='word_1_182' title='bbox 1077 2601 1257 2661; x_wconf 86' lang='lat' dir='ltr'>facultatem</span> <span class='ocrx_word' id='word_1_183' title='bbox 1289 2604 1430 2680; x_wconf 91' lang='lat' dir='ltr'>plenam;</span> <span class='ocrx_word' id='word_1_184' title='bbox 1455 2609 1540 2683; x_wconf 86' lang='lat' dir='ltr'>quod</span> 
     </span>
     <span class='ocr_line' id='line_1_22' title="bbox 277 2707 1538 2789; baseline -0.004 -11"><span class='ocrx_word' id='word_1_185' title='bbox 277 2719 336 2778; x_wconf 89' lang='lat' dir='ltr'>nisi</span> <span class='ocrx_word' id='word_1_186' title='bbox 360 2718 460 2776; x_wconf 92' lang='lat' dir='ltr'>dicius</span> <span class='ocrx_word' id='word_1_187' title='bbox 486 2714 656 2788; x_wconf 87' lang='lat' dir='ltr'>Gregorius</span> <span class='ocrx_word' id='word_1_188' title='bbox 678 2711 813 2771; x_wconf 85' lang='lat' dir='ltr'>Shedina</span> <span class='ocrx_word' id='word_1_189' title='bbox 836 2725 872 2767; x_wconf 89' lang='lat' dir='ltr'>ac</span> <span class='ocrx_word' id='word_1_190' title='bbox 895 2710 951 2768; x_wconf 92' lang='lat' dir='ltr'>alii</span> <span class='ocrx_word' id='word_1_191' title='bbox 973 2708 1113 2767; x_wconf 91' lang='lat' dir='ltr'>eiusdem</span> <span class='ocrx_word' id='word_1_192' title='bbox 1137 2707 1248 2767; x_wconf 90' lang='lat' dir='ltr'>domus</span> <span class='ocrx_word' id='word_1_193' title='bbox 1264 2715 1398 2770; x_wconf 86' lang='lat' dir='ltr'>tentores</span> <span class='ocrx_word' id='word_1_194' title='bbox 1421 2721 1451 2772; x_wconf 88' lang='lat' dir='ltr'>et</span> <span class='ocrx_word' id='word_1_195' title='bbox 1467 2729 1538 2789; x_wconf 91' lang='lat' dir='ltr'>pos-</span> 
     </span>
     <span class='ocr_line' id='line_1_23' title="bbox 276 2814 1539 2892; baseline -0.002 -8"><span class='ocrx_word' id='word_1_196' title='bbox 276 2839 409 2884; x_wconf 88' lang='lat' dir='ltr'>sessores</span> <span class='ocrx_word' id='word_1_197' title='bbox 433 2829 540 2880; x_wconf 90' lang='lat' dir='ltr'>contra</span> <span class='ocrx_word' id='word_1_198' title='bbox 569 2835 636 2892; x_wconf 89' lang='lat' dir='ltr'>nos,</span> <span class='ocrx_word' id='word_1_199' title='bbox 659 2829 913 2890; x_wconf 87' lang='lat' dir='ltr'>successoresque</span> <span class='ocrx_word' id='word_1_200' title='bbox 935 2821 1058 2873; x_wconf 91' lang='lat' dir='ltr'>nostros</span> <span class='ocrx_word' id='word_1_201' title='bbox 1081 2821 1111 2872; x_wconf 87' lang='lat' dir='ltr'>ei</span> <span class='ocrx_word' id='word_1_202' title='bbox 1134 2814 1291 2890; x_wconf 85' lang='lat' dir='ltr'>prelatum</span> <span class='ocrx_word' id='word_1_203' title='bbox 1315 2823 1539 2880; x_wconf 87' lang='lat' dir='ltr'>monasterium</span> 
     </span>
     <span class='ocr_line' id='line_1_24' title="bbox 274 2921 1535 2995; baseline -0.003 -5"><span class='ocrx_word' id='word_1_204' title='bbox 274 2933 416 2992; x_wconf 88' lang='lat' dir='ltr'>nostrum</span> <span class='ocrx_word' id='word_1_205' title='bbox 449 2943 467 2987; x_wconf 89' lang='lat' dir='ltr'>a</span> <span class='ocrx_word' id='word_1_206' title='bbox 500 2933 571 2986; x_wconf 86' lang='lat' dir='ltr'>nota</span> <span class='ocrx_word' id='word_1_207' title='bbox 594 2925 785 2986; x_wconf 85' lang='lat' dir='ltr'>infidelitatis</span> <span class='ocrx_word' id='word_1_208' title='bbox 808 2929 837 2980; x_wconf 92' lang='lat' dir='ltr'>et</span> <span class='ocrx_word' id='word_1_209' title='bbox 861 2923 941 2980; x_wconf 85' lang='lat' dir='ltr'>vicio</span> <span class='ocrx_word' id='word_1_210' title='bbox 965 2921 1193 2995; x_wconf 82' lang='lat' dir='ltr'>ingratitudinis</span> <span class='ocrx_word' id='word_1_211' title='bbox 1216 2923 1370 2984; x_wconf 89' lang='lat' dir='ltr'>immunes</span> <span class='ocrx_word' id='word_1_212' title='bbox 1393 2932 1424 2984; x_wconf 90' lang='lat' dir='ltr'>et</span> <span class='ocrx_word' id='word_1_213' title='bbox 1446 2927 1535 2986; x_wconf 92' lang='lat' dir='ltr'>inno-</span> 
     </span>
     <span class='ocr_line' id='line_1_25' title="bbox 277 3026 1536 3109; baseline -0.003 -13"><span class='ocrx_word' id='word_1_214' title='bbox 277 3039 345 3096; x_wconf 88' lang='lat' dir='ltr'>xios</span> <span class='ocrx_word' id='word_1_215' title='bbox 367 3035 510 3095; x_wconf 89' lang='lat' dir='ltr'>studeant</span> <span class='ocrx_word' id='word_1_216' title='bbox 526 3045 716 3109; x_wconf 79' lang='lat' dir='ltr'>preservare.</span> <span class='ocrx_word' id='word_1_217' title='bbox 733 3029 872 3103; x_wconf 90' lang='lat' dir='ltr'>alioquin</span> <span class='ocrx_word' id='word_1_218' title='bbox 896 3043 913 3085; x_wconf 90' lang='lat' dir='ltr'>a</span> <span class='ocrx_word' id='word_1_219' title='bbox 936 3026 1004 3103; x_wconf 88' lang='lat' dir='ltr'>jure</span> <span class='ocrx_word' id='word_1_220' title='bbox 1019 3037 1049 3085; x_wconf 88' lang='lat' dir='ltr'>et</span> <span class='ocrx_word' id='word_1_221' title='bbox 1066 3029 1256 3102; x_wconf 87' lang='lat' dir='ltr'>proprietate</span> <span class='ocrx_word' id='word_1_222' title='bbox 1272 3031 1412 3090; x_wconf 88' lang='lat' dir='ltr'>eiusdem</span> <span class='ocrx_word' id='word_1_223' title='bbox 1425 3031 1536 3092; x_wconf 92' lang='lat' dir='ltr'>domus</span> 
     </span>
     <span class='ocr_line' id='line_1_26' title="bbox 277 3133 1541 3208; baseline -0.005 -5"><span class='ocrx_word' id='word_1_224' title='bbox 277 3151 307 3202; x_wconf 91' lang='lat' dir='ltr'>et</span> <span class='ocrx_word' id='word_1_225' title='bbox 330 3141 418 3202; x_wconf 87' lang='lat' dir='ltr'>fundi</span> <span class='ocrx_word' id='word_1_226' title='bbox 441 3140 552 3200; x_wconf 86' lang='lat' dir='ltr'>cadant</span> <span class='ocrx_word' id='word_1_227' title='bbox 575 3145 605 3197; x_wconf 92' lang='lat' dir='ltr'>et</span> <span class='ocrx_word' id='word_1_228' title='bbox 629 3137 835 3196; x_wconf 86' lang='lat' dir='ltr'>destituentur</span> <span class='ocrx_word' id='word_1_229' title='bbox 858 3149 894 3192; x_wconf 87' lang='lat' dir='ltr'>eo</span> <span class='ocrx_word' id='word_1_230' title='bbox 918 3133 1009 3204; x_wconf 86' lang='lat' dir='ltr'>facto,</span> <span class='ocrx_word' id='word_1_231' title='bbox 1033 3149 1094 3207; x_wconf 93' lang='lat' dir='ltr'>que</span> <span class='ocrx_word' id='word_1_232' title='bbox 1117 3149 1242 3192; x_wconf 84' lang='lat' dir='ltr'>rursum</span> <span class='ocrx_word' id='word_1_233' title='bbox 1265 3133 1304 3193; x_wconf 93' lang='lat' dir='ltr'>ad</span> <span class='ocrx_word' id='word_1_234' title='bbox 1327 3151 1390 3208; x_wconf 88' lang='lat' dir='ltr'>nos,</span> <span class='ocrx_word' id='word_1_235' title='bbox 1409 3138 1541 3197; x_wconf 91' lang='lat' dir='ltr'>domini·</span> 
     </span>
     <span class='ocr_line' id='line_1_27' title="bbox 278 3239 1541 3323; baseline -0.005 -15"><span class='ocrx_word' id='word_1_236' title='bbox 278 3263 396 3323; x_wconf 89' lang='lat' dir='ltr'>umque</span> <span class='ocrx_word' id='word_1_237' title='bbox 418 3253 559 3306; x_wconf 86' lang='lat' dir='ltr'>nostrum</span> <span class='ocrx_word' id='word_1_238' title='bbox 583 3243 711 3303; x_wconf 81' lang='lat' dir='ltr'>devolvi</span> <span class='ocrx_word' id='word_1_239' title='bbox 734 3242 832 3316; x_wconf 87' lang='lat' dir='ltr'>possit</span> <span class='ocrx_word' id='word_1_240' title='bbox 855 3243 885 3298; x_wconf 86' lang='lat' dir='ltr'>et</span> <span class='ocrx_word' id='word_1_241' title='bbox 906 3239 1018 3297; x_wconf 82' lang='lat' dir='ltr'>valeat.</span> <span class='ocrx_word' id='word_1_242' title='bbox 1043 3239 1076 3296; x_wconf 93' lang='lat' dir='ltr'>In</span> <span class='ocrx_word' id='word_1_243' title='bbox 1100 3239 1187 3297; x_wconf 91' lang='lat' dir='ltr'>cuius</span> <span class='ocrx_word' id='word_1_244' title='bbox 1210 3241 1255 3298; x_wconf 91' lang='lat' dir='ltr'>rei</span> <span class='ocrx_word' id='word_1_245' title='bbox 1276 3244 1470 3314; x_wconf 85' lang='lat' dir='ltr'>memoriam,</span> <span class='ocrx_word' id='word_1_246' title='bbox 1488 3243 1541 3302; x_wconf 88' lang='lat' dir='ltr'>fir·</span> 
     </span>
     <span class='ocr_line' id='line_1_28' title="bbox 278 3345 1577 3428; baseline -0.005 -14"><span class='ocrx_word' id='word_1_247' title='bbox 278 3356 482 3428; x_wconf 89' lang='lat' dir='ltr'>mitatemque</span> <span class='ocrx_word' id='word_1_248' title='bbox 505 3359 691 3426; x_wconf 88' lang='lat' dir='ltr'>perpetuam</span> <span class='ocrx_word' id='word_1_249' title='bbox 718 3347 914 3423; x_wconf 89' lang='lat' dir='ltr'>presentibus</span> <span class='ocrx_word' id='word_1_250' title='bbox 944 3345 1056 3404; x_wconf 88' lang='lat' dir='ltr'>litteris</span> <span class='ocrx_word' id='word_1_251' title='bbox 1088 3346 1201 3404; x_wconf 88' lang='lat' dir='ltr'>nostris</span> <span class='ocrx_word' id='word_1_252' title='bbox 1231 3347 1371 3420; x_wconf 88' lang='lat' dir='ltr'>sigillum</span> <span class='ocrx_word' id='word_1_253' title='bbox 1402 3355 1543 3408; x_wconf 89' lang='lat' dir='ltr'>nostrum</span> <span class='ocrx_word' id='word_1_254' title='bbox 1575 3357 1577 3364; x_wconf 81' lang='grc'><strong>“</strong></span> 
     </span>
     <span class='ocr_line' id='line_1_29' title="bbox 287 3451 1542 3530; baseline -0.004 -11"><span class='ocrx_word' id='word_1_255' title='bbox 287 3461 449 3519; x_wconf 91' lang='lat' dir='ltr'>abbaciale</span> <span class='ocrx_word' id='word_1_256' title='bbox 479 3457 626 3516; x_wconf 89' lang='lat' dir='ltr'>duximus</span> <span class='ocrx_word' id='word_1_257' title='bbox 659 3453 908 3530; x_wconf 89' lang='lat' dir='ltr'>appendendum.</span> <span class='ocrx_word' id='word_1_258' title='bbox 939 3451 1056 3509; x_wconf 88' lang='lat' dir='ltr'>Datum</span> <span class='ocrx_word' id='word_1_259' title='bbox 1087 3451 1164 3510; x_wconf 83' lang='lat' dir='ltr'>feria</span> <span class='ocrx_word' id='word_1_260' title='bbox 1187 3454 1281 3512; x_wconf 86' lang='lat' dir='ltr'>tercia</span> <span class='ocrx_word' id='word_1_261' title='bbox 1304 3456 1448 3528; x_wconf 83' lang='lat' dir='ltr'>proxima</span> <span class='ocrx_word' id='word_1_262' title='bbox 1471 3463 1542 3514; x_wconf 89' lang='lat' dir='ltr'>ante</span> 
     </span>
     <span class='ocr_line' id='line_1_30' title="bbox 280 3558 1544 3626; baseline -0.005 0"><span class='ocrx_word' id='word_1_263' title='bbox 280 3565 395 3626; x_wconf 85' lang='lat' dir='ltr'>festum</span> <span class='ocrx_word' id='word_1_264' title='bbox 419 3571 597 3624; x_wconf 86' lang='lat' dir='ltr'>sanctorum</span> <span class='ocrx_word' id='word_1_265' title='bbox 620 3561 729 3620; x_wconf 89' lang='lat' dir='ltr'>decem</span> <span class='ocrx_word' id='word_1_266' title='bbox 761 3559 899 3618; x_wconf 88' lang='lat' dir='ltr'>millium</span> <span class='ocrx_word' id='word_1_267' title='bbox 921 3558 1094 3617; x_wconf 86' lang='lat' dir='ltr'>martirum.</span> <span class='ocrx_word' id='word_1_268' title='bbox 1120 3559 1209 3617; x_wconf 80' lang='lat' dir='ltr'>Anno</span> <span class='ocrx_word' id='word_1_269' title='bbox 1231 3559 1351 3619; x_wconf 89' lang='lat' dir='ltr'>domini</span> <span class='ocrx_word' id='word_1_270' title='bbox 1374 3561 1544 3621; x_wconf 89' lang='lat' dir='ltr'>millesimo</span> 
     </span>
     <span class='ocr_line' id='line_1_31' title="bbox 282 3668 927 3748; baseline -0.016 -16"><span class='ocrx_word' id='word_1_271' title='bbox 282 3671 587 3748; x_wconf 87' lang='lat' dir='ltr'>quadringentesimo</span> <span class='ocrx_word' id='word_1_272' title='bbox 609 3668 810 3742; x_wconf 86' lang='lat' dir='ltr'>nonagesimo</span> <span class='ocrx_word' id='word_1_273' title='bbox 833 3671 927 3724; x_wconf 87' lang='lat' dir='ltr'>sexto.</span> 
     </span>
    </p>
   </div>
   <div class='ocr_carea' id='block_1_7' title="bbox 280 3801 1545 3964">
    <p class='ocr_par' dir='ltr' id='par_1_7' title="bbox 280 3801 1545 3964">
     <span class='ocr_line' id='line_1_32' title="bbox 386 3801 1545 3873; baseline -0.003 -15"><span class='ocrx_word' id='word_1_274' title='bbox 386 3807 521 3873; x_wconf 78' lang='lat' dir='ltr'>Originale</span> <span class='ocrx_word' id='word_1_275' title='bbox 538 3807 567 3856; x_wconf 88' lang='lat' dir='ltr'>in</span> <span class='ocrx_word' id='word_1_276' title='bbox 584 3805 731 3856; x_wconf 82' lang='lat' dir='ltr'>membrana</span> <span class='ocrx_word' id='word_1_277' title='bbox 748 3817 839 3869; x_wconf 86' lang='lat' dir='ltr'>parum</span> <span class='ocrx_word' id='word_1_278' title='bbox 856 3815 968 3851; x_wconf 88' lang='lat' dir='ltr'>exesum.</span> <span class='ocrx_word' id='word_1_279' title='bbox 988 3801 1012 3851; x_wconf 88' lang='lat' dir='ltr'>E</span> <span class='ocrx_word' id='word_1_280' title='bbox 1030 3817 1094 3852; x_wconf 81' lang='lat' dir='ltr'>aona</span> <span class='ocrx_word' id='word_1_281' title='bbox 1112 3802 1209 3852; x_wconf 85' lang='lat' dir='ltr'>sericea</span> <span class='ocrx_word' id='word_1_282' title='bbox 1222 3803 1292 3853; x_wconf 86' lang='lat' dir='ltr'>rubri</span> <span class='ocrx_word' id='word_1_283' title='bbox 1311 3804 1436 3854; x_wconf 85' lang='lat' dir='ltr'>eiriridis</span> <span class='ocrx_word' id='word_1_284' title='bbox 1452 3803 1545 3855; x_wconf 88' lang='lat' dir='ltr'>coloris</span> 
     </span>
     <span class='ocr_line' id='line_1_33' title="bbox 280 3890 1283 3964; baseline -0.006 -16"><span class='ocrx_word' id='word_1_285' title='bbox 280 3897 409 3964; x_wconf 85' lang='lat' dir='ltr'>appendet</span> <span class='ocrx_word' id='word_1_286' title='bbox 428 3895 551 3961; x_wconf 80' lang='lat' dir='ltr'>sigillum.</span> <span class='ocrx_word' id='word_1_287' title='bbox 570 3897 602 3944; x_wconf 88' lang='lat' dir='ltr'>Iu</span> <span class='ocrx_word' id='word_1_288' title='bbox 619 3894 688 3945; x_wconf 79' lang='lat' dir='ltr'>arch.</span> <span class='ocrx_word' id='word_1_289' title='bbox 707 3907 764 3942; x_wconf 85' lang='lat' dir='ltr'>ven.</span> <span class='ocrx_word' id='word_1_290' title='bbox 783 3907 837 3958; x_wconf 86' lang='lat' dir='ltr'>cap.</span> <span class='ocrx_word' id='word_1_291' title='bbox 857 3891 958 3956; x_wconf 81' lang='lat' dir='ltr'>zagrab.</span> <span class='ocrx_word' id='word_1_292' title='bbox 978 3890 1048 3939; x_wconf 85' lang='lat' dir='ltr'>Acta</span> <span class='ocrx_word' id='word_1_293' title='bbox 1066 3905 1117 3940; x_wconf 89' lang='lat' dir='ltr'>nou</span> <span class='ocrx_word' id='word_1_294' title='bbox 1136 3897 1283 3955; x_wconf 83' lang='lat' dir='ltr'>regestrata.</span> 
     </span>
    </p>
   </div>
   <div class='ocr_carea' id='block_1_8' title="bbox 389 4067 959 4248">
    <p class='ocr_par' dir='ltr' id='par_1_8' title="bbox 389 4067 959 4248">
     <span class='ocr_line' id='line_1_34' title="bbox 872 4067 959 4134; baseline -0.046 0"><span class='ocrx_word' id='word_1_295' title='bbox 872 4067 959 4134; x_wconf 77' lang='lat'>386.</span> 
     </span>
     <span class='ocr_line' id='line_1_35' title="bbox 389 4182 895 4248; baseline -0.002 -12"><span class='ocrx_word' id='word_1_296' title='bbox 389 4187 470 4236; x_wconf 82' lang='lat' dir='ltr'>Anno</span> <span class='ocrx_word' id='word_1_297' title='bbox 493 4183 568 4248; x_wconf 89' lang='lat'>1496,</span> <span class='ocrx_word' id='word_1_298' title='bbox 588 4198 613 4248; x_wconf 87' lang='lat'>4.</span> <span class='ocrx_word' id='word_1_299' title='bbox 633 4182 786 4235; x_wconf 85' lang='lat' dir='ltr'>decembris.</span> <span class='ocrx_word' id='word_1_300' title='bbox 795 4182 895 4235; x_wconf 75' lang='lat' dir='ltr'>Budas.</span> 
     </span>
    </p>
   </div>
   <div class='ocr_carea' id='block_1_9' title="bbox 293 4291 1547 4478">
    <p class='ocr_par' dir='ltr' id='par_1_9' title="bbox 293 4291 1547 4478">
     <span class='ocr_line' id='line_1_36' title="bbox 293 4291 1547 4370; baseline 0.001 -16"><span class='ocrx_word' id='word_1_301' title='bbox 293 4296 468 4366; x_wconf 81' lang='lat' dir='ltr'>Vladislaus,</span> <span class='ocrx_word' id='word_1_302' title='bbox 497 4294 675 4368; x_wconf 81' lang='lat' dir='ltr'>Hungariae</span> <span class='ocrx_word' id='word_1_303' title='bbox 703 4301 750 4354; x_wconf 82' lang='lat' dir='ltr'>etc.</span> <span class='ocrx_word' id='word_1_304' title='bbox 773 4311 836 4363; x_wconf 86' lang='lat' dir='ltr'>rex,</span> <span class='ocrx_word' id='word_1_305' title='bbox 860 4293 933 4350; x_wconf 80' lang='lat' dir='ltr'>cr&#39;ucs</span> <span class='ocrx_word' id='word_1_306' title='bbox 954 4291 1152 4366; x_wconf 74' lang='lat' dir='ltr'>zagrabt&#39;emes</span> <span class='ocrx_word' id='word_1_307' title='bbox 1174 4293 1204 4349; x_wconf 88' lang='lat' dir='ltr'>in</span> <span class='ocrx_word' id='word_1_308' title='bbox 1233 4293 1408 4368; x_wconf 75' lang='lat' dir='ltr'>episcopatus</span> <span class='ocrx_word' id='word_1_309' title='bbox 1430 4295 1547 4370; x_wconf 75' lang='lat' dir='ltr'>ragrab.</span> 
     </span>
     <span class='ocr_line' id='line_1_37' title="bbox 557 4395 1282 4478; baseline 0.003 -20"><span class='ocrx_word' id='word_1_310' title='bbox 557 4400 703 4458; x_wconf 76' lang='lat' dir='ltr'>ten-iton&#39;o</span> <span class='ocrx_word' id='word_1_311' title='bbox 726 4400 810 4457; x_wconf 81' lang='lat' dir='ltr'>etiam</span> <span class='ocrx_word' id='word_1_312' title='bbox 819 4407 913 4473; x_wconf 84' lang='lat' dir='ltr'>porro</span> <span class='ocrx_word' id='word_1_313' title='bbox 936 4399 1045 4456; x_wconf 74' lang='lat' dir='ltr'>tributa</span> <span class='ocrx_word' id='word_1_314' title='bbox 1067 4399 1175 4457; x_wconf 81' lang='lat' dir='ltr'>solvere</span> <span class='ocrx_word' id='word_1_315' title='bbox 1188 4395 1282 4478; x_wconf 84' lang='lat' dir='ltr'>jubet.</span> 
     </span>
    </p>
   </div>
   <div class='ocr_carea' id='block_1_10' title="bbox 286 4533 1551 5146">
    <p class='ocr_par' dir='ltr' id='par_1_10' title="bbox 286 4533 1551 5146">
     <span class='ocr_line' id='line_1_38' title="bbox 391 4533 1548 4608; baseline -0.001 -12"><span class='ocrx_word' id='word_1_316' title='bbox 391 4537 583 4596; x_wconf 83' lang='lat' dir='ltr'>wladislaus</span> <span class='ocrx_word' id='word_1_317' title='bbox 618 4535 667 4594; x_wconf 92' lang='lat' dir='ltr'>dei</span> <span class='ocrx_word' id='word_1_318' title='bbox 690 4535 794 4608; x_wconf 85' lang='lat' dir='ltr'>gracia</span> <span class='ocrx_word' id='word_1_319' title='bbox 816 4551 872 4593; x_wconf 88' lang='lat' dir='ltr'>rex</span> <span class='ocrx_word' id='word_1_320' title='bbox 895 4534 1054 4607; x_wconf 86' lang='lat' dir='ltr'>Hungarie</span> <span class='ocrx_word' id='word_1_321' title='bbox 1077 4541 1106 4592; x_wconf 91' lang='lat' dir='ltr'>et</span> <span class='ocrx_word' id='word_1_322' title='bbox 1138 4533 1284 4594; x_wconf 89' lang='lat' dir='ltr'>Bohemie</span> <span class='ocrx_word' id='word_1_323' title='bbox 1306 4541 1360 4593; x_wconf 88' lang='lat' dir='ltr'>etc.</span> <span class='ocrx_word' id='word_1_324' title='bbox 1385 4535 1548 4595; x_wconf 88' lang='lat' dir='ltr'>Fidelibus</span> 
     </span>
     <span class='ocr_line' id='line_1_39' title="bbox 288 4639 1549 4718; baseline -0.002 -14"><span class='ocrx_word' id='word_1_325' title='bbox 288 4647 402 4704; x_wconf 89' lang='lat' dir='ltr'>nostris</span> <span class='ocrx_word' id='word_1_326' title='bbox 435 4643 641 4718; x_wconf 86' lang='lat' dir='ltr'>prudentibus</span> <span class='ocrx_word' id='word_1_327' title='bbox 673 4647 704 4700; x_wconf 92' lang='lat' dir='ltr'>et</span> <span class='ocrx_word' id='word_1_328' title='bbox 726 4641 957 4716; x_wconf 86' lang='lat' dir='ltr'>circumspectis</span> <span class='ocrx_word' id='word_1_329' title='bbox 977 4639 1072 4717; x_wconf 85' lang='lat' dir='ltr'>judici</span> <span class='ocrx_word' id='word_1_330' title='bbox 1096 4647 1126 4699; x_wconf 93' lang='lat' dir='ltr'>et</span> <span class='ocrx_word' id='word_1_331' title='bbox 1148 4639 1266 4717; x_wconf 88' lang='lat' dir='ltr'>juratis,</span> <span class='ocrx_word' id='word_1_332' title='bbox 1289 4641 1460 4716; x_wconf 88' lang='lat' dir='ltr'>ceterisque</span> <span class='ocrx_word' id='word_1_333' title='bbox 1483 4644 1549 4701; x_wconf 92' lang='lat' dir='ltr'>uni·</span> 
     </span>
     <span class='ocr_line' id='line_1_40' title="bbox 287 4745 1549 4822; baseline -0.002 -12"><span class='ocrx_word' id='word_1_334' title='bbox 287 4753 384 4810; x_wconf 88' lang='lat' dir='ltr'>versis</span> <span class='ocrx_word' id='word_1_335' title='bbox 407 4751 528 4809; x_wconf 91' lang='lat' dir='ltr'>civibus</span> <span class='ocrx_word' id='word_1_336' title='bbox 552 4755 581 4808; x_wconf 90' lang='lat' dir='ltr'>et</span> <span class='ocrx_word' id='word_1_337' title='bbox 597 4747 706 4806; x_wconf 90' lang='lat' dir='ltr'>incolis</span> <span class='ocrx_word' id='word_1_338' title='bbox 722 4747 855 4806; x_wconf 89' lang='lat' dir='ltr'>civitatis</span> <span class='ocrx_word' id='word_1_339' title='bbox 871 4747 985 4805; x_wconf 90' lang='lat' dir='ltr'>montis</span> <span class='ocrx_word' id='word_1_340' title='bbox 1001 4745 1172 4819; x_wconf 87' lang='lat' dir='ltr'>Grecensis,</span> <span class='ocrx_word' id='word_1_341' title='bbox 1188 4747 1322 4806; x_wconf 88' lang='lat' dir='ltr'>salutem</span> <span class='ocrx_word' id='word_1_342' title='bbox 1345 4754 1375 4806; x_wconf 88' lang='lat' dir='ltr'>et</span> <span class='ocrx_word' id='word_1_343' title='bbox 1397 4750 1549 4822; x_wconf 88' lang='lat' dir='ltr'>graciam.</span> 
     </span>
     <span class='ocr_line' id='line_1_41' title="bbox 286 4851 1551 4932; baseline -0.002 -16"><span class='ocrx_word' id='word_1_344' title='bbox 286 4857 438 4932; x_wconf 85' lang='lat' dir='ltr'>Exposuit</span> <span class='ocrx_word' id='word_1_345' title='bbox 470 4855 623 4915; x_wconf 88' lang='lat' dir='ltr'>maiestati</span> <span class='ocrx_word' id='word_1_346' title='bbox 655 4859 759 4913; x_wconf 92' lang='lat' dir='ltr'>nostre</span> <span class='ocrx_word' id='word_1_347' title='bbox 790 4851 893 4912; x_wconf 90' lang='lat' dir='ltr'>fidelis</span> <span class='ocrx_word' id='word_1_348' title='bbox 919 4860 1024 4912; x_wconf 91' lang='lat' dir='ltr'>noster</span> <span class='ocrx_word' id='word_1_349' title='bbox 1047 4853 1235 4912; x_wconf 88' lang='lat' dir='ltr'>reverendus</span> <span class='ocrx_word' id='word_1_350' title='bbox 1259 4855 1289 4912; x_wconf 92' lang='lat' dir='ltr'>in</span> <span class='ocrx_word' id='word_1_351' title='bbox 1313 4853 1437 4913; x_wconf 86' lang='lat' dir='ltr'>Christo</span> <span class='ocrx_word' id='word_1_352' title='bbox 1461 4860 1551 4929; x_wconf 85' lang='lat' dir='ltr'>pater</span> 
     </span>
     <span class='ocr_line' id='line_1_42' title="bbox 287 4961 1551 5036; baseline -0.002 -14"><span class='ocrx_word' id='word_1_353' title='bbox 287 4964 431 5022; x_wconf 91' lang='lat' dir='ltr'>dominus</span> <span class='ocrx_word' id='word_1_354' title='bbox 462 4963 626 5032; x_wconf 83' lang='lat' dir='ltr'>Osualdus,</span> <span class='ocrx_word' id='word_1_355' title='bbox 652 4961 817 5036; x_wconf 89' lang='lat' dir='ltr'>episcopus</span> <span class='ocrx_word' id='word_1_356' title='bbox 847 4961 976 5020; x_wconf 88' lang='lat' dir='ltr'>ecclesie</span> <span class='ocrx_word' id='word_1_357' title='bbox 998 4961 1215 5034; x_wconf 88' lang='lat' dir='ltr'>zagrabiensis,</span> <span class='ocrx_word' id='word_1_358' title='bbox 1239 4961 1324 5036; x_wconf 92' lang='lat' dir='ltr'>quod</span> <span class='ocrx_word' id='word_1_359' title='bbox 1348 4961 1419 5019; x_wconf 88' lang='lat' dir='ltr'>licet</span> <span class='ocrx_word' id='word_1_360' title='bbox 1441 4977 1498 5019; x_wconf 88' lang='lat' dir='ltr'>vos</span> <span class='ocrx_word' id='word_1_361' title='bbox 1521 4967 1551 5019; x_wconf 92' lang='lat' dir='ltr'>et</span> 
     </span>
     <span class='ocr_line' id='line_1_43' title="bbox 288 5067 1550 5146; baseline -0.003 -18"><span class='ocrx_word' id='word_1_362' title='bbox 288 5071 421 5146; x_wconf 88' lang='lat' dir='ltr'>quilibet</span> <span class='ocrx_word' id='word_1_363' title='bbox 455 5075 593 5128; x_wconf 86' lang='lat' dir='ltr'>vestrum</span> <span class='ocrx_word' id='word_1_364' title='bbox 617 5083 635 5128; x_wconf 91' lang='lat' dir='ltr'>a</span> <span class='ocrx_word' id='word_1_365' title='bbox 657 5073 799 5143; x_wconf 88' lang='lat' dir='ltr'>tempore</span> <span class='ocrx_word' id='word_1_366' title='bbox 829 5068 915 5126; x_wconf 89' lang='lat' dir='ltr'>cuius</span> <span class='ocrx_word' id='word_1_367' title='bbox 938 5067 1022 5126; x_wconf 90' lang='lat' dir='ltr'>inicii</span> <span class='ocrx_word' id='word_1_368' title='bbox 1045 5069 1195 5126; x_wconf 91' lang='lat' dir='ltr'>memoria</span> <span class='ocrx_word' id='word_1_369' title='bbox 1218 5069 1381 5126; x_wconf 90' lang='lat' dir='ltr'>hominum</span> <span class='ocrx_word' id='word_1_370' title='bbox 1403 5081 1465 5125; x_wconf 90' lang='lat' dir='ltr'>non</span> <span class='ocrx_word' id='word_1_371' title='bbox 1488 5067 1550 5125; x_wconf 87' lang='lat' dir='ltr'>exi·</span> 
     </span>
    </p>
   </div>
   <div class='ocr_carea' id='block_1_11' title="bbox 0 0 1910 5924">
    <p class='ocr_par' dir='ltr' id='par_1_11' title="bbox 0 0 1910 5924">
     <span class='ocr_line' id='line_1_44' title="bbox 0 0 1910 5924; baseline 0 0"><span class='ocrx_word' id='word_1_372' title='bbox 0 0 1910 5924; x_wconf 95' lang='lat' dir='ltr'> </span> 
     </span>
    </p>
   </div>
  </div>
 </body>
</html>
