3932 5806
446 643 508 704 260
860 641 933 698 Doc.
958 651 1024 716 197.
1050 673 1090 686 -
1113 641 1170 698 An.
1193 637 1285 717 1458.

447 860 540 934 culpa
563 875 618 918 sua
642 859 736 917 rebus
761 864 790 916 et
813 859 903 916 bonis
927 859 990 916 suis
1014 859 1054 915 ab
1078 857 1187 916 eodem
1220 857 1434 930 potencialiter
1456 859 1588 932 receptis
1610 863 1640 916 et
1663 859 1707 916 in·

448 982 542 1040 super
565 967 728 1041 vituperiis
750 981 786 1023 ac
808 964 883 1024 diris
906 965 1090 1023 verberibus
1124 965 1305 1036 affecissent,
1340 965 1410 1037 ipso
1444 964 1573 1022 Nicolao
1609 965 1706 1022 sutori

440 1071 565 1133 nullam
587 1071 742 1149 justiciam
765 1071 975 1145 impendendo
983 1089 991 1144 ;
1014 1071 1067 1129 sed
1092 1085 1166 1128 mox
1196 1071 1328 1128 eundem
1352 1070 1469 1128 ibidem
1493 1071 1653 1144 captivare
1675 1076 1707 1127 et

440 1179 473 1237 in
501 1180 612 1237 turrim
644 1180 675 1237 in
705 1180 774 1254 ipso
805 1184 906 1237 castro
929 1177 1050 1236 Medwe
1083 1178 1223 1235 habitam
1258 1177 1415 1234 intrudere
1449 1193 1485 1234 ac
1520 1177 1705 1250 perplures

442 1285 509 1344 dies
532 1285 564 1343 in
587 1285 696 1343 eadem
726 1286 906 1360 captivitate
937 1299 1120 1342 conservare
1151 1283 1235 1341 etin
1259 1283 1391 1341 vinculis
1415 1284 1551 1341 cruciare
1574 1283 1703 1341 fecisset.

441 1391 478 1448 Et
502 1391 620 1450 tandirn
643 1391 719 1449 dum
743 1390 876 1448 eundem
902 1389 1067 1447 Nicolaum
1088 1395 1226 1447 sutorem
1238 1405 1294 1462 per
1310 1389 1494 1463 peticionem
1512 1389 1704 1446 honorabilis

439 1497 501 1555 viri
524 1497 642 1555 domini
664 1495 855 1570 sigismundi
877 1495 1084 1554 archidiaconi
1108 1495 1146 1553 de
1169 1495 1310 1566 Warasd,
1334 1496 1471 1568 sociique
1494 1503 1523 1553 et
1557 1509 1705 1552 concano-

439 1605 500 1661 nici
522 1605 621 1662 nostri
643 1619 678 1662 ac
712 1603 866 1678 capellani
900 1603 1025 1660 domine
1055 1603 1219 1675 comitisse,
1254 1601 1292 1660 de
1326 1604 1393 1676 ipsa
1417 1603 1596 1675 captivitate
1630 1601 1705 1660 emi·

440 1711 537 1782 sisset,
568 1713 640 1768 tunc
660 1711 701 1767 ab
732 1709 842 1768 eodem
865 1709 1125 1776 Nicolaoarcum
1159 1724 1231 1766 cum
1254 1709 1373 1782 sagittis
1397 1723 1432 1766 ac
1455 1708 1610 1766 biccelum
1634 1723 1705 1765 curn

441 1815 564 1875 duobus
586 1815 721 1874 cultellis
744 1821 774 1874 et
797 1831 894 1874 unum
925 1814 1077 1872 florenum
1099 1815 1167 1872 auri
1190 1815 1328 1888 recipere
1351 1831 1408 1888 per
1442 1814 1579 1890 prefatos
1615 1812 1705 1872 fami·

440 1922 532 1980 liares
563 1927 593 1980 et
626 1922 793 1980 servitores
827 1935 900 1978 suos
936 1919 1057 1978 fecisset
1093 1922 1235 1994 potencia
1270 1920 1434 1980 mediante.
1470 1920 1702 1994 Quamquidem

440 2027 668 2102 captivitatem,
700 2027 946 2086 vinculacionem
975 2042 1010 2084 ac
1036 2027 1260 2100 spoliacionem
1286 2043 1380 2102 super
1413 2028 1517 2102 ipsum
1541 2026 1707 2085 Nicolaum

439 2141 586 2207 sutorem,
610 2136 728 2208 absque
751 2134 836 2192 omni
859 2134 952 2209 culpa
987 2149 1042 2192 sua
1077 2133 1199 2206 tactam,
1232 2134 1317 2193 idem
1344 2135 1490 2193 Nicolaus
1526 2139 1613 2192 sutor
1648 2147 1705 2208 pro

440 2241 665 2314 quinquaginta
693 2240 816 2299 florenis
853 2241 922 2298 auri
959 2241 1023 2314 pati
1053 2241 1210 2298 noluisset.
1243 2241 1384 2299 Preterea
1419 2240 1503 2299 idem
1538 2240 1705 2314 Bogawecz

440 2346 634 2418 castellanus,
663 2347 822 2421 premissis
846 2346 934 2405 tactis
971 2347 1166 2420 potenciariis
1190 2348 1318 2405 minime
1353 2351 1521 2418 contentus,
1551 2345 1702 2420 quasdam

442 2453 519 2510 duas
541 2453 689 2511 mulieres
713 2453 935 2511 inhabitatores
969 2453 1102 2512 civitatis
1136 2453 1274 2527 predicte
1309 2455 1340 2511 in
1375 2454 1531 2512 territorio
1566 2451 1704 2511 eiusdem

440 2560 573 2618 civitatis
595 2559 786 2635 reperiendo,
823 2562 942 2633 absque
977 2561 1062 2618 omni
1097 2573 1206 2617 eorum
1242 2561 1344 2636 culpa,
1370 2561 1401 2618 in
1436 2561 1574 2635 predicta
1609 2565 1704 2618 estate

443 2667 582 2723 vestibus
605 2667 744 2740 ipsarum
770 2667 906 2739 spoliare
930 2671 960 2722 et
984 2665 1059 2722 diris
1084 2667 1250 2724 verberum
1273 2667 1376 2740 plagis
1411 2667 1537 2726 afficere
1573 2666 1702 2734 iecisset,

441 2786 517 2844 quas
540 2773 763 2846 spoliacionem
786 2777 815 2828 et
840 2771 1089 2829 verberacionem
1114 2772 1180 2844 ipse
1204 2772 1349 2830 mulieres
1373 2788 1431 2848 pro
1448 2774 1558 2847 viginti
1579 2771 1701 2830 florenis

441 2877 507 2935 auri
532 2879 596 2951 pati
617 2878 795 2949 noluissent,
820 2877 892 2951 quia
916 2893 953 2934 ex
977 2879 1045 2949 ipsa
1068 2877 1186 2934 crudeli
1212 2879 1409 2950 percussione
1424 2879 1531 2937 eedem
1556 2878 1703 2936 mulieres

446 2999 515 3041 curn
540 2984 685 3058 pluribus
709 2985 851 3056 expensis
874 2999 930 3057 per
955 2985 1137 3056 magistrum
1162 2984 1259 3057 ipsius
1282 3001 1314 3042 se
1339 2985 1545 3044 mendicantes
1562 2986 1615 3043 vix
1631 2986 1702 3042 vive

444 3091 670 3148 remansissent.
700 3089 829 3163 Insuper
859 3088 941 3146 idem
978 3089 1143 3162 Bogawecz
1178 3091 1364 3148 castellanus
1387 3093 1418 3150 in
1441 3093 1599 3150 civitatem
1633 3107 1702 3165 pre·

440 3196 554 3255 dictam
578 3198 754 3254 terciusmet
784 3195 950 3254 adveniens
978 3212 1064 3255 arma
1088 3195 1236 3272 Stephani
1261 3199 1408 3258 Plathnar
1431 3199 1538 3257 decem
1571 3199 1702 3257 florenos

439 3305 507 3362 auri
527 3303 665 3361 valencia
688 3304 719 3361 in
743 3302 836 3360 domo
859 3317 915 3360 sua
938 3303 1055 3376 absque
1079 3305 1163 3361 omni
1190 3305 1382 3378 peccuniaria
1406 3306 1562 3365 solucione
1596 3311 1701 3380 poten·

439 3409 558 3467 cialiter
588 3409 760 3484 recepisset.
792 3409 839 3465 De
870 3408 983 3481 quibus
1015 3411 1160 3467 omnibus
1193 3409 1280 3469 factis
1315 3411 1510 3485 potenciariis
1544 3427 1580 3470 ac
1612 3411 1701 3470 furtis

438 3516 505 3588 ipse
528 3514 692 3588 Bogawecz
715 3515 911 3586 castellanus,
935 3517 979 3572 uti
1001 3517 1091 3574 nobis
1114 3516 1234 3588 dicitur,
1258 3533 1315 3591 per
1338 3524 1437 3575 certos
1461 3519 1601 3576 homines
1628 3533 1699 3576 suos

439 3620 477 3678 ad
509 3621 709 3694 magnificum
744 3620 907 3679 dominum
937 3621 1014 3703 Jaan
1051 3622 1232 3694 Bythowecz
1267 3625 1354 3695 regni
1388 3621 1552 3682 Sclauonie
1584 3626 1699 3682 banum

438 3743 493 3800 per
517 3727 742 3800 querimoniam
766 3727 907 3800 ipsorum
929 3725 1040 3802 judicis
1064 3733 1094 3786 et
1116 3726 1290 3803 juratorum
1321 3729 1437 3787 civium
1471 3730 1604 3788 civitatis
1626 3747 1699 3804 pre-

439 3831 519 3890 dicte
549 3833 724 3906 specialiter
753 3833 918 3905 superinde
953 3835 1149 3892 transmissos
1184 3841 1213 3892 et
1248 3835 1415 3894 destinatos
1446 3837 1477 3894 in
1510 3837 1699 3911 presenciam

439 3938 536 4011 ipsius
560 3937 678 3996 domini
701 3939 773 3996 bani
804 3939 931 4012 prefatis
954 3942 1099 3998 omnibus
1123 3942 1245 3998 civibus
1269 3941 1505 4016 dampnificatis,
1529 3943 1700 4017 captivatis,

439 4044 580 4118 spoliatis
603 4059 639 4102 ac
661 4044 832 4102 vulneratis
855 4045 893 4103 de
917 4045 1069 4120 dampnis,
1094 4048 1368 4122 captivacionibus,
1393 4049 1634 4123 spoliacionibus
1671 4053 1701 4106 et

438 4149 708 4208 vulneraclonibus
732 4151 762 4208 in
785 4166 856 4209 area
878 4158 983 4210 nostra
1006 4153 1170 4227 capitulari
1202 4154 1335 4212 infesto
1371 4155 1614 4214 circumcisionis
1638 4155 1699 4212 Do-

438 4257 522 4328 mini,
546 4258 689 4330 proxime
705 4257 819 4332 elapso‚
843 4259 1056 4318 omnimodam
1079 4259 1324 4320 satisfaccionem
1340 4260 1441 4319 facere
1465 4268 1495 4318 et
1518 4260 1698 4335 impendere

438 4363 647 4435 promisisset;
671 4364 895 4438 quamquidem
918 4366 1163 4426 satisfaccionem
1188 4368 1391 4428 sufficientem
1415 4375 1445 4426 et
1482 4367 1696 4427 omnimodam

438 4467 554 4526 eisdem
577 4469 698 4527 civibus
729 4470 966 4545 dampnificatis,
991 4475 1164 4547 captivatis,
1195 4475 1336 4549 spoliatis
1359 4480 1388 4532 et
1423 4475 1595 4543 vulneratis
1630 4489 1697 4549 pre·

439 4571 527 4632 dictis
547 4574 730 4634 adveniente
745 4584 776 4635 et
798 4579 957 4653 expirante
981 4580 1150 4654 elapsoque
1174 4583 1242 4654 ipso
1266 4581 1315 4640 die
1339 4587 1369 4639 et
1396 4581 1529 4639 termino
1565 4581 1695 4638 circum·

439 4679 560 4738 cisionis
583 4681 711 4741 Domini
733 4683 816 4742 idern
842 4685 1007 4759 Bogawecz
1030 4687 1216 4745 castellanus
1242 4705 1298 4762 per
1332 4688 1458 4746 eosdem
1493 4693 1697 4761 protestantes

438 4791 467 4841 et
498 4787 580 4846 cives
611 4795 798 4863 expectatus,
830 4807 886 4848 nec
909 4808 964 4867 per
994 4809 1026 4851 se
1056 4809 1156 4867 neque
1188 4810 1245 4868 per
1275 4795 1415 4852 homines
1443 4809 1515 4852 suos
1546 4793 1646 4852 tacere
1669 4799 1699 4852 et

439 4891 618 4965 impendere
643 4896 792 4954 voluisset
817 4898 912 4956 modo
945 4899 1082 4972 aliquali.
1108 4899 1208 4974 Super
1232 4901 1344 4975 quibus
1369 4901 1513 4958 omnibus
1538 4901 1696 4974 premissis

439 4997 550 5072 prelati
573 5008 777 5074 protestantes
801 5006 979 5064 nominibus
1002 5011 1032 5064 et
1054 5008 1085 5064 in
1099 5009 1247 5080 personis
1271 5023 1404 5081 quorum
1428 5021 1530 5081 supra,
1547 5005 1695 5079 sibiipsis

438 5111 467 5161 et
490 5105 559 5164 aliis
583 5108 729 5181 predictis
756 5126 813 5186 per
835 5126 891 5170 nos
921 5112 1038 5170 litteras
1062 5119 1182 5172 nostras
1216 5115 1448 5188 protestatorias
1472 5113 1540 5171 dari
1563 5113 1699 5186 postula-
