3804 5858
658 516 732 574 Doc·
749 527 816 594 345
820 563 826 580 ·
851 548 886 557 -
914 515 970 574 An.
993 511 1084 593 1487.

227 621 723 629 -.-..-.-.—.-----....-.--...-..-.--..
790 621 813 625 -.
1344 623 1376 629 ..-
1428 625 1485 631 --

221 731 442 792 nichilominus
472 729 594 790 nobiles
618 731 784 790 memorati
807 731 891 805 ipsos
915 730 998 790 cives
1022 747 1058 790 ac
1081 747 1191 790 eorum
1212 731 1342 792 heredes
1365 733 1406 792 ab
1422 748 1488 792 om·

203 839 314 901 ,nibus
330 837 524 911 quibuslibet
546 842 576 896 et
599 837 756 910 signanter
779 839 819 895 ab
844 838 984 912 ipsorum
1009 839 1161 914 proximis
1184 845 1215 898 et
1237 840 1446 912 generacione,
1461 841 1489 898 si
1591 903 1595 914 ,

223 945 277 1018 qui
307 943 433 1004 eosdem
464 943 547 1001 cives
570 943 622 1000 vel
650 958 759 1002 eorum
792 943 922 1002 heredes
945 945 1069 1005 racione
1092 949 1123 1004 et
1146 949 1288 1020 pretextu
1312 945 1393 1006 dicte
1417 961 1487 1019 pos-

222 1051 365 1110 sessionis
388 1048 594 1122 Sylalrowyna
619 1049 773 1124 impedire
788 1056 817 1108 et
833 1051 1004 1124 inquietare
1028 1051 1121 1110 modo
1137 1051 1268 1124 aliquali
1285 1051 1397 1125 quovis
1411 1057 1488 1110 totn-

223 1157 308 1232 poris
330 1156 362 1216 in
385 1171 531 1231 processu
555 1155 693 1214 volentes
716 1155 864 1231 expedire
886 1157 1022 1232 propriis
1037 1158 1178 1232 ipsorum
1194 1157 1358 1216 laboribus
1379 1164 1411 1216 et
1433 1174 1488 1220 ex·

224 1263 335 1337 pensis,
359 1261 399 1320 ad
424 1261 508 1335 quod
531 1277 564 1320 se
587 1275 693 1320 coram
717 1262 810 1320 nobis
842 1267 951 1338 sponte
975 1263 1154 1336 obligarunt
1176 1263 1298 1324 nobiles
1321 1269 1489 1323 castrenses

222 1385 295 1444 sepe
318 1368 454 1443 allegati.
476 1367 510 1426 In
534 1381 669 1441 quorum
702 1368 840 1426 omnium
877 1373 907 1428 et
929 1369 1124 1442 singulorum
1148 1370 1368 1440 testimonium,
1391 1369 1488 1430 firmi-

221 1480 379 1550 tatemque
408 1479 594 1549 perpetuam
630 1473 752 1532 litteras
786 1481 908 1533 nostras
943 1475 1158 1550 privilegiales
1192 1491 1264 1536 cum
1298 1475 1488 1550 appensione

220 1581 320 1639 nostri
341 1581 439 1653 sigilli
462 1580 580 1644 eisdem
597 1580 718 1638 civibus
734 1579 774 1638 ad
790 1581 942 1640 cautelam
960 1580 1106 1640 duximus
1129 1581 1347 1642 concedendas.
1371 1583 1488 1642 Datum

222 1687 299 1746 teria
323 1687 418 1746 tercia
449 1687 594 1761 proxima
624 1691 696 1761 post
728 1691 853 1745 octavas
874 1685 946 1746 testi
976 1687 1140 1746 beatorum
1174 1687 1302 1762 Phillipi
1326 1693 1356 1746 et
1378 1689 1489 1772 Jacobi

222 1792 446 1867 apostolorum.
471 1793 691 1852 Annodomini
714 1793 883 1852 millesimo
905 1795 1121 1854 trecentesimo
1144 1795 1344 1868 nonagesimo
1367 1801 1489 1870 quarto.

223 1899 339 1973 Quinta
362 1914 437 1958 vero
460 1901 601 1975 ipsarum
624 1899 763 1958 eiusdem
794 1900 924 1976 capituli
953 1901 1161 1974 zagrabiensis
1184 1901 1288 1960 littera
1310 1901 1488 1960 reambula-

222 2005 311 2076 toria‚
334 2005 412 2064 teria
435 2006 549 2079 quinta
565 2007 709 2080 proxima
739 2013 810 2081 post
839 2006 951 2065 testum
981 2012 1085 2066 sancte
1108 2007 1267 2068 Trinitatis
1290 2022 1370 2070 anuo
1387 2007 1490 2081 gracie

222 2111 392 2168 millesimo
411 2111 625 2170 trecentesimo
640 2113 842 2186 nonagesimo
857 2112 964 2186 quinto
977 2111 1216 2188 privilegialiter
1233 2115 1371 2184 suborta,
1384 2114 1490 2188 sigillo
1540 2188 1542 2192 Ι
1596 2089 1599 2092 ’

223 2216 362 2274 eiusdem
393 2216 425 2275 in
455 2216 601 2291 pendenti
631 2218 754 2290 vallata,
781 2218 968 2294 explicabat,
993 2219 1077 2292 quod
1101 2235 1172 2278 cum
1191 2219 1286 2280 idem
1316 2221 1489 2295 capitulum
1521 2259 1522 2264 η

222 2322 355 2406 receptis
378 2323 491 2382 litteris
503 2307 694 2382 serenissimi
707 2331 737 2382 et
760 2324 859 2384 incliti
883 2325 1034 2398 principis
1057 2325 1178 2386 domiui
1200 2325 1393 2399 sigismundi
1408 2327 1490 2400 regis

222 2429 474 2488 reambulatoriis
504 2429 599 2488 simul
628 2436 658 2488 et
688 2431 846 2504 citatoriis
869 2432 978 2491 maiori
1003 2431 1142 2492 eiusdem
1165 2432 1270 2506 sigillo
1293 2432 1489 2506 consignatis,

223 2550 282 2610 pro
305 2542 394 2610 parte
408 2535 615 2610 providorum
637 2543 667 2594 et
682 2537 979 2612 circumspectorum
1001 2537 1121 2614 judicis,
1142 2537 1317 2614 juratorum
1340 2554 1375 2598 ac
1392 2539 1489 2598 tocius

223 2627 454 2700 communitatis
485 2641 619 2700 civitatis
642 2642 756 2700 montis
788 2641 949 2702 Grecensis
979 2645 1095 2704 civium
1116 2644 1199 2704 dicto
1222 2645 1361 2719 capitulo
1383 2659 1488 2720 cagra-

224 2739 328 2806 biensi'
357 2748 482 2806 directis
513 2727 545 2806 et
565 2746 652 2824 juxta
675 2747 856 2807 mandatum
879 2749 977 2825 ipsius
1000 2749 1118 2810 domini
1141 2750 1333 2824 Sigismundi
1356 2752 1485 2824 registra

223 2853 341 2912 eisdem
365 2855 478 2914 litteris
502 2871 693 2929 expressum,
718 2856 801 2915 dicto
817 2856 956 2930 capitulo
978 2858 1157 2930 iniunctum,
1174 2873 1308 2916 unacum
1324 2856 1488 2934 Stephano,

224 2960 292 3018 filio
322 2959 447 3020 Chemk
479 2961 517 3020 de
540 2961 714 3036 Koznycha,
747 2963 873 3022 homine
907 2962 982 3022 dicti
1005 2963 1123 3022 domiui
1146 2965 1228 3036 regis
1251 2964 1283 3020 in
1307 2963 1489 3037 prescriptis
1540 3003 1544 3012 .

223 3067 334 3129 litteris
356 3067 493 3127 eiusdem
519 3069 598 3126 inter
619 3069 698 3126 alios
721 3068 862 3128 homines
885 3069 986 3142 regios
1008 3069 1206 3128 nominaliter
1227 3069 1344 3128 inserto
1367 3074 1397 3128 et
1419 3082 1489 3130 con·

224 3173 349 3248 scripto,
374 3175 515 3248 ipsorum
538 3175 697 3234 hominem
722 3174 867 3234 videlicet
898 3175 1115 3234 honorabilem
1139 3183 1171 3234 et
1193 3175 1360 3236 discretum
1385 3175 1490 3234 virum

224 3279 386 3336 dominum
408 3280 582 3364 Johannem
604 3281 771 3353 Lanceloti‚
789 3282 907 3340 socium
930 3287 960 3340 et
976 3283 1217 3342 concanonicum
1240 3297 1358 3354 eorum,
1382 3280 1421 3342 ad
1445 3281 1490 3342 iu·

224 3384 421 3458 trascriptam
444 3387 718 3462 possessionariam
742 3389 1027 3447 reambulacionem
1050 3394 1080 3446 et
1104 3393 1259 3447 metarum
1282 3388 1489 3448 erreccionem

225 3491 499 3564 possessionariam
516 3491 708 3566 prefatorum
724 3491 843 3569 judicis,
866 3491 1042 3569 juratorum
1058 3500 1089 3554 et
1112 3495 1229 3554 civium
1252 3494 1334 3554 dicte
1357 3493 1490 3558 civitatis

223 3597 407 3670 Petrowyna
430 3613 465 3654 ac
488 3596 695 3672 Sylalrowyna
716 3605 905 3672 vocatarum,
928 3599 960 3658 in
983 3615 1094 3674 campo
1117 3601 1311 3674 zagrabiensi
1335 3601 1418 3658 ultra
1433 3599 1489 3660 tlu-

225 3703 312 3762 vium
335 3702 426 3760 Zawe
448 3704 626 3762 habitarum
650 3711 680 3764 et
702 3705 902 3764 existencium
919 3705 1083 3778 faciendas,
1101 3722 1158 3781 pro
1182 3721 1290 3766 eorum
1315 3707 1490 3766 testimonio

225 3809 383 3868 duxissent
414 3809 619 3868 destinandos.
652 3810 715 3883 Qui
737 3810 862 3870 tandem
887 3811 997 3870 exinde
1027 3812 1066 3872 ad
1098 3811 1182 3870 idem
1206 3813 1379 3886 capitulum
1403 3812 1490 3872 rede·

224 3921 312 3974 untes
336 3923 366 3974 et
389 3933 445 3991 per
461 3915 587 3974 eosdem
603 3915 770 3990 diligenter
784 3918 936 3992 requisiti,
951 3918 1067 3978 eisdem
1091 3919 1284 3978 concorditer
1296 3926 1326 3977 et
1348 3919 1490 3994 ipsorum

225 4022 293 4096 pari
324 4027 355 4082 et
389 4023 527 4082 unanimi
562 4029 636 4080 voto
671 4023 848 4082 retulissent
877 4025 937 4083 isto
967 4024 1071 4098 modo,
1103 4025 1188 4100 quod
1219 4026 1280 4099 ipsi
1304 4025 1381 4086 feria
1404 4029 1491 4086 sexta

225 4129 369 4201 proxima
391 4134 461 4186 ante
484 4127 597 4186 festum
620 4137 724 4188 sancte
747 4135 776 4188 et
798 4130 958 4190 individue
981 4131 1140 4192 Trinitatis
1163 4132 1293 4192 indicto
1317 4146 1397 4218 auno
1420 4147 1491 4205 pro·
1522 4193 1525 4198 ,

225 4233 352 4296 teritum
376 4235 414 4292 ad
432 4233 525 4292 iacies
540 4235 753 4309 predictarum
769 4237 1001 4310 possessionum
1016 4237 1156 4312 ipsorum
1173 4237 1289 4317 civium
1308 4237 1507 4310 Petrowyna*

226 4347 255 4397 et
278 4339 488 4413 Sylalrowyna
511 4341 741 4416 appellatarum
758 4343 898 4402 simulet
921 4345 1056 4402 invicem
1072 4342 1268 4418 procedendo
1284 4343 1490 4415 accessissent,

191 4433 195 4438 ¹
225 4453 255 4504 et
278 4447 365 4521 prius
395 4446 576 4532 earumdem
608 4450 837 4522 possessionum
869 4448 976 4508 vicinis
1000 4455 1031 4511 et
1060 4449 1291 4521 commetaneis,
1324 4449 1436 4511 litteris
1460 4449 1491 4507 in

225 4551 341 4610 eisdem
357 4552 532 4624 nominatis,
557 4553 632 4611 illac
655 4556 830 4612 convocatis
854 4560 884 4612 et
907 4553 1111 4630 presentibus,
1127 4555 1229 4628 primo
1246 4556 1347 4630 ipsam
1372 4569 1492 4628 posses·

224 4659 343 4716 sionem
367 4658 551 4732 Petrowyna
574 4677 632 4736 per
655 4675 725 4718 suas
755 4667 875 4720 veteres
906 4665 937 4719 et
959 4659 1101 4734 antiquas
1126 4665 1224 4720 metas
1248 4666 1339 4735 prout
1364 4676 1420 4734 per
1442 4675 1490 4720 re·

225 4765 308 4836 giam
333 4765 527 4824 maiestatem
549 4783 674 4844 semper
697 4772 727 4824 et
758 4767 799 4824 ab
823 4767 951 4842 antiquo
974 4772 1057 4824 tenta
1080 4766 1175 4824 luisse
1198 4772 1228 4826 et
1249 4781 1390 4840 possessa
1413 4781 1491 4827 asse·

225 4871 382 4958 rebantur,
412 4867 537 4932 tandem
568 4875 670 4948 ipsam
703 4873 927 4948 possessionem
960 4888 1012 4932 seu
1045 4878 1162 4932 terram
1196 4871 1404 4944 Sylalrowyna
1435 4887 1492 4946 per

224 4992 295 5038 suas
318 4992 408 5036 veras
424 4985 523 5038 metas
545 4980 785 5051 reambulantes,
800 4979 889 5040 novis
905 4978 996 5038 metis
1018 4983 1049 5038 et
1063 4978 1158 5054 signis
1181 4977 1358 5052 metalibus,
1381 4978 1492 5042 titteris
