3828 5822
766 543 840 602 Doc.
863 552 932 620 273.
957 575 1001 586 —
1023 544 1078 602 An.
1107 555 1194 623 1472.

950 771 1034 840 273.

462 918 542 966 Anno
565 928 638 980 1472,
658 927 699 968 20.
719 917 789 966 maii.
808 915 905 966 Budae.

357 1042 501 1114 Mattius,
523 1043 702 1118 Hungan'ae
723 1049 774 1103 etc.
790 1060 854 1111 rex,
869 1040 998 1111 mundat,
1011 1042 1135 1115 capitulo
1146 1041 1263 1112 albensi,
1278 1049 1312 1098 ut
1321 1043 1506 1100 communitas
1521 1043 1623 1099 montt's·

391 1149 542 1209 Grecensis
564 1151 595 1206 in
618 1149 784 1224 legittimam
804 1148 1006 1222 possessionem
1028 1147 1142 1218 Dedt'lr',
1172 1127 1337 1205 &momercc
1359 1155 1409 1210 etc.
1433 1155 1590 1208 statuatur.

460 1293 591 1352 Mathias
615 1293 665 1351 dei
687 1292 791 1365 gracia
813 1307 869 1349 rex
892 1291 1059 1364 Hungarie,
1084 1289 1230 1348 Bohemie
1253 1296 1307 1348 etc.
1331 1290 1492 1349 Fidelibus
1508 1290 1621 1350 nostris

356 1400 493 1474 capitulo
517 1399 644 1458 ecclesie
667 1398 813 1470 albensis,
836 1397 969 1454 salutem
993 1401 1023 1454 et
1052 1396 1201 1468 graciam.
1233 1395 1313 1454 Cum
1340 1411 1397 1454 nos
1420 1396 1622 1455 consideratis

355 1504 505 1564 fidelitate
527 1509 558 1563 et
580 1503 719 1562 serviciis
742 1503 885 1561 fidelium
908 1507 1086 1562 nostrorum
1118 1503 1414 1576 circumspectorum
1437 1500 1555 1577 judicis,
1576 1499 1622 1578 ju·

355 1617 506 1683 ratorum,
535 1617 773 1684 ceterorumque
802 1610 918 1668 civium
948 1608 1083 1667 civitatis
1101 1613 1205 1667 nostre
1236 1609 1350 1666 montis
1385 1607 1547 1666 Grecensis
1582 1607 1621 1666 de

355 1715 442 1793 juxta
465 1716 659 1791 Zagrabiam,
684 1731 740 1790 per
763 1729 815 1773 eos
836 1715 926 1774 nobis
949 1715 1104 1786 exhibitis,
1127 1715 1336 1789 possessiones
1359 1714 1491 1788 Dedycz,
1528 1713 1623 1772 Cher·

355 1837 506 1896 nomercz,
539 1821 658 1896 Bythek
692 1827 722 1880 et
756 1820 867 1879 Noualr
901 1825 1035 1893 vocatas,
1071 1821 1197 1879 omnino
1231 1822 1264 1879 in
1299 1821 1456 1880 territorio
1490 1821 1623 1881 civitatis

354 1933 458 1998 nostre
479 1930 652 2001 existentes,
672 1928 804 1998 habitas,
827 1927 859 1986 in
890 1942 1025 2001 quarum
1056 1926 1187 2002 pacifico
1220 1926 1359 1986 dominio
1392 1926 1505 2002 prelati
1539 1929 1621 1987 cives

354 2034 587 2110 predecessores
617 2049 689 2094 suos
720 2035 760 2094 ab
789 2033 917 2107 antiquo
948 2035 1127 2107 perstitisse,
1159 2031 1213 2092 sed
1244 2033 1371 2092 tandem
1394 2035 1551 2108 preteritis
1575 2034 1621 2093 di·

355 2144 547 2202 sturbiorum
572 2142 767 2216 temporibus
789 2156 846 2216 per
868 2141 1035 2200 nonnullos
1058 2139 1231 2198 detentores
1262 2139 1443 2199 earumdem
1475 2142 1621 2214 qualiter·

356 2265 489 2323 cumque
520 2249 622 2307 minus
650 2245 729 2324 juste
761 2249 802 2306 ab
832 2248 900 2322 ipsa
932 2247 1055 2305 civitate
1085 2251 1189 2304 nostra
1220 2251 1387 2320 occupatas
1419 2253 1448 2305 et
1471 2247 1621 2306 alienatas

357 2353 424 2413 iore
458 2359 606 2426 asserunt,
640 2358 671 2412 et
704 2354 831 2428 insuper
865 2351 1025 2426 quoddam
1060 2351 1177 2410 vadum
1213 2352 1377 2425 Kyralrew
1411 2359 1566 2424 vocatum,
1589 2355 1621 2411 in

354 2459 450 2520 fluvio
473 2461 565 2519 Zawe
587 2461 740 2532 habitum,
764 2459 803 2517 ad
827 2467 963 2517 castrum
987 2464 1127 2518 nostrum
1152 2459 1271 2517 Medwe
1295 2459 1459 2533 pertinens,
1490 2459 1529 2518 de
1552 2459 1620 2533 ipso

355 2573 455 2626 castro
477 2574 583 2625 nostro
607 2565 726 2624 Medwe
746 2571 983 2640 sequestrantes,
1007 2565 1082 2623 item
1106 2569 1207 2623 totum
1230 2569 1260 2623 et
1288 2579 1380 2624 omne
1406 2565 1454 2642 jus
1479 2573 1620 2624 nostrum

355 2674 486 2748 regium,
519 2673 545 2731 si
576 2671 660 2745 quod
691 2673 723 2730 in
754 2670 882 2746 prefatis
914 2671 1160 2745 possessionibus
1192 2677 1222 2729 et
1246 2671 1326 2729 vado
1352 2671 1620 2747 qualitercumque

355 2779 552 2850 haberemus,
576 2785 629 2837 aut
653 2785 791 2836 nostram
813 2795 852 2836 ex
875 2778 1126 2852 quibuscumque
1148 2778 1258 2850 causis,
1281 2778 1350 2850 viis,
1382 2779 1485 2838 modis
1519 2785 1550 2837 et
1572 2794 1620 2837 ra·

355 2887 496 2946 cionibus
526 2891 722 2944 concerneret
751 2885 962 2958 maiestatem,
996 2885 1092 2943 simul
1126 2901 1198 2944 cum
1230 2886 1346 2944 cunctis
1376 2885 1557 2944 earumdem
1587 2891 1617 2944 et

355 2994 494 3052 eiusdem
517 2992 590 3051 vadi
612 2991 807 3063 utilitatibus,
831 2991 1098 3050 fructuositatibus
1114 2997 1144 3050 et
1160 2992 1356 3066 pertinenciis
1371 2992 1621 3066 quibuscumque

355 3099 524 3175 premissis,
546 3099 590 3157 sic
612 3104 648 3156 ut
672 3097 836 3172 prefertur,
860 3099 1013 3156 stantibus
1043 3104 1072 3156 et
1096 3115 1129 3156 se
1160 3099 1355 3169 habentibus,
1386 3105 1557 3157 memorate
1580 3099 1621 3157 ci·

355 3207 444 3264 vitati
466 3211 570 3263 nostre
592 3205 706 3262 montis
730 3204 893 3264 Grecensis
916 3212 947 3262 et
970 3221 1027 3280 per
1050 3219 1239 3278 consequens
1262 3205 1383 3263 civibus
1399 3211 1429 3262 et
1444 3205 1621 3280 hospitibus

355 3313 386 3371 in
409 3311 518 3370 eadem
540 3326 598 3386 pro
622 3317 763 3384 tempore
786 3312 1061 3383 commorantibus,
1084 3311 1192 3384 vigore
1213 3311 1346 3369 aliarum
1370 3311 1545 3370 litterarum
1569 3326 1621 3369 no-

356 3425 490 3476 strarum
504 3417 753 3476 donacionalium
777 3417 887 3476 exinde
911 3405 1170 3476 confectarum'in
1186 3423 1373 3491 perpetuum
1390 3418 1620 3488 contulerimus,

355 3525 551 3598 velimusque
574 3523 700 3581 eosdem
722 3524 755 3582 in
778 3523 952 3581 dominium
974 3522 1153 3581 earumdem
1178 3529 1208 3582 et
1231 3523 1368 3582 eiusdem
1393 3541 1449 3598 per
1479 3531 1619 3582 nostrum

355 3637 385 3689 et
409 3635 548 3688 vestrum
579 3630 720 3688 homines
743 3629 895 3702 legittime
929 3628 1030 3687 facere
1060 3629 1222 3688 introduci.
1252 3628 1353 3703 Super
1383 3646 1445 3704 quo
1477 3630 1621 3689 fidelitati

354 3743 457 3795 vestre
481 3735 673 3826 mandamus,
695 3741 846 3808 quatenus
870 3742 1009 3793 vestrum
1035 3736 1165 3794 mittatis
1190 3737 1348 3794 hominem
1370 3753 1428 3810 pro
1445 3737 1620 3796 testimonio

355 3843 418 3902 fide
441 3843 579 3914 dignum,
604 3856 666 3914 quo
691 3849 841 3915 presente,
864 3841 947 3899 iwek
970 3839 1008 3900 de
1032 3841 1248 3915 Brezowycha,
1280 3843 1331 3902 vel
1364 3845 1496 3901 Michael
1527 3843 1620 3902 Bena-

355 3949 495 4022 kowycb‚
527 3954 581 4006 aut
604 3949 712 4006 Petrus
743 3948 782 4006 de
813 3947 971 4020 Kayenyk,
995 3965 1048 4005 seu
1066 3949 1248 4007 Valentinus
1271 3949 1310 4007 de
1333 3949 1551 4014 Chemirowcz.
1574 3950 1621 4007 sin

355 4056 506 4114 Martinus
538 4055 576 4113 de
604 4053 823 4127 Schytaryewo
855 4060 908 4112 aut
938 4053 1113 4128 Stephanus
1137 4055 1175 4112 de
1199 4056 1395 4128 Adamowcz,
1418 4057 1487 4114 aliis
1511 4056 1621 4113 absen-

354 4163 446 4234 tibus,
463 4162 558 4220 homo
576 4167 689 4232 noster,
712 4160 752 4218 ad
775 4160 869 4218 facies
892 4143 1137 4234 prescriptorum
1160 4163 1389 4236 possessionum
1413 4167 1443 4220 et
1458 4161 1532 4220 dicti
1548 4160 1621 4218 vadi

355 4267 464 4326 vicinis
487 4272 517 4325 et
539 4267 760 4325 commetaneis
783 4266 923 4325 eiusdem
946 4268 1098 4326 universis
1122 4267 1198 4325 inibi
1221 4267 1372 4341 legittime
1392 4269 1567 4327 convocatis
1590 4273 1620 4325 et

355 4375 550 4448 presentibus
572 4371 758 4443 accedentes,
783 4372 908 4431 inducat
933 4381 1123 4432 memoratos
1154 4374 1236 4432 cives
1259 4381 1289 4432 et
1312 4376 1566 4433 communitatem
1589 4375 1621 4432 in

355 4479 531 4538 dominium
561 4479 742 4539 earumdem
774 4485 804 4538 et
832 4480 978 4553 eiusdem,
1002 4487 1177 4554 statuatque
1200 4481 1323 4538 easdem
1346 4487 1376 4539 et
1399 4481 1482 4540 idern
1505 4479 1622 4538 eisdem

354 4587 448 4645 simul
478 4601 550 4644 cum
585 4586 668 4644 dicto
702 4583 771 4662 jure
801 4593 907 4646 nostro
938 4589 1023 4660 regio
1048 4589 1079 4646 in
1102 4587 1219 4646 eisdem
1242 4588 1349 4645 habito
1372 4603 1408 4646 ac
1431 4589 1547 4646 cunctis
1571 4603 1620 4645 ea·

353 4692 486 4752 rundem
519 4699 550 4750 et
580 4691 719 4751 eiusdem
750 4693 937 4752 utilitatibus
969 4699 999 4752 et
1034 4694 1230 4767 pertinenciis
1253 4694 1447 4766 quibuslibet
1469 4697 1621 4770 premisse

353 4805 458 4857 nostre
481 4814 561 4856 nove
585 4799 763 4858 donacionis
786 4800 886 4871 titulo,
909 4807 1062 4874 perpetuo
1086 4799 1297 4875 possidendas,
1317 4801 1421 4860 sinon
1438 4800 1530 4860 luerit
1549 4817 1618 4860 con·

353 4905 529 4964 tradictum.
557 4905 806 4966 contradictores
838 4923 921 4980 vero,
945 4909 972 4966 si
1003 4907 1056 4982 qui
1088 4907 1211 4978 suerint,
1235 4913 1342 4966 evocet
1365 4907 1490 4966 eosdem
1514 4915 1620 4968 contra

353 5017 515 5070 annotatos
539 5013 622 5071 cives
646 5014 678 5072 in
700 5014 895 5088 presenciam
919 5013 1073 5072 banorum
1099 5015 1151 5072 vel
1176 5015 1402 5072 vicebanorum·
1415 5015 1502 5089 regni
1524 5016 1622 5075 nostri
