3764 5924
619 569 694 632 Doc.
712 585 793 652 390·
819 605 861 618 -
885 575 943 632 An.
968 568 1063 653 1498.
1407 589 1470 654 513

206 785 363 845 restitutis.
386 787 503 844 Datum
525 785 610 844 Bude
634 785 711 846 teria
727 789 821 846 tercia
845 791 989 863 proxima
1012 797 1083 849 ante
1105 790 1220 850 festum
1243 792 1469 853 penthecostes.

205 892 296 950 Anno
329 890 448 952 domini
475 892 646 950 millesimo
676 893 982 967 quadringentesimo
1026 897 1227 970 nonagesimo
1262 904 1380 966 octavo.
1410 899 1473 958 ,Re-

205 1011 340 1070 gnorum
359 1003 537 1056 nostrorum
559 997 717 1071 Hungarie
730 1004 784 1057 etc.
808 1005 927 1072 octavo,
941 1001 1088 1060 Bohemie
1101 1016 1175 1059 vero
1188 1003 1339 1076 vigesimo
1356 1009 1475 1066 octavo.

317 1115 452 1181 Originale
469 1116 497 1166 in
515 1116 611 1167 charta.
632 1117 664 1166 In
683 1117 799 1180 margine
818 1118 934 1170 interiori
952 1121 1106 1186 impressum
1125 1126 1165 1168 est
1184 1120 1308 1184 sigillum.
1327 1123 1360 1171 In
1378 1123 1474 1175 archiv.

205 1203 254 1256 lib.
274 1220 327 1268 reg.
347 1205 417 1256 civit.
437 1205 539 1268 zagrab.

805 1385 897 1452 390.

314 1473 395 1520 Auno
417 1472 492 1533 1498.
513 1481 553 1533 31.
575 1471 644 1522 maii.
664 1472 761 1522 Budae.

215 1577 384 1636 Vladist‘aus
407 1579 584 1652 Hungariue
618 1586 665 1640 etc.
689 1598 752 1650 rex,
775 1582 1027 1639 trr'cmtmator'r'bus
1048 1583 1166 1656 zagrub.
1184 1584 1331 1657 praecibit
1352 1565 1387 1642 nr
1402 1587 1474 1658 plus

255 1663 258 1670 ’
403 1685 491 1742 quam
513 1667 573 1741 lege
585 1670 804 1742 praescrrptum
828 1677 877 1740 ert,
892 1677 954 1744 pro
975 1671 1117 1728 tricesima
1148 1672 1274 1745 exigant.

910 1789 1065 1839 Commissio
1085 1791 1188 1856 propria
1207 1792 1304 1841 domini
1324 1794 1400 1856 regis.
1438 1791 1440 1796 ’

211 1885 215 1894 ’
311 1899 505 1957 wladislaus
536 1897 586 1957 dei
617 1899 720 1972 gracia
743 1915 798 1956 rex
821 1900 981 1972 Hungarie
1004 1907 1034 1958 et
1057 1900 1205 1960 Bohemie
1228 1909 1282 1961 etc.
1306 1887 1467 1962 Fidelibus

204 1981 318 2064 nostris
340 2003 472 2078 egregiis
506 2003 671 2064 Benedicto
695 2003 733 2062 de
757 2004 886 2063 Wemer
908 2012 939 2063 et
962 2006 1092 2064 Nicolao
1115 2007 1154 2066 de
1176 1985 1282 2080 Zeech,
1299 2009 1469 2068 tricesima·

204 2111 324 2169 toribus
340 2111 452 2169 nostris
475 2109 735 2183 zagrabiensibus,
759 2109 939 2170 salutemet
961 2112 1099 2185 graciam
1121 2113 1295 2188 Exponitur
1316 2115 1471 2174 maiestati

203 2220 308 2276 nostre
331 2231 389 2290 pro
412 2221 501 2290 parte
524 2223 555 2274 et
577 2216 608 2274 ln
629 2216 769 2291 personis
792 2215 1124 2276 fideliumnostrorum
1145 2207 1336 2292 prudentum
1364 2226 1395 2278 et
1411 2222 1470 2280 cir*

204 2327 456 2397 cumspectorum
485 2320 597 2398 judicis
628 2329 659 2380 et
680 2319 855 2398 juratorum
874 2327 1122 2398 ‘ceterorumque
1153 2301 1271 2383 civium
1305 2331 1336 2384 et
1368 2327 1468 2385 tocius

204 2428 436 2487 communitatis
466 2428 599 2486 civitatis
636 2433 741 2486 nostre
772 2427 887 2487 montis
920 2429 1091 2503 Grecensis,
1124 2430 1259 2504 qualiter
1293 2413 1351 2489 vos
1374 2447 1469 2506 super

205 2531 290 2608 ipsos
313 2533 397 2592 cives
419 2539 542 2592 nostros
564 2547 626 2592 non
650 2535 736 2592 iuxta
758 2535 983 2593 limitacionem
1007 2535 1178 2594 secundum
1196 2551 1290 2610 quam
1315 2537 1470 2616 tricesimo

203 2653 308 2698 rerum
344 2643 375 2697 et
396 2640 557 2710 mercium,
588 2639 739 2713 qualitate
762 2646 897 2714 pensata,
921 2641 1019 2716 recipi
1041 2641 1151 2714 solent,
1174 2643 1364 2702 tricesimam
1388 2645 1467 2702 acci·

203 2745 326 2819 peretis,
348 2743 403 2803 sed
426 2744 465 2802 de
488 2743 618 2818 singulis
638 2750 758 2819 septem
781 2744 913 2818 florenis,
937 2745 1015 2804 duos
1038 2759 1148 2806 aureos
1172 2763 1230 2822 pro
1246 2729 1405 2808 tricesima
1427 2730 1469 2808 ab

202 2850 279 2926 ipsis
302 2851 473 2924 exigeretis,
497 2849 581 2924 quod
605 2849 727 2910 cederet
749 2851 781 2909 in
805 2851 979 2910 maximum
1003 2853 1210 2928 preludicium
1225 2851 1303 2930 juris
1326 2855 1467 2928 ipsorum

203 2955 430 3031 exponencium
464 2961 495 3014 et
529 2955 678 3014 damnum
716 2970 777 3015 non
808 2957 976 3016 modicum.
1007 2957 1098 3018 Unde
1129 2960 1341 3033 supplicatum
1369 2961 1470 3020 extitit

203 3063 356 3122 maiestati
391 3068 496 3122 nostre
529 3063 560 3121 in
584 3063 724 3137 personis
759 3063 942 3122 eorumdem
976 3066 1211 3140 exponencium,
1235 3071 1268 3123 ut
1302 3068 1386 3140 ipsos
1408 3067 1470 3126 hoc·

202 3169 328 3228 insolito
359 3176 389 3226 et
420 3169 566 3228 inusitato
599 3169 767 3228 solucionis
801 3183 912 3243 genere
942 3172 1068 3243 gravari
1099 3186 1162 3229 non
1192 3177 1378 3246 pateremur.
1403 3173 1467 3232 Nos

202 3275 297 3348 igitur
319 3280 446 3348 accepta
469 3275 701 3349 supplicacione
724 3275 880 3334 dictorum
902 3277 1128 3350 exponencium
1150 3277 1290 3335 volentes
1314 3277 1465 3338 indemni·

202 3381 259 3438 tati
282 3395 391 3438 eorum
408 3379 578 3449 consulere,
603 3380 789 3440 mandamus
811 3381 956 3440 fidelitati
979 3387 1082 3441 vestre
1105 3383 1184 3441 serie
1200 3385 1396 3456 presencium
1412 3383 1465 3445 fir-

203 3487 351 3559 missime,
375 3485 461 3544 aliud
486 3486 518 3544 in
541 3501 665 3544 omnem
682 3492 827 3545 eventum
848 3488 964 3546 babere
986 3488 1135 3559 nolentes,
1158 3492 1192 3546 ut
1223 3489 1337 3548 amodo
1368 3507 1462 3566 super

202 3591 340 3666 prelatos
363 3593 447 3650 cives
480 3597 510 3650 et
539 3593 795 3652 communitatem
819 3593 881 3652 loci
904 3593 1036 3668 predicti
1058 3595 1181 3653 racione
1204 3611 1311 3654 rerum
1334 3603 1365 3655 et
1387 3607 1467 3656 mer·

203 3698 288 3756 cium
308 3699 448 3772 ipsorum
473 3699 532 3756 sub
554 3699 613 3756 hac
644 3699 833 3758 limitacione
857 3700 1045 3758 tricesimam
1068 3699 1207 3773 exigatis,
1231 3705 1265 3758 ut
1287 3701 1406 3761 scilicet
1428 3701 1467 3761 de

201 3803 358 3862 mercibus
379 3805 445 3862 sive
468 3804 561 3862 rebus
584 3804 625 3861 ad
648 3805 790 3863 valorem
811 3805 937 3878 triginta
959 3803 1148 3864 florenorum
1171 3821 1203 3864 se
1226 3807 1463 3866 extendentibus

202 3924 263 3967 non
286 3910 358 3984 plus
391 3925 486 3983 quam
517 3926 614 3968 unum
645 3909 797 3969 tlorenum
819 3926 878 3986 pro
898 3911 1057 3970 solucione
1080 3912 1260 3970 tricesimaii
1283 3917 1388 3987 petere
1412 3931 1465 3972 seu

205 4015 337 4088 exigere,
360 4016 485 4090 petique
498 4032 551 4075 seu
564 4017 647 4090 exigi
661 4016 762 4075 lacere
774 4018 970 4092 presumatis,
986 4023 1079 4092 atque
1087 4017 1171 4093 ipsos
1187 4024 1218 4076 et
1234 4034 1342 4076 eorum
1359 4035 1470 4108 quem·

204 4119 282 4179 libet
305 4123 337 4180 in
359 4122 539 4180 huiusmodi
563 4138 619 4196 per
649 4138 706 4181 nos
728 4123 862 4182 limitata
885 4124 1044 4182 solucione
1067 4139 1192 4198 semper
1214 4125 1300 4182 omni
1323 4131 1464 4199 tempore

205 4241 390 4286 conservare
428 4233 459 4287 et
492 4230 671 4286 conservari
701 4229 798 4287 eciam
830 4229 931 4288 tacere
961 4229 1063 4288 modis
1095 4229 1242 4288 omnibus
1274 4229 1412 4288 debeatis
1435 4235 1466 4290 et

201 4334 376 4392 teneamini.
399 4335 435 4392 Et
458 4335 518 4392 hoc
549 4334 696 4394 volumus
727 4335 825 4393 eciam
849 4351 905 4410 per
935 4335 1056 4426 tuturos
1079 4336 1319 4394 tricesimatores
1342 4317 1469 4396 nostros'

200 4437 287 4496 illius
309 4439 397 4512 regni
426 4441 524 4498 nostri
557 4438 721 4498 Sclauonie
741 4439 850 4513 facere,
874 4441 1068 4515 firmiterque
1091 4443 1218 4500 seruari.
1240 4442 1469 4517 Presentesque¹

199 4547 272 4618 post
293 4543 445 4603 lecturam
467 4561 592 4620 semper
614 4545 704 4604 reddi
726 4547 923 4620 presentanti.
947 4547 1064 4605 Datum
1080 4547 1165 4606 Bude
1181 4546 1256 4607 teria
1270 4550 1376 4624 quinta
1392 4564 1466 4622 pro·

199 4650 285 4706 xima
307 4652 377 4708 ante
408 4651 521 4709 festum
552 4651 774 4711 Penthecostes.
808 4654 896 4711 Anno
920 4653 1040 4711 domini
1063 4647 1233 4712 millesimo
1257 4653 1467 4742 quadringenj

200 4755 311 4813 tesimo
341 4758 542 4830 nonagesimo
573 4765 692 4816 octavo.
724 4758 904 4831 Regnorum
926 4765 1104 4817 nostrorum
1125 4759 1285 4834 Hungarie
1308 4761 1363 4819 etc.
1387 4763 1467 4820 anno'

200 4867 321 4933 octavo,
345 4861 493 4921 Bohemie
517 4879 593 4922 vero
616 4865 768 4938 vigesimo
791 4870 910 4923 octavo.

307 4979 441 5044 Originale
465 4981 493 5030 iu
520 4981 675 5034 membrana.
694 4983 727 5031 In
745 4983 862 5032 interiori
880 4984 996 5048 margine
1009 4985 1164 5049 impressum
1183 4993 1222 5034 est
1241 4983 1356 5048 sigillum
1377 4985 1466 5034 maius.

200 5068 233 5117 Iu
252 5067 348 5117 archiv.
367 5068 428 5121 incl.
449 5070 533 5122 Acad.
553 5071 648 5122 Sciant.
668 5070 760 5120 Slaror
779 5072 869 5123 merid.

1345 5181 1384 5241 33
