3804 5858
357 465 422 526 454
785 443 859 502 Doc.
876 437 956 519 346.
983 473 1021 484 ·-
1046 440 1104 500 An.
1128 435 1219 518 1487.

356 661 465 722 deudis
498 666 529 720 et
558 660 716 719 salvandis
749 657 871 735 juribus
901 659 1044 732 ipsorum
1078 656 1291 716 exhibuissent
1324 659 1355 713 et
1392 657 1624 731 produxissent,

357 771 471 844 quibus
494 767 620 826 tandem
643 765 817 840 privilegiis
841 781 897 839 per
920 765 1026 838 ipsum
1049 762 1212 820 dominum
1235 763 1438 820 Laurentium
1460 763 1571 822 revisis
1593 768 1624 820 et

356 874 529 946 ruminatis,
551 873 635 931 idem
660 889 698 930 ex
720 871 902 930 eorumdem
927 869 1165 944 privilegiorum
1189 869 1349 927 tenoribus
1371 875 1411 954 et·
1425 869 1624 928 continenciis

356 983 389 1040 in
410 981 478 1055 ipsa
502 995 593 1037 causa
614 981 693 1037 inter
716 987 820 1052 partes
843 992 898 1035 sua
921 977 953 1034 in
976 977 1134 1050 presencia
1150 973 1245 1033 modo
1262 975 1416 1048 premisso
1433 981 1570 1034 vertente
1593 982 1625 1034 et

357 1087 475 1158 habita,
498 1086 610 1143 seriem
633 1100 687 1142 sue
709 1083 871 1160 judiciarie
901 1081 1138 1140 deliberacionis
1169 1081 1264 1140 variis
1289 1082 1427 1156 partium
1460 1081 1624 1156 allegacio·

352 1193 449 1252 'nibus
473 1197 503 1250 et
526 1191 783 1249 altercacionibus
806 1195 913 1247 contra
936 1203 1002 1246 sese
1025 1188 1135 1245 suain
1159 1188 1318 1260 presencia
1341 1186 1429 1246 iactis
1453 1187 1623 1247 admodum

359 1299 550 1376 declarantes
572 1297 741 1354 ultimatim
767 1294 1006 1354 deliberandum
1036 1293 1252 1351 conclusisset:
1285 1293 1367 1366 quod
1394 1296 1467 1368 quia
1491 1295 1624 1369 prealle·

359 1406 423 1478 gati
446 1406 530 1462 cives
559 1409 590 1461 et
620 1403 758 1476 hospites
789 1401 827 1459 de
858 1400 955 1458 Grecz
985 1399 1141 1474 predictas
1173 1400 1383 1473 possessiones
1416 1400 1562 1473 Kobylya
1593 1405 1624 1458 et

358 1509 531 1583 zvryblyan
554 1513 688 1575 vocatas,
711 1507 873 1581 vigoribus
896 1504 1070 1564 efficacium
1094 1505 1372 1564 instrumentorum
1395 1521 1453 1580 per
1475 1521 1623 1580 procura·

357 1607 458 1674 torem
482 1614 638 1673 dictorum
661 1614 776 1672 civium
798 1627 906 1670 coram
928 1613 998 1686 ipso
1021 1611 1150 1670 domino
1175 1611 1346 1670 Laurencio
1377 1613 1527 1684 magistro
1558 1613 1623 1670 tha·

359 1723 557 1780 vernicorum
581 1718 806 1794 productorum
837 1718 914 1792 ipsis
944 1718 1134 1792 pertinerent
1164 1722 1195 1775 et
1225 1732 1242 1775 a
1274 1722 1416 1791 tempore
1445 1716 1624 1777 collacionis

359 1827 540 1886 earumdem
574 1825 807 1899 possessionum
841 1823 919 1898 ipsis
952 1822 1041 1896 facte,
1076 1827 1111 1882 ut
1144 1823 1240 1882 iidem
1272 1824 1414 1896 magistri
1446 1823 1623 1882 Demetrius

359 1927 594 1993 archidiaconus
616 1937 647 1989 et
668 1930 835 2002 Dyonisius
859 1944 964 1987 coram
980 1930 1050 2003 ipso
1067 1928 1194 1988 domino
1209 1929 1381 1988 Laurencio
1397 1929 1470 1987 lassi
1486 1928 1624 2003 fuissent,

359 2055 483 2114 semper
516 2040 549 2096 in
584 2036 700 2095 eisdem
733 2035 861 2110 pacifice
891 2035 1061 2108 perstitisse
1094 2041 1125 2093 et
1155 2035 1220 2093 sine
1251 2035 1357 2110 aliqua
1380 2035 1624 2094 contradiccione

359 2145 490 2220 capituli
512 2143 651 2202 annotati
672 2142 846 2200 luculenter
868 2140 1145 2214 demonstrassent,
1160 2141 1341 2216 dictumque
1363 2142 1537 2216 capitulum
1559 2147 1624 2199 tam

358 2257 500 2326 tempore
534 2249 713 2308 statucionis
745 2247 883 2306 eiusdem
918 2247 1120 2320 possessionis
1154 2247 1302 2320 Kobylya
1336 2263 1431 2322 quam
1461 2247 1624 2306 concordie

359 2362 520 2433 prenotate
543 2356 629 2414 velut
652 2355 697 2413 nil
719 2351 797 2430 juris
819 2353 926 2426 nilque
956 2353 1157 2427 proprietatis
1178 2354 1210 2411 in
1243 2354 1490 2427 possessionibus
1513 2368 1624 2428 preno-

362 2465 434 2523 tatis
456 2461 684 2522 considerantes
709 2477 741 2518 se
764 2460 880 2517 habere
903 2458 1010 2531 aliquo
1033 2458 1288 2518 contradiccionis
1311 2460 1474 2518 obstaculo
1490 2476 1547 2535 per
1560 2460 1623 2518 iam

362 2570 462 2628 iatum
485 2569 648 2627 dominum
670 2565 876 2624 Laurencium
898 2565 1084 2637 magistrum
1114 2566 1367 2624 thavernicorum
1390 2581 1555 2625 commune
1577 2583 1624 2625 re·

361 2681 486 2750 perium
510 2674 668 2744 extitisset,
691 2673 813 2730 civibus
837 2675 867 2728 et
889 2670 1065 2744 hospitibus
1096 2669 1134 2728 de
1158 2669 1254 2729 Grecz
1277 2673 1449 2746 prenotatis
1478 2672 1624 2732 obviasse

361 2790 391 2839 et
414 2796 452 2838 ex
475 2794 512 2837 eo
534 2780 618 2853 ipsas
641 2778 850 2853 possessiones
872 2777 1012 2834 amisisse
1034 2782 1065 2833 et
1094 2778 1283 2836 consensisse
1307 2783 1437 2852 propter
1467 2779 1515 2836 sui
1546 2779 1620 2838 taci-

361 2887 539 2944 turnitatem
563 2889 593 2942 et
618 2890 748 2958 propter
776 2883 926 2956 temporis
957 2881 1192 2942 diuturnitatem
1222 2885 1302 2942 bene
1332 2886 1445 2943 merito
1475 2886 1625 2960 potuisset

360 2993 510 3063 annotari,
533 2991 714 3065 litterasque
737 2989 1018 3065 protestacionaleS,
1042 2991 1264 3065 prohibitorias
1296 2997 1326 3050 et
1349 2993 1427 3050 alias
1460 2992 1623 3066 quaslibet,

332 3152 336 3159 .
362 3115 423 3173 que
445 3099 575 3156 alicuius
598 3096 788 3154 efficacitatis
812 3095 992 3154 viderentur
1022 3097 1075 3154 vei
1105 3099 1254 3156 momenti
1286 3097 1368 3156 facto
1399 3100 1431 3157 in
1461 3099 1624 3173 premisso,

361 3204 456 3263 iidem
480 3207 697 3278 procuratores
720 3202 849 3276 capituli
873 3202 1000 3260 ecclesie
1023 3205 1229 3276 zagrabiensis
1252 3220 1309 3278 per
1330 3205 1438 3279 ipsum
1462 3205 1625 3264 dominum

361 3311 566 3369 Laurencium
588 3310 635 3366 uti
657 3323 714 3366 suo
736 3309 927 3366 incubuisset
943 3308 1048 3367 officio
1071 3311 1151 3368 trina
1174 3311 1243 3369 vice
1258 3311 1399 3385 requisiti
1414 3313 1625 3386 nequivissent

363 3434 419 3476 nec
442 3419 682 3491 assumpsissent
704 3415 866 3485 exhibere3
890 3415 984 3488 igitur
1003 3416 1070 3490 ipse
1094 3415 1239 3475 dominus
1262 3417 1450 3476 Laurencius
1471 3419 1625 3476 thaverni·

361 3539 471 3582 corum
493 3523 646 3597 regalium
669 3523 825 3594 magister,
850 3536 910 3578 una
934 3536 1006 3578 curn
1030 3522 1201 3582 venerabili
1224 3523 1256 3582 in
1285 3522 1409 3582 Christo
1440 3529 1539 3600 patre,
1571 3523 1625 3582 do·

362 3631 447 3687 mino
470 3629 560 3686 Petro
583 3629 633 3686 dei
657 3633 687 3686 et
710 3628 880 3702 apostolica
904 3628 1006 3700 gracia
1030 3629 1177 3704 episcopo
1207 3629 1383 3703 sirimiensi,
1406 3631 1482 3689 item
1505 3631 1625 3704 magni·

362 3734 431 3794 ficis
455 3735 539 3807 viris,
563 3731 689 3793 domino
720 3735 848 3793 Nicolao
872 3735 1011 3808 palatino
1055 3740 1085 3792 et
1113 3733 1214 3811 judice
1248 3735 1467 3808 Cumanorum,
1502 3737 1624 3794 Thoma

364 3839 496 3900 condam
518 3841 663 3914 vayvoda
686 3841 886 3912 transilvano,
920 3840 1018 3898 Paulo
1041 3841 1190 3913 magistro
1221 3841 1473 3900 thavernicorum
1502 3843 1623 3916 regina·

361 3949 449 4019 lium,
473 3947 542 4006 aliis
566 3947 664 4006 eciam
687 3948 774 4020 regni
797 3948 961 4005 comitatus
985 3947 1158 4006 tenentibus
1188 3951 1218 4005 et
1247 3947 1388 4020 honores,
1412 3963 1530 4008 necnon
1559 3963 1624 4006 ma-

361 4054 465 4128 gistris
487 4054 731 4128 prothonotario,
754 4054 925 4128 ceterisque
947 4053 1085 4112 eiusdem
1107 4055 1195 4126 regni
1225 4054 1385 4112 nobilibus
1415 4071 1520 4114 secum
1551 4061 1624 4115 tunc

362 4163 394 4220 in
425 4159 542 4236 judicio
572 4161 818 4232 consedentibus,
849 4159 946 4219 dictas
969 4161 1177 4235 possessiones
1207 4159 1355 4235 Kobylya
1386 4167 1416 4220 et
1451 4161 1624 4235 Zvvyblyan

361 4272 495 4338 vocatas,
519 4267 579 4326 sub
601 4267 718 4327 eisdem
741 4268 840 4338 metis,
864 4268 978 4340 quibus
1001 4268 1042 4326 ab
1065 4268 1142 4326 olim
1166 4268 1226 4342 ipsi
1249 4269 1333 4327 cives
1363 4268 1489 4327 easdem
1520 4284 1624 4344 posse·
1687 4327 1690 4332 ,

362 4373 487 4446 dissent,
510 4373 549 4431 de
572 4373 765 4448 plenitudine
787 4389 842 4431 sue
863 4371 1024 4446 judiciarie
1040 4375 1200 4448 potestatis
1216 4373 1437 4433 adiudicandas
1453 4377 1623 4449 prenotatis

361 4480 483 4539 civibus
506 4487 537 4538 et
559 4479 734 4554 hospitibus
756 4478 795 4538 de
818 4479 915 4538 Grecz
939 4481 1136 4555 reliquissent
1159 4487 1311 4556 perpetuo
1335 4480 1504 4556 possidere,
1521 4488 1623 4542 tenere

361 4591 392 4646 et
414 4587 530 4648 habere
559 4587 646 4661 regio
675 4587 799 4644 nornine
830 4586 993 4659 mediante,
1025 4588 1205 4662 dictumque
1228 4589 1400 4662 capitulum
1424 4587 1553 4647 ecclesie
1575 4603 1623 4646 za·

360 4694 540 4767 grabiensis,
564 4691 649 4767 quod
671 4693 702 4750 in
725 4693 895 4750 statucione
917 4693 1056 4765 predicte
1080 4694 1280 4768 possessionis
1297 4693 1445 4767 Kobylya
1461 4681 1521 4751 sub
1539 4694 1623 4752 testi·

361 4800 466 4858 monio
489 4815 546 4859 suo
570 4799 660 4858 dictis
683 4798 803 4856 civibus
825 4799 858 4856 in
880 4799 1106 4873 concordiaque
1129 4816 1223 4874 super
1253 4799 1343 4859 dictis
1374 4799 1623 4874 possessionibus

362 4905 508 4979 Kobylya
531 4912 561 4965 et
583 4905 756 4978 Zwyblyan
779 4905 859 4963 inter
881 4905 965 4978 ipsos
988 4907 1071 4964 cives
1094 4906 1135 4964 ab
1158 4921 1218 4964 una
1241 4921 1277 4964 ac
1294 4905 1447 4979 quosdam
1464 4905 1622 4963 Matheum
