3932 5806
425 527 485 588 228
841 525 916 584 Doc.
941 519 1012 600 165.
1034 557 1076 568 -
1100 524 1266 602 Am1452.

423 738 540 799 eisdem
574 739 709 798 dominis
753 741 906 800 canonicis
941 741 1087 800 dommus
1121 738 1338 799 concedendas.
1378 740 1495 797 Datum
1529 736 1689 812 Crappine

424 845 500 904 feria
522 851 610 904 sexta
632 847 776 920 proxima
798 852 869 906 ante
892 847 1006 906 festum
1041 845 1124 905 beati
1157 846 1296 905 Oswaldi
1326 846 1417 920 regis.
1453 846 1547 903 Anno
1570 835 1691 902 demini

423 952 592 1012 millesimo
616 951 923 1027 quadringentesimo
945 953 1205 1027 quinquagesimo
1226 951 1369 1012 secundo,

534 1088 668 1154 Originale
687 1089 714 1138 in
733 1089 887 1141 membrana.
906 1091 977 1139 Zona
995 1090 1092 1139 sericea
1109 1089 1219 1139 violacei
1231 1089 1324 1140 coloris
1340 1089 1469 1155 appendet
1482 1089 1580 1152 absque
1592 1087 1687 1152 sigillo.

427 1179 460 1228 In
477 1177 573 1228 archiv.
591 1194 649 1230 ven.
668 1179 744 1244 capit.
764 1179 864 1243 ragrab.
884 1177 947 1229 Act.
966 1194 1021 1245 cap.
1041 1185 1093 1230 ant.
1112 1179 1174 1230 iasc.
1194 1190 1217 1230 2.
1237 1195 1274 1230 nr.
1295 1191 1336 1243 27.

1015 1409 1094 1476 165.
1129 1395 1132 1402 ¹

529 1559 602 1604 luno
623 1563 699 1618 1452,
720 1564 760 1616 30.
780 1551 935 1603 novembris.
954 1553 987 1600 In
1005 1557 1088 1601 castro
1107 1549 1216 1602 Sanach.

423 1661 599 1733 Fridm'cus,
620 1681 708 1720 comes
735 1661 827 1720 (iliae
849 1669 877 1720 et
897 1662 1002 1733 banus,
1023 1661 1209 1719 uniuersituti
1228 1661 1364 1719 nobilium
1394 1657 1542 1717 comitatus
1571 1657 1689 1732 aagrab.

423 1768 552 1838 mandat,
582 1775 616 1826 ut
647 1786 772 1845 causam,
802 1787 877 1844 quae
909 1769 986 1826 sister
1014 1769 1240 1826 communitatem
1271 1766 1398 1826 civitatis
1419 1771 1448 1824 et
1467 1765 1634 1839 Hmmgum
1656 1763 1691 1821 de

763 1874 858 1934 Sused
876 1874 910 1934 de
932 1874 1038 1934 trz'buto
1060 1875 1170 1948 agatur,
1193 1873 1353 1932 absolvant.

530 2019 706 2078 Fridcricus
729 2017 780 2079 dei
801 2021 905 2094 gracia
928 2019 1017 2092 Cilie,
1040 2019 1258 2092 Oitemburge,
1281 2016 1469 2092 Segorieque
1499 2030 1603 2075 cemes
1634 2020 1690 2090 etc,

424 2140 544 2184 necnon
566 2126 654 2200 regni
676 2124 839 2184 Sclauonie
862 2126 970 2184 banus.
993 2125 1126 2200 Egregii,
1150 2124 1280 2196 nobiles,
1304 2123 1423 2198 fideles,
1454 2123 1567 2182 dilecti.
1597 2121 1691 2180 Intel-

426 2231 561 2290 leximus
595 2232 714 2290 litteras
748 2237 868 2290 vestras
901 2232 992 2290 nobis
1026 2231 1190 2306 loquentes
1223 2231 1256 2289 in
1286 2245 1332 2304 eo,
1356 2231 1492 2304 qualiter
1512 2229 1636 2305 pridem
1659 2229 1692 2287 in

426 2337 579 2412 proximis
613 2339 732 2397 octavis
765 2337 836 2396 festi
869 2339 968 2396 sancti
1001 2337 1162 2396 Michaelis
1197 2337 1289 2395 vobis
1312 2351 1371 2411 pro
1393 2335 1509 2395 iudicio
1531 2335 1691 2394 communi

427 2443 672 2519 consedentibus,
695 2447 837 2520 egregins
861 2445 1036 2519 Hennynky
1067 2445 1106 2504 de
1136 2445 1336 2504 Zomzedwar
1366 2443 1523 2519 quandam
1553 2443 1692 2502 litteram

428 2547 607 2609 dilatoriam
629 2550 787 2624 magnifici
810 2549 915 2610 fratris
938 2552 1036 2610 nostri
1058 2551 1208 2635 Johannis
1231 2551 1270 2610 de
1285 2550 1459 2623 vannyad,
1475 2549 1692 2624 gubernatoris

409 2757 551 2821 'racione
567 2763 678 2822 tributi
693 2765 752 2823 sub
768 2763 879 2822 eodem
894 2763 1095 2822 Zomzedwar
1110 2765 1210 2822 habiti
1225 2769 1256 2822 et
1270 2763 1429 2839 providos,
1445 2762 1554 2822 fideles
1569 2769 1692 2821 nostros

428 2869 511 2928 cives
545 2869 660 2928 montis
694 2869 855 2930 Grecensis
889 2871 1022 2929 civitatis
1051 2875 1155 2929 nostre
1185 2870 1392 2944 zagrubiensis
1414 2875 1502 2945 parte
1532 2885 1571 2928 ex
1594 2869 1693 2927 altera

427 2981 547 3034 metm
569 2981 600 3034 et
623 2976 805 3036 ventilatam
827 2992 926 3051 usque
949 2977 990 3034 ad
1012 2977 1248 3036 coronacionem
1271 2975 1369 3035 futuri
1391 2976 1474 3051 regis
1503 2969 1692 3050 suspendere

427 3086 459 3140 et
480 3097 658 3157 prorogare,
682 3098 870 3156 causamque
885 3083 989 3157 ipsam
1006 3083 1182 3142 nullatenus
1197 3083 1405 3142 determinare
1420 3082 1582 3154 deberetis,
1598 3096 1693 3155 super

429 3203 491 3263 quo
514 3187 680 3248 fidelitates
704 3195 807 3248 vestre
829 3203 956 3248 causam
979 3189 1081 3264 ipsam
1104 3205 1203 3264 usque
1226 3189 1267 3248 ad
1289 3189 1403 3248 festum
1431 3189 1529 3248 sancti
1561 3187 1692 3259 Andree,

427 3310 509 3354 nunc
525 3295 718 3370 preteritum,
734 3295 956 3354 deliberacioni
971 3301 1001 3354 et
1017 3295 1270 3356 determinacioni
1285 3297 1408 3367 nostris,
1424 3294 1500 3370 quid
1516 3293 1693 3354 iaciendum

427 3400 509 3459 foret
530 3401 761 3460 racionabiliter
784 3403 980 3460 submisistis.
1004 3401 1065 3460 Pro
1088 3417 1125 3461 eo
1156 3403 1269 3461 vestris
1300 3403 1526 3462 committimus
1558 3400 1692 3460 fidelita-

430 3507 523 3578 tibus,
549 3508 754 3582 precipientes
777 3523 848 3566 cum
871 3509 976 3567 littera
998 3509 1067 3583 ipsa
1089 3510 1285 3584 preceptoria
1316 3508 1431 3584 prefati
1460 3507 1566 3567 fratris
1596 3507 1694 3566 nostri

429 3609 548 3670 domini
578 3613 803 3686 gubernatoris,
838 3615 912 3672 satis
946 3613 985 3671 de
1018 3615 1145 3688 antiqua
1181 3613 1254 3673 data
1277 3613 1357 3673 foret
1393 3619 1423 3672 et
1445 3615 1572 3674 nullum
1594 3613 1693 3672 alium

429 3717 563 3776 sciamus
586 3723 617 3777 et
639 3718 843 3793 profiteamur
865 3735 972 3794 regem
995 3719 1145 3794 futurum,
1162 3736 1257 3795 quam
1279 3721 1509 3781 serenissimum
1532 3693 1694 3779 dominum

430 3829 571 3882 nostrum
594 3824 774 3883 Ladislaum
797 3841 903 3900 regem
927 3825 1121 3897 modernum,
1144 3828 1198 3902 qui
1220 3829 1284 3886 iarn
1306 3827 1426 3886 dudum
1441 3827 1592 3901 legittime
1608 3839 1695 3884 coro·

351 3999 356 4012 ⁸
430 3935 520 3988 natus
544 3931 655 4004 existit,
679 3937 831 4006 quatenus
854 3947 979 3991 causam
1002 3933 1105 4008 ipsam
1121 3935 1200 3993 inter
1218 3939 1323 4009 partes
1337 3933 1493 4010 predictas
1508 3933 1574 3992 sine
1589 3932 1695 4006 aliqua

431 4035 584 4094 dilacione
607 4041 637 4094 et
660 4039 948 4112 procrastinacione,
970 4042 1244 4100 nonobstantibus
1260 4041 1420 4116 premissis
1436 4041 1695 4115 quibuscumque,

431 4143 619 4214 examinare,
642 4143 780 4203 iudicare
809 4160 845 4204 ac
876 4145 1046 4206 secundum
1080 4149 1169 4222 regni
1203 4147 1458 4206 consvetudinem
1492 4146 1553 4205 tine
1588 4145 1695 4205 debito

431 4247 638 4308 determinare
662 4251 765 4309 velitis
789 4257 818 4310 et
841 4252 980 4312 debeatis
1002 4256 1185 4313 auctoritate
1207 4255 1299 4313 vobis
1329 4255 1479 4312 attributa
1511 4259 1542 4312 et
1572 4253 1694 4312 iusticia

429 4354 592 4414 mediante.
616 4355 710 4415 Secus
732 4373 794 4416 non
817 4357 936 4418 facturi.
961 4361 1077 4418 Datum
1093 4361 1124 4419 in
1140 4367 1241 4420 castro
1256 4365 1363 4420 nostro
1379 4359 1500 4432 Sanclry
1516 4359 1593 4418 feria
1608 4363 1695 4418 sexta

431 4467 502 4535 post
526 4460 640 4521 festum
662 4464 745 4522 beati
769 4465 893 4524 Andree
915 4467 1061 4541 apostoli.
1085 4469 1175 4525 Anno
1190 4467 1394 4527 MCCCCLII.
1503 4475 1510 4500 ³

536 4568 576 4638 (A
600 4569 690 4642 tergo).
714 4570 863 4646 Egregiis,
886 4573 1046 4631 nobilibus
1068 4572 1204 4648 Georgio
1227 4571 1366 4632 Farkasii
1389 4573 1428 4632 de
1457 4573 1584 4646 Obrees,
1614 4573 1694 4631 vice·

431 4674 546 4748 comiti,
568 4673 786 4751 judicibusque
807 4678 965 4737 nobilium
988 4693 1023 4738 ac
1046 4680 1103 4738 toti
1136 4680 1330 4738 universitati
1352 4679 1508 4739 nobilium
1531 4679 1695 4738 comitatus

430 4782 529 4840 nostri
552 4783 769 4856 zagrabiensis,
792 4783 941 4844 fidelibus
963 4787 1054 4844 nobis
1077 4791 1107 4844 et
1129 4791 1218 4860 grate
1245 4785 1374 4847 dilectis.

536 4915 670 4982 originale
687 4921 715 4970 in
734 4921 831 4974 charta.
866 4923 952 4986 Tergo
970 4921 1084 4986 sigillum
1107 4922 1268 4988 impressum.
1295 4925 1327 4973 In
1348 4923 1462 4974 archivio
1480 4921 1526 4976 lib.
1554 4937 1607 4986 reg.
1625 4921 1697 4975 civit.

429 5005 610 5070 ragrablensis.
