3804 5858
641 609 718 667 Doc.
738 619 814 685 354.
838 641 880 650 —
904 608 960 666 An.
986 604 1079 686 1489.
1410 627 1472 686 475

209 716 334 722 -.-.-.
341 715 346 720 .
356 714 462 721 ...---
471 715 476 719 -
483 713 574 720 *ω-
965 713 1283 721 -—-.——-————.—
1296 715 1471 724 -·-—.-„—.

205 826 290 884 situs.
313 825 512 884 Presentibus
536 824 677 883 discretis
700 823 860 890 dominus:
886 825 1042 884 Anthonio
1065 829 1185 883 rectore
1207 823 1371 899 hospitalis
1386 825 1477 883 beate

206 933 302 992 Marie
325 932 455 1005 virginis
479 933 511 990 in
533 947 604 990 area
629 931 711 990 dicte
735 932 868 990 civitatis
889 933 1064 1002 constructi,
1088 931 1245 1006 Stephano
1269 930 1476 1005 prebendario

205 1038 343 1097 eiusdem
378 1037 552 1113 hospitalis,
587 1037 723 1111 Georgio
754 1043 874 1096 rectore
905 1053 959 1096 are
991 1039 1088 1096 sancti
1124 1037 1244 1097 Nicolai
1277 1038 1311 1096 in
1346 1037 1476 1096 ecclesia

206 1145 303 1204 sancti
327 1147 422 1204 Marci
445 1144 576 1219 prefata,
600 1145 790 1218 presbiteris,
815 1148 845 1203 et
866 1145 1010 1203 Emerico
1042 1144 1081 1202 de
1104 1143 1205 1203 Crisio
1227 1144 1341 1203 clerico
1373 1158 1477 1216 zagra·

206 1251 321 1310 biensis
345 1251 493 1310 dioecesis
516 1251 548 1310 in
572 1251 784 1309 testimonium
807 1251 1032 1326 premissorum
1056 1251 1220 1324 requisitis.

311 1423 343 1470 In
362 1421 458 1476 archiv.
477 1438 534 1478 ven.
554 1424 630 1488 capit.
651 1423 752 1488 zagrab.
770 1424 832 1474 Act.
853 1439 908 1489 cap.
928 1430 979 1477 ant.
1000 1425 1062 1474 fasc.
1085 1435 1124 1476 ιο.
1144 1439 1182 1476 nr.
1205 1435 1244 1486 14.

801 1703 886 1770 354.

312 1847 395 1896 Auno
417 1847 492 1910 1489,
513 1859 535 1898 2.
556 1846 707 1896 decembris.
728 1846 876 1911 Zagrabiae.

205 1955 320 2030 Angeli,
346 1955 419 2014 sedis
450 1956 620 2030 apostolicae
642 1955 738 2028 legati,
754 1956 852 2030 jussu,
882 1955 1028 2030 Georgzics
1042 1954 1264 2013 archzdrbconus
1286 1963 1372 2029 atque
1392 1973 1477 2014 cano·

205 2062 287 2119 m'cm
320 2063 439 2136 zagrab.
475 2062 633 2121 Baltasan'
663 2073 690 2121 ct
718 2062 897 2122 Catharr'nae
929 2062 1098 2139 conjugibus
1130 2061 1260 2132 nrandat,
1291 2069 1326 2119 ut
1348 2062 1476 2120 Mcolao

487 2169 548 2228 civi
568 2171 684 2244 eiusque
707 2171 798 2228 uxori
816 2177 914 2244 erepta
936 2169 1011 2228 bona
1033 2169 1163 2230 reddant.

312 2311 583 2372 Reverendissimo
606 2315 638 2372 in
660 2313 785 2374 Christo
807 2314 889 2389 patri
912 2319 943 2372 et
966 2313 1102 2388 domino,
1126 2314 1253 2374 domino
1278 2313 1400 2386 Angelo
1426 2311 1477 2371 dei

205 2421 309 2494 gracia
331 2419 478 2494 episcopo
508 2412 696 2498 ortan(ensi),
720 2420 760 2478 ad
773 2420 983 2492 Germaniam,
1006 2421 1209 2494 Hungariam,
1226 2419 1397 2491 Poloniam,
1421 2419 1478 2478 Bo·

206 2527 353 2596 herniam,
367 2525 495 2599 illisque
518 2525 691 2585 adiacentes
714 2531 818 2601 partes
841 2531 936 2602 atque
958 2541 1052 2600 regna
1076 2527 1261 2585 sanctissimi
1284 2524 1402 2584 domini
1422 2539 1475 2584 no·

205 2633 263 2691 stri
285 2637 316 2691 et
331 2631 413 2690 sedis
436 2633 606 2708 apostolice
629 2647 701 2690 cum
723 2633 818 2708 plena
850 2637 1004 2709 potestate
1029 2633 1126 2706 legati
1162 2631 1200 2692 de
1236 2632 1341 2704 latere,
1363 2631 1477 2706 legato,

205 2738 333 2797 domino
355 2731 416 2797 sib'i
438 2739 674 2812 graciosissimo,
698 2737 851 2812 Georgius
874 2739 1107 2798 archidiaconus
1131 2738 1169 2798 de
1186 2739 1289 2811 Bexin,
1312 2737 1477 2797 canonicus

206 2848 237 2903 et
260 2844 397 2904 vicarius
419 2845 451 2904 in
467 2845 683 2919 spiritualibus
699 2844 862 2904 reverendi
877 2845 909 2903 in
933 2844 1057 2903 Christo
1081 2845 1187 2918 patris,
1205 2843 1323 2903 domini
1339 2843 1478 2916 Osualdi,

205 2950 412 3009 consimiliter
435 2949 485 3009 dei
507 2957 538 3010 et
551 2951 721 3025 apostolice
737 2950 818 3010 sedis
841 2951 945 3024 gracia
961 2951 1100 3025 episcopi
1122 2949 1251 3009 ecclesie
1262 2951 1478 3024 zagrabiensis,

206 3057 363 3116 oraciones
385 3057 418 3115 in
440 3055 567 3115 domino
602 3057 730 3116 devotas
761 3073 834 3116 cum
856 3072 980 3115 summa
1005 3056 1197 3116 obediencia.
1224 3056 1335 3115 Vestra
1356 3057 1479 3115 noverit

202 3162 461 3222 reverendissima
485 3164 660 3238 paternitas,
677 3179 728 3223 me
751 3169 913 3238 tamquam
929 3163 1032 3222 filium
1051 3161 1238 3234 obediencie,
1257 3162 1376 3221 litteras
1399 3161 1478 3221 eius·

204 3269 276 3328 dem
298 3272 489 3328 executorias
506 3286 563 3345 pro
579 3275 666 3346 parte
683 3271 802 3330 Nicolai
815 3271 967 3329 Horwath
982 3271 1065 3344 layci
1080 3270 1287 3343 zagrabiensis
1303 3273 1334 3328 et
1356 3269 1478 3342 Agnese

205 3378 310 3434 uxoris
323 3376 462 3435 eiusdem
479 3383 586 3435 contra
609 3382 640 3435 et
655 3375 804 3446 adversus
822 3376 1033 3436 balthasarem
1057 3383 1087 3434 et
1110 3376 1243 3434 Catham
1266 3376 1332 3436 eius
1347 3389 1479 3434 uxorem

205 3483 349 3542 similiter
371 3483 477 3556 laycos
499 3483 714 3556 zagrabienses
737 3489 895 3542 emanatas
919 3489 950 3542 et
973 3488 1126 3542 extractas
1150 3498 1223 3540 cum
1246 3497 1283 3540 ea
1306 3497 1368 3557 qua
1391 3481 1479 3541 decet

205 3589 382 3648 reverencia
405 3594 591 3663 acceptasse,
623 3606 683 3664 que
706 3606 778 3648 curn
803 3590 897 3648 michi
922 3606 977 3664 per
1000 3589 1132 3648 eundem
1149 3587 1315 3648 Nicolaum
1327 3579 1477 3646 Horwath

205 3696 342 3754 exhibite
356 3694 492 3767 fuissent,
518 3711 592 3754 mox
615 3695 692 3755 seria
715 3697 810 3755 tercia
824 3697 969 3772 proxima
992 3701 1064 3771 post
1076 3695 1189 3755 festum
1206 3695 1290 3754 beati
1308 3694 1477 3752 Clementis

207 3817 288 3876 pape
311 3801 351 3860 ad
374 3801 504 3859 domum
526 3802 616 3861 solite
638 3803 841 3862 habitacionis
871 3802 1025 3861 dictorum
1042 3801 1204 3860 Baithasar
1227 3808 1257 3860 et
1292 3800 1389 3859 Cathe
1412 3802 1478 3858 eius

206 3909 311 3966 uxoris
327 3908 358 3966 in
375 3913 478 3966 monte
494 3907 642 3967 Grecensi
656 3909 779 3979 accessi,
792 3909 896 3982 ibique
912 3908 1042 3966 eandem
1055 3907 1186 3966 Catbam
1202 3907 1406 3982 personaliter
1429 3922 1476 3966 re·

210 4019 331 4088 pertam
356 4019 386 4072 et
401 4029 458 4088 per
481 4030 550 4073 eam
573 4015 678 4089 ipsum
701 4015 914 4074 Baithasarem
936 4017 1002 4074 eius
1025 4015 1174 4088 maritum
1199 4015 1369 4086 absentem,
1392 4014 1478 4072 iuxta

209 4121 284 4192 vim,
318 4121 455 4180 formam
479 4130 508 4182 et
539 4129 678 4181 tenorem
707 4124 882 4184 litterarum
917 4122 1057 4184 eiusdem
1088 4129 1191 4181 vestre
1221 4119 1478 4181 reverendissime

211 4228 404 4301 paternitatis
426 4229 486 4287 sub
510 4245 589 4303 pena
613 4229 944 4288 excommunicacionis
960 4229 1023 4287 late
1039 4229 1192 4287 sentencie
1216 4233 1245 4286 et
1269 4227 1473 4285 ducentorum

209 4332 395 4392 florenorum
421 4336 488 4393 auri
518 4351 640 4394 camere
664 4335 834 4410 apostolice
864 4334 1126 4410 applicandorum
1149 4334 1332 4393 auctoritate
1355 4338 1477 4405 aposto·

207 4439 268 4496 lica
291 4441 369 4498 mihi
392 4442 558 4500 commissa
574 4442 689 4515 monui,
702 4442 852 4515 requisivi
875 4443 973 4501 verbo
996 4441 1114 4512 salutis,
1137 4447 1171 4499 ut
1193 4440 1254 4514 ipsi
1277 4439 1424 4496 Bathasar
1447 4443 1477 4496 et

207 4545 305 4604 Catha
317 4547 382 4605 eius
398 4562 477 4606 uxor
493 4548 572 4606 intra
581 4563 694 4606 novem
710 4548 980 4622 dierumspacium
995 4564 1014 4606 a
1030 4547 1080 4606 die
1095 4545 1273 4606 huiusmodi
1289 4544 1474 4604 monicionis

210 4667 279 4709 mee
294 4652 473 4712 immediate
489 4653 706 4728 computando,
723 4669 801 4728 quos
816 4654 882 4712 dies
904 4654 981 4727 ipsis
1003 4668 1062 4728 pro
1086 4653 1197 4727 primo,
1213 4650 1357 4724 secundo,
1381 4650 1477 4708 tercio

208 4765 238 4816 et
262 4759 475 4832 peremptorio
498 4761 630 4818 termino
656 4760 818 4832 assignavi,
842 4759 989 4818 canonica
1012 4760 1185 4818 monicione
1209 4758 1368 4832 premissa,
1391 4747 1474 4834 (re)s,

209 4864 291 4921 bona
307 4863 438 4923 mobilia
453 4869 484 4924 et
498 4864 676 4924 immobilia
692 4880 729 4923 ac
744 4865 871 4937 fructus,
888 4865 915 4923 si
936 4866 991 4939 qui
1004 4865 1084 4924 forte
1107 4863 1179 4923 inde
1203 4863 1342 4938 percepti
1361 4861 1476 4934 forent,

210 4985 270 5042 que
293 4975 323 5028 et
347 4985 424 5043 quas
446 4971 506 5044 ipsi
529 4970 691 5030 Baithasar
707 4975 738 5030 et
753 4970 852 5030 Catha
875 4971 941 5030 eius
965 4986 1052 5041 uxor,
1077 4975 1111 5030 ut
1134 4970 1255 5043 dicitur,
1280 4969 1382 5028 minus
1396 4966 1477 5044 juste

210 5090 268 5148 pro
299 5091 332 5133 se
364 5083 572 5150 occupassent,
604 5076 643 5134 ad
668 5075 821 5136 dictorum
853 5077 970 5136 scilicet
993 5076 1156 5136 Nicolaum
1180 5082 1210 5134 et
1233 5077 1389 5149 Agnesam
1412 5073 1477 5132 eius
