3930 5802
668 514 740 574 Doc.
764 527 829 570 111.
852 508 922 582 118,
945 544 987 554 —
1011 511 1067 570 An.
1091 506 1183 590 1438.
1502 526 1560 582 155

297 745 405 790 corum
428 736 458 790 et
481 732 615 790 aliarum
639 746 745 789 rerum
767 744 914 800 suarum;
937 729 1011 788 item
1035 727 1157 788 Blasius
1176 725 1297 803 juratus
1319 729 1397 788 civis
1429 728 1563 788 civitatis

299 837 448 913 predicte,
473 839 539 896 sola
569 839 601 896 in
636 852 767 911 persona
802 838 887 896 iuxta
921 835 1186 894 adiudicacionem
1220 835 1375 895 dictorum
1409 835 1562 894 banorum

295 961 389 1020 super
419 945 530 1018 viginti
552 944 678 1003 florenis
709 944 778 1002 auri
814 959 871 1017 per
905 937 1048 1000 homines
1072 948 1102 1002 et
1133 941 1303 1002 familiares
1338 941 1412 1000 dicti
1441 941 1564 999 comitis

296 1051 395 1110 Vlrici
417 1052 448 1110 in
471 1053 664 1125 possessione
687 1066 742 1108 sua
772 1049 923 1108 Rakonok
957 1054 1074 1120 vocata,
1110 1049 1213 1108 minus
1247 1047 1327 1127 juste
1361 1053 1391 1107 et
1425 1047 1563 1106 indebite

299 1159 446 1233 receptis;
470 1160 545 1218 item
568 1158 716 1218 Nicolaus
740 1157 898 1216 aurifaber
912 1155 1030 1232 juratus
1046 1156 1122 1214 civis
1145 1156 1243 1230 ipsius
1266 1155 1409 1226 civitatis,
1425 1153 1492 1211 sola
1507 1169 1563 1212 sua

297 1266 329 1323 in
352 1280 484 1340 persona
507 1281 600 1338 super
630 1265 767 1338 quinque
789 1279 860 1322 cum
883 1262 988 1321 medio
1021 1261 1145 1320 florenis
1176 1262 1253 1334 auri,
1285 1261 1394 1320 valore
1417 1259 1564 1318 videlieet

298 1372 390 1430 unius
414 1371 486 1445 equi
508 1372 556 1429 sui
579 1386 615 1429 ac
638 1370 716 1430 freni
740 1375 769 1427 et
792 1369 886 1440 selle;
922 1371 998 1427 item
1027 1369 1163 1452 Jacobus
1198 1368 1275 1427 alias
1304 1366 1399 1444 judex
1430 1366 1563 1425 civitatis

302 1476 449 1552 predicte,
473 1479 540 1536 sola
563 1494 619 1537 sua
640 1480 672 1537 in
695 1493 826 1554 persona
849 1478 935 1536 iuxta
958 1477 1209 1535 commissionem
1232 1476 1387 1536 dictorum
1410 1475 1565 1533 banorum

296 1599 388 1642 suum
401 1584 545 1659 deposuit
559 1583 770 1660 juramentum
784 1589 878 1659 prout
893 1583 1001 1642 debuit
1017 1599 1111 1658 super
1127 1598 1172 1654 eo,
1193 1583 1277 1658 quod
1308 1583 1375 1658 ipse
1407 1579 1563 1655 quendam

298 1690 487 1750 familiarem
511 1691 585 1750 dicti
609 1692 771 1766 Vylhelmi
793 1707 855 1749 non
877 1691 1073 1765 captivasset,
1097 1691 1129 1748 in
1152 1690 1281 1748 ecclesia
1301 1691 1443 1764 ipsorum
1471 1701 1562 1761 paro·

299 1798 392 1855 chiali
408 1798 440 1856 in
462 1799 579 1856 honore
601 1799 698 1856 sancti
714 1797 810 1856 Marci
833 1796 1031 1882 ewangeliste
1053 1797 1085 1855 in
1108 1795 1216 1855 eadem
1234 1797 1358 1855 civitate
1379 1797 1562 1865 constructa,

300 1918 404 1961 coram
428 1903 517 1962 dictis
540 1902 694 1979 judicibus
716 1904 872 1963 nobilium
888 1904 1053 1961 comitatus
1075 1903 1284 1976 zagrabiensis
1307 1907 1336 1960 et
1355 1905 1462 1960 nostro
1477 1899 1560 1957 testi·

298 2011 406 2068 monio
442 2011 676 2085 prescriptaque
710 2024 819 2068 eorum
850 2010 1021 2068 iuramenta
1057 2015 1151 2082 prout
1186 2008 1373 2080 debuissent,
1409 2005 1561 2079 legittime

299 2103 518 2190 deposuissent.
543 2117 619 2174 item
642 2117 674 2174 in
705 2116 845 2175 clausula
874 2131 933 2190 pro
967 2123 1056 2190 parte
1090 2115 1303 2174 Bartholomei
1326 2113 1496 2190 vitriparis,
1527 2111 1560 2169 in

298 2220 379 2281 dicta
402 2223 527 2282 civitate
562 2222 792 2294 commorantis,
816 2223 903 2280 iuxta
932 2223 1184 2280 commissionem
1219 2221 1373 2280 dictorum
1406 2220 1562 2278 banorum

297 2343 403 2386 coram
426 2327 543 2386 eisdem
574 2333 676 2386 vestre
709 2329 881 2388 serenitatis
916 2333 947 2387 et
982 2328 1165 2387 eorumdem
1199 2329 1353 2386 banorum
1382 2325 1563 2385 hominibus

294 2435 381 2494 iuxta
403 2439 543 2494 contenta
567 2434 748 2493 earumdem
771 2435 947 2493 litterarum
972 2419 1270 2494 vestre'serenitatis
1302 2434 1477 2508 proborum
1515 2431 1562 2488 vi-

295 2556 403 2599 rorum
426 2541 457 2598 in
480 2541 675 2616 presenciam
699 2539 886 2600 eorumdem
918 2540 1126 2600 adductorum
1160 2541 1420 2611 attestacionibus,
1443 2551 1563 2596 necnon

295 2646 522 2706 sufficientibus
545 2647 616 2705 aliis
639 2647 884 2721 probacionibus
907 2653 937 2705 et
960 2646 1153 2706 documentis
1175 2646 1206 2706 id
1231 2646 1460 2723 comprobavit,
1476 2641 1562 2717 quod

294 2753 436 2812 homines
459 2759 488 2810 et
512 2752 682 2811 familiares
705 2752 819 2828 prefati
850 2754 972 2812 comitis
1003 2754 1103 2812 Vlrici
1136 2769 1270 2812 unacum
1297 2753 1408 2826 viginti
1437 2750 1561 2810 florenis

296 2860 373 2931 auri,
397 2873 476 2933 quos
507 2859 625 2918 eisdem
655 2875 750 2935 super
777 2860 971 2918 relaxacione
1006 2867 1036 2918 et
1068 2861 1272 2936 permissione
1307 2859 1345 2918 de
1380 2859 1561 2934 captivitate

300 2967 441 3040 ipsorum
464 2965 544 3024 facta
568 2967 728 3040 persolvit,
744 2982 779 3024 ac
801 2983 872 3024 cum
894 2968 988 3026 rebus
1011 2974 1041 3026 et
1063 2969 1151 3042 equis
1167 2965 1376 3041 computando
1399 2967 1432 3024 in
1453 2965 1562 3023 valore

295 3075 455 3147 sexaginta
477 3074 568 3130 unius
590 3072 698 3131 florent
721 3074 789 3131 auri
813 3072 914 3132 eidem
938 3073 1158 3132 Bartholomeo
1190 3073 1328 3148 dampna
1361 3071 1560 3130 intullissent

292 3180 371 3237 item
395 3180 426 3238 in
449 3179 588 3237 clausula
611 3179 734 3237 racione
759 3180 978 3252 homagiorum
994 3181 1156 3238 hominum
1180 3179 1414 3239 interfectorum
1437 3183 1468 3236 et
1491 3177 1560 3236 vul·

294 3301 402 3344 nerum
426 3286 458 3344 in
482 3285 598 3343 eisdem
622 3285 734 3344 litteris
758 3285 896 3344 eiusdem
919 3293 1021 3346 vestre
1044 3288 1217 3346 serenitatis
1240 3287 1422 3360 conscripta,
1446 3283 1560 3360 prefati

297 3392 380 3450 cives
404 3407 475 3450 cum
499 3392 590 3450 certis
613 3391 724 3450 litteris
755 3393 1044 3466 inquisicionalibus
1074 3399 1104 3452 et
1139 3393 1446 3468 quamplurimorum
1469 3392 1559 3450 nobi·

293 3498 371 3556 lium
396 3498 569 3558 vicinorum
599 3504 628 3556 et
652 3503 936 3559 commetaneorum
966 3501 1112 3559 videlicet
1141 3501 1341 3574 zagrabiensi,
1371 3500 1507 3559 crisiensi
1530 3502 1561 3558 et

244 3651 245 3654 ,
292 3603 513 3662 warasdinensi
543 3605 741 3662 comitatibus
772 3606 982 3680 existencium,
999 3621 1104 3665 coram
1128 3606 1245 3666 eisdem
1261 3606 1441 3666 hominibus
1457 3611 1559 3665 vestre

296 3711 464 3770 maiestatis
487 3710 692 3769 adductorum
725 3712 756 3770 id
787 3711 976 3772 sufficienter
1011 3716 1272 3788 comprobassent,
1303 3713 1385 3788 quod
1421 3711 1559 3787 prefatus

292 3817 482 3876 Wilhelmus
505 3833 577 3875 cum
599 3818 662 3876 suis
685 3819 892 3892 complicibus
915 3819 964 3878 die
994 3819 1134 3894 predicto
1157 3820 1198 3878 ad
1221 3824 1325 3878 tenuta
1355 3823 1386 3877 et
1407 3819 1556 3878 terminos

293 3924 391 4004 ipsius
414 3923 548 3982 civitatis
572 3939 666 3982 manu
690 3930 810 3984 armata
832 3927 967 3998 veniens,
999 3927 1155 4002 predictos
1178 3927 1261 3985 cives
1284 3927 1315 3984 in
1338 3925 1477 3984 custodia
1498 3930 1558 3984 ter·

292 4031 450 4088 minorum
474 4029 554 4089 dicte
577 4031 712 4089 civitatis
735 4032 917 4090 constitutos
941 4034 1045 4092 minus
1068 4035 1147 4092 iuste
1170 4038 1200 4092 et
1223 4032 1360 4092 indebite
1383 4036 1451 4091 octo
1475 4032 1558 4090 cives

293 4153 331 4194 ex
355 4137 472 4196 eisdem
493 4143 522 4195 et
545 4153 643 4196 unum
666 4137 854 4197 familiarem
878 4139 1040 4198 cuiusdam
1064 4141 1141 4198 civis
1157 4156 1230 4198 nece
1252 4138 1425 4198 miserabili
1448 4139 1558 4196 intere-

290 4243 398 4302 misset
414 4258 449 4301 ac
472 4242 580 4302 decem
596 4249 626 4302 et
641 4251 711 4302 octo
731 4261 769 4302 ex
785 4246 861 4320 ipsis
876 4246 1012 4304 letaliter
1026 4247 1228 4318 vulnerasset,
1251 4261 1369 4304 necnon
1392 4243 1558 4304 duodecim

292 4365 330 4408 ex
353 4350 430 4424 ipsis
453 4350 575 4408 civibus
598 4356 706 4425 captos
721 4351 760 4410 ad
785 4351 902 4410 dictum
926 4359 1064 4412 castrum
1088 4352 1208 4412 Medwe
1239 4351 1428 4424 abduxisset,
1458 4352 1557 4426 ipsos·

292 4471 352 4530 que
374 4456 520 4515 omnibus
543 4458 637 4516 rebus
661 4461 691 4515 et
712 4459 801 4516 bonis
824 4457 967 4534 ipsorum
990 4466 1054 4518 tam
1079 4459 1313 4519 interfectorum
1337 4474 1432 4533 quam
1448 4458 1556 4516 vulne-

289 4567 430 4624 ratorum
453 4569 483 4622 et
505 4565 735 4640 captivatorum
758 4565 925 4640 spoliasset
933 4585 940 4638 ;
965 4582 1101 4641 quorum
1126 4567 1253 4641 quidem
1277 4567 1395 4625 civium
1410 4565 1555 4640 homagia

292 4669 378 4728 iuxta
402 4670 561 4729 libertates
584 4677 614 4730 et
636 4669 704 4748 jura
735 4671 816 4730 dicte
839 4673 973 4731 civitatis
1004 4690 1061 4748 per
1090 4673 1247 4750 predictos
1277 4673 1419 4733 homines
1454 4679 1557 4730 vestre

290 4777 463 4836 serenitatis
485 4793 544 4852 pro
565 4779 695 4852 singulis
728 4779 850 4837 civibus
880 4779 1048 4838 interfectis
1082 4797 1139 4855 per
1173 4781 1399 4855 quinquaginta
1434 4793 1555 4837 marcas

292 4864 491 4944 denariorum
513 4886 676 4958 regalium,
700 4885 882 4960 homagium
906 4901 982 4945 vero
1005 4887 1080 4946 dicti
1102 4886 1267 4946 familiaris
1291 4901 1348 4962 pro
1372 4900 1425 4944 sex
1441 4885 1554 4944 marcis

291 4988 492 5050 denariorum
523 4992 668 5052 similiter
703 4994 865 5067 regalium,
904 4993 1026 5053 solvere
1061 4993 1209 5066 debenda,
1236 4993 1421 5054 iudicialiter
1452 4992 1555 5052 decre·
