3930 5802
383 532 442 574 aaa
794 516 868 573 Dor.
893 511 962 572 162.
988 549 1028 558 —
1052 515 1109 575 An.
1134 526 1224 593 1452.

379 732 471 790 nibus
494 731 706 790 solucionibus
729 737 910 805 exemptum
933 737 1013 788 esset
1028 737 1059 789 et
1082 732 1272 802 libertatum,
1288 736 1318 790 et
1342 733 1373 790 in
1398 732 1464 790 viru
1488 749 1542 792 sue
1567 733 1645 792 acci·

379 837 447 896 onis
469 837 611 896 exhibuit
633 837 789 912 quandam
814 837 937 910 copiam
965 838 1127 912 papiream
1161 837 1322 896 cuiusdam
1338 838 1435 910 bulle‚
1466 854 1643 914 perquam

379 945 502 1018 copiam
525 944 622 1003 nichil
645 944 755 1002 docere
778 944 877 1002 valuit
911 942 949 1001 de
987 943 1186 1002 libertacione
1223 959 1278 1002 seu
1311 946 1512 1019 exempcione
1535 945 1642 1004 huius-

380 1050 466 1108 modi
498 1051 654 1124 porcionis
689 1051 832 1114 canonice
868 1065 921 1108 seu
955 1055 1065 1124 quarte
1099 1049 1220 1124 prefato
1255 1049 1381 1108 domino
1413 1051 1542 1110 Nicolao
1577 1051 1644 1125 ple·

379 1157 461 1214 bano
484 1155 631 1216 debenda.
655 1157 718 1215 Nos
751 1158 845 1230 igitur
867 1157 1006 1214 volentes
1029 1157 1156 1214 uberius
1179 1162 1209 1214 et
1246 1157 1363 1216 cercius
1398 1157 1520 1216 edoceri
1553 1171 1644 1215 causa

379 1262 410 1319 in
434 1261 551 1334 eadem,
576 1278 707 1322 unacum
732 1262 880 1336 predictis
903 1263 1111 1320 assessoribus
1145 1263 1266 1335 nostris,
1302 1278 1420 1322 necnon
1458 1263 1644 1336 iurisperitis

379 1369 542 1427 nobiscum
566 1371 598 1427 in
619 1369 734 1428 iudicio
764 1369 1010 1442 consedentibus,
1033 1369 1261 1427 Clementinam
1285 1385 1342 1443 per
1365 1370 1491 1428 eosdem
1514 1370 1644 1442 iurispe-

380 1474 457 1532 ritos
480 1474 610 1533 fecimus
641 1475 811 1550 apportari,
835 1475 891 1532 ubi
913 1477 944 1532 in
966 1475 1105 1548 capitulo
1128 1475 1167 1532 de
1189 1475 1366 1548 sepulturis,
1390 1481 1419 1532 et
1442 1475 1475 1534 in
1505 1475 1644 1549 capitulo

379 1581 577 1640 ubidicitur:
594 1580 639 1638 Ne
655 1581 848 1654 parochiales
869 1581 996 1638 ecclesie
1019 1585 1086 1652 etc,
1102 1596 1158 1638 nos
1181 1596 1316 1638 unacum
1332 1580 1422 1640 dictis
1437 1581 1644 1639 assessoribus

379 1688 492 1746 nostris
515 1693 545 1745 et
567 1687 750 1760 iurisperitis
773 1686 876 1745 lucide
899 1692 929 1744 et
952 1685 1084 1760 limpide
1107 1688 1304 1762 repperimus
1326 1689 1359 1748 in
1374 1687 1482 1746 eadem
1499 1687 1644 1744 Clemen-

379 1794 451 1864 tina,
474 1799 509 1850 ut
532 1792 677 1850 ordinum
702 1791 812 1850 iratres
835 1792 873 1850 de
896 1793 1141 1851 obvencionibus
1165 1794 1320 1865 omnibus,
1355 1801 1420 1852 tam
1455 1793 1494 1852 de
1517 1792 1641 1850 funera·

377 1901 471 1970 libus,
486 1879 582 1973 quim
598 1898 636 1955 de
658 1898 905 1973 quibuscumque
928 1905 958 1956 et
980 1898 1274 1973 quomodocumque
1296 1900 1412 1958 relictis
1433 1899 1574 1957 distincte
1590 1898 1642 1956 vel

378 2007 554 2064 indistincte
577 2003 617 2062 ad
645 2019 858 2077 quoscumque
882 2011 980 2062 certos
1015 2005 1067 2062 vel
1103 2005 1323 2064 determinatos
1346 2021 1428 2076 usus,
1466 2004 1643 2076 dequibus

380 2112 477 2170 eciam
501 2118 611 2184 quarta
634 2109 700 2168 siue
724 2111 869 2170 canonica
892 2111 1001 2184 porcio
1025 2110 1093 2169 dari
1108 2125 1162 2168 seu
1179 2111 1261 2184 exigi
1284 2126 1346 2168 non
1362 2111 1508 2181 cosvevit,
1524 2123 1643 2168 necnon

379 2217 418 2276 de
441 2217 521 2275 datis
544 2216 595 2274 vel
619 2216 887 2289 qualitercumque
911 2215 1031 2274 donatis
1055 2217 1086 2276 in
1109 2228 1209 2275 morte
1232 2233 1286 2276 seu
1311 2219 1420 2275 mortis
1455 2216 1587 2274 articulo
1608 2215 1640 2273 in

378 2323 559 2382 infirmitate
581 2321 723 2380 donantis
747 2323 798 2379 vel
819 2321 928 2393 dantis,
952 2322 991 2380 de
1014 2338 1075 2396 qua
1108 2322 1280 2396 decesserit,
1312 2324 1501 2397 quicumque
1524 2322 1642 2380 directe

380 2430 432 2487 vel
454 2427 603 2488 indirecte
625 2427 775 2486 fratribus
797 2429 874 2502 ipsis
897 2429 949 2486 vel
971 2429 1041 2486 aliis
1063 2429 1260 2488 monasteriis
1272 2445 1326 2488 seu
1342 2429 1485 2488 claustris
1501 2429 1642 2502 ipsorum

378 2550 437 2610 pro
460 2533 586 2606 eisdem,
610 2541 754 2607 quartam
778 2539 900 2608 partem
924 2535 1160 2608 parochialibus
1183 2535 1396 2593 sacerdotibus
1430 2551 1484 2592 seu
1519 2535 1642 2592 ecclesi·

379 2657 469 2699 arum
487 2639 733 2715 parrochialium
754 2641 936 2711 rectoribus,
952 2655 1070 2700 necnon
1086 2642 1209 2714 curatis,
1225 2641 1335 2716 largiri
1358 2642 1476 2714 integre
1492 2645 1641 2698 tenentur.

380 2747 501 2820 Quibus
516 2745 670 2820 siquidem
680 2747 949 2820 proposicionibus
965 2753 995 2805 et
1010 2747 1255 2820 allegacionibus
1267 2747 1408 2822 parcium
1423 2747 1641 2820 predictarum,

379 2868 485 2910 coram
509 2853 600 2910 nobis
624 2853 827 2924 personaliter
850 2853 1029 2924 astancium,
1053 2853 1166 2912 auditis
1189 2860 1219 2912 et
1242 2853 1414 2925 intellectis,
1438 2867 1509 2911 cum
1524 2851 1642 2910 eisdem

378 2960 492 3018 nostris
514 2958 723 3016 assessoribus
744 2965 776 3016 et
789 2959 973 3034 iurisperitis
995 2959 1159 3018 nobiscum
1183 2961 1214 3018 in
1248 2959 1362 3019 iudicio
1396 2958 1642 3030 consedentibus,

379 3064 472 3124 deum
495 3070 525 3122 et
547 3065 613 3122 eius
636 3065 791 3122 iusticiam
813 3081 869 3139 pre
892 3065 991 3123 oculis
1021 3065 1172 3124 habentes
1205 3065 1243 3123 de
1279 3079 1428 3124 consensu
1462 3070 1493 3123 et
1515 3079 1642 3122 assensu

379 3171 561 3230 eorumdem
595 3175 774 3230 nostrorum
798 3185 988 3229 assessorum
1012 3175 1042 3229 et
1076 3171 1328 3246 iurisperitorum
1362 3171 1502 3244 consilio,
1525 3169 1641 3230 Christi

377 3277 502 3336 nomine
524 3277 676 3346 invocato,
700 3275 929 3334 considerantes
950 3277 1172 3336 nichilominus
1190 3278 1401 3352 predictarum
1414 3279 1641 3338 sentenciarum

378 3383 519 3456 vigorem
553 3387 584 3440 et
606 3383 743 3440 annotati
778 3383 909 3441 condam
944 3383 1063 3442 domini
1096 3385 1269 3443 Eberhardi
1303 3385 1442 3458 episcopi
1476 3383 1643 3442 confirma·

377 3490 507 3558 cionem,
539 3489 711 3562 premetitis
744 3489 965 3548 nichilominus
1000 3490 1146 3548 divorum
1181 3493 1290 3563 regum
1321 3491 1412 3550 huius
1447 3490 1525 3548 almi
1548 3491 1638 3564 regni

377 3594 536 3667 ilungarie
569 3594 778 3666 libertatibus,
812 3611 930 3653 necnon
968 3595 1182 3654 laudabilibus
1216 3596 1498 3668 consuetudinibus,
1524 3597 1638 3670 quibus

376 3703 482 3775 ipsum
504 3715 635 3773 regnum
659 3715 678 3757 a
702 3701 888 3760 beatissimis
912 3701 993 3760 sedis
1016 3702 1187 3775 apostolice
1210 3701 1410 3776 pontificibus
1428 3703 1531 3776 existit
1546 3703 1640 3760 liber·

376 3811 476 3865 tatum
499 3813 570 3864 eta
593 3805 808 3864 iurisdiccione
831 3807 993 3868 bullarum
1029 3815 1209 3882 exemptum
1219 3827 1227 3879 ;
1262 3815 1378 3866 attento
1413 3809 1520 3880 eciam,
1555 3807 1640 3882 quod

375 3912 515 3988 prefatus
538 3911 682 3969 dominus
704 3913 836 3970 Mathias
859 3914 956 3972 abbas
979 3930 997 3972 a
1020 3916 1181 3972 sentenciis
1205 3919 1235 3972 et
1258 3929 1366 3972 earum
1400 3915 1636 3987 gravaminibus

376 4035 432 4092 per
453 4017 611 4093 prefatum
633 4017 794 4077 dominum
811 4019 1002 4094 Stephanum
1017 3999 1268 4080 archidiaconum
1284 4021 1503 4093 cathedralem,
1520 4021 1640 4078 iocum·

377 4131 531 4183 tenentem
555 4125 692 4184 annotati
715 4125 833 4186 domini
850 4127 1002 4185 Leonardi
1024 4128 1133 4186 vicarii
1147 4129 1246 4186 nostri
1265 4129 1296 4186 in
1312 4129 1528 4201 spiritualibus
1546 4143 1636 4201 gene·

376 4232 461 4303 ralis,
477 4231 599 4290 nullam
629 4231 701 4290 fecit
724 4233 982 4307 appellacionem,
1017 4235 1147 4307 ipsaque
1182 4249 1273 4291 causa
1303 4249 1373 4290 cum
1398 4235 1549 4292 universis
1573 4234 1636 4291 suis

376 4338 592 4413 dependenciis
616 4343 646 4396 et
669 4339 869 4411 emergenciis
889 4339 920 4396 in
944 4355 1009 4397 rem
1034 4340 1155 4398 transiit
1177 4339 1345 4397 iudicatam
1365 4344 1395 4397 et
1417 4339 1483 4397 vim
1515 4339 1634 4398 obtinet

376 4445 548 4516 firmitatis;
572 4446 760 4520 prescriptos
784 4460 890 4502 omnes
913 4446 1082 4503 sentencias
1120 4445 1302 4504 auctoritate
1336 4451 1441 4504 nostra
1475 4445 1632 4504 ordinaria

375 4553 605 4625 confirmamus,
628 4555 814 4610 roboramus
836 4557 866 4610 et
889 4552 1078 4611 ratificamus
1102 4567 1136 4610 ac
1159 4554 1345 4626 premissam
1368 4553 1546 4609 canonicam
1564 4565 1640 4626 por·

376 4659 495 4717 cionem
518 4675 571 4716 seu
603 4665 745 4732 quartam
770 4659 808 4716 de
831 4659 983 4717 universis
1007 4659 1100 4716 rebus
1124 4663 1154 4716 et
1177 4659 1267 4716 bonis
1289 4659 1412 4716 racione
1447 4656 1637 4715 funeralium

375 4771 405 4823 et
438 4769 703 4836 testamentorum,
737 4771 772 4822 ut
807 4764 972 4840 prefertur,
1009 4769 1244 4837 ceterarumque
1277 4779 1383 4822 rerum
1419 4768 1448 4820 et
1480 4764 1633 4821 bonorum

375 4873 536 4946 utriusque
559 4887 649 4931 sexus
672 4872 835 4930 hominum
857 4873 971 4930 abhoc
996 4872 1065 4931 luce
1080 4872 1111 4929 in
1127 4872 1186 4928 hac
1198 4871 1323 4928 civitate
1339 4870 1453 4928 montis
1472 4868 1634 4927 Grecensis

375 4977 602 5052 decedencium,
626 4977 746 5052 prelato
770 4977 896 5035 domino
914 4979 1045 5035 Mathiae
1061 4977 1169 5034 abbati
1191 4975 1341 5034 moderno
1364 4982 1394 5034 et
1417 4975 1529 5033 futuris
1541 4975 1638 5032 abba·
