3804 5858
649 645 725 704 Dac.
745 657 820 724 345.
844 679 887 690 -
910 646 966 704 Au.
992 641 1082 724 1487.

218 746 690 757 ---n——--—-.-.----———-—-

802 962 888 1030 345.

319 1120 400 1168 Anno
422 1122 496 1183 1487,
517 1133 540 1186 5.
560 1121 711 1173 decembris.
731 1123 829 1173 Budua.

213 1245 242 1302 Α
262 1247 339 1320 regis
354 1246 468 1322 judicia
490 1265 588 1318 causa,
613 1267 688 1323 quac
709 1248 744 1306 dc
764 1249 934 1319 Petrauina,
950 1228 1138 1326 Sz'tjczkavma
1160 1260 1190 1310 ct
1210 1253 1325 1312 Hraic‘c
1344 1255 1478 1328 passessi-

213 1351 313 1408 am'bus
334 1353 409 1410 inter
424 1355 649 1412 communitatem
666 1355 791 1413 ciuitatis
805 1357 908 1414 mantis
929 1353 1080 1415 Grecensis
1101 1365 1131 1416 ct
1149 1357 1317 1433 Humagum
1338 1359 1372 1418 dc
1388 1359 1489 1420 Sured‘

425 1461 534 1532 agitur,
559 1462 757 1518 communitati
776 1462 902 1519 ciuitatis
923 1463 1037 1522 Hraitc
1060 1463 1255 1538 adjudicatur.

313 1601 431 1659 Amicis
464 1603 528 1660 suis
558 1603 746 1676 reverendis,
778 1605 916 1678 capitulo
940 1607 1067 1664 ecclesie
1090 1608 1306 1680 zagrabiensis
1332 1608 1478 1670 Vrbanus

208 1706 324 1765 electus
354 1713 384 1765 et
418 1707 619 1766 confirmatus
651 1709 779 1767 ecclesie
813 1711 970 1784 agriensis,
1006 1711 1216 1770 thezaurarius
1251 1713 1354 1786 regius
1387 1717 1478 1776 acin

207 1815 307 1872 causis
329 1815 362 1872 in
384 1816 544 1889 presencia
567 1815 730 1888 palatinali
754 1817 947 1875 vertentibus
964 1833 1021 1891 per
1042 1819 1275 1877 serenissimum
1299 1822 1475 1896 principem

208 1919 369 1977 dominum
387 1920 546 1993 Mathiam,
563 1921 612 1978 dei
629 1923 734 1992 gracia
747 1938 852 1995 regem
870 1923 1040 1996 Hungarie,
1057 1923 1205 1982 Bohemie
1225 1931 1280 1984 etc.
1304 1926 1477 2001 ducemque

207 2026 338 2098 Austrie,
363 2026 524 2085 dominum
541 2033 681 2085 nostrum
697 2029 971 2102 graciosissimnm,
986 2028 1082 2106 judex
1105 2030 1279 2104 deputatus,
1303 2033 1476 2092 amiciciam

207 2137 348 2204 paratam
380 2148 451 2190 cum
473 2133 597 2192 honore.
632 2133 796 2207 Noveritis,
821 2136 904 2209 quod
929 2137 961 2195 in
984 2137 1225 2210 congregacione
1247 2140 1386 2211 generali
1410 2155 1475 2200 ma·

205 2237 392 2310 gnificorum
415 2239 617 2299 dominorum
641 2241 773 2299 condam
798 2242 958 2301 Michaelis
982 2243 1099 2317 Orszag
1122 2243 1161 2302 de
1185 2243 1288 2314 thh,
1306 2245 1383 2303 alias
1399 2245 1474 2306 dicti

205 2344 294 2417 regni
317 2345 476 2418 Hungarie
499 2345 630 2420 palatini
653 2354 683 2404 et
704 2345 816 2422 judicis
833 2347 1044 2408 Comanorum
1068 2364 1103 2407 ac
1126 2349 1248 2408 comitis
1261 2349 1411 2425 Stephani
1434 2351 1473 2410 de

205 2450 327 2524 Bathor,
343 2449 455 2528 judicis
471 2454 554 2511 curie
566 2454 658 2526 regie,
683 2454 878 2513 universitati
899 2455 1054 2514 nobilium
1078 2457 1243 2514 comitatus
1265 2457 1474 2530 zagrabiensis

206 2557 283 2616 feria
314 2560 409 2617 tercia
441 2561 586 2633 proxima
617 2565 687 2619 ante
719 2560 833 2619 festum
857 2562 1089 2621 Purificacionis
1112 2563 1202 2621 beate
1225 2563 1322 2622 Marie
1344 2563 1474 2637 virginis

204 2664 236 2723 in
259 2679 339 2723 anno
370 2664 489 2724 domini
513 2666 681 2724 millesimo
706 2666 1011 2740 quadringentesimo
1035 2670 1245 2742 octuagesimo
1270 2669 1382 2743 primo,
1406 2686 1476 2743 pre·

205 2771 341 2842 teritum,
355 2771 394 2830 de
417 2773 547 2845 speciali
569 2774 788 2832 commissione
812 2780 841 2832 et
866 2775 1012 2834 mandato
1036 2775 1111 2834 dicti
1133 2775 1255 2834 domini
1276 2777 1375 2834 nostri
1392 2781 1473 2850 regis

203 2892 303 2953 prope
331 2877 490 2937 civitatem
513 2880 746 2953 zagrabiensem
772 2896 828 2954 per
860 2881 985 2939 eosdem
1017 2881 1149 2940 condam
1173 2880 1335 2940 dominum
1359 2882 1473 2942 Micha-

203 2985 286 3042 elem
308 2984 482 3058 palatinum
506 3001 542 3043 ac
565 2986 711 3068 comitem
735 2983 927 3060 Stephanum
952 2987 990 3044 de
1013 2987 1128 3046 Bethor
1151 2987 1317 3059 celebrata,
1340 2988 1472 3046 condam

205 3091 353 3163 magister
383 3091 540 3174 Johannes
572 3091 717 3164 Possgay,
750 3092 885 3150 director
909 3108 1071 3152 causarum
1095 3092 1209 3166 prefati
1232 3093 1351 3151 domini
1374 3093 1473 3152 nostri

202 3197 292 3270 regis,
315 3197 347 3254 in
370 3212 502 3271 persona
526 3198 665 3257 eiusdem
688 3198 727 3257 de
750 3199 856 3257 medio
873 3199 1008 3258 aliorum
1024 3215 1185 3272 exurgens,
1209 3205 1415 3273 proposuerat
1434 3214 1471 3258 eo

203 3303 313 3361 modo:
349 3304 506 3376 quomodo
542 3306 749 3380 possessiones
784 3305 977 3378 Petrowyna‚
1013 3304 1221 3378 Sylakowyna
1251 3310 1281 3361 et
1312 3305 1470 3378 Hrazthya

204 3416 321 3480 vocate,
340 3411 373 3468 in
396 3412 544 3470 comitatu
567 3412 760 3485 zagrabiensi
775 3413 940 3470 existentes
963 3416 993 3468 et
1008 3411 1124 3483 habite,
1143 3409 1183 3467 ad
1207 3411 1365 3468 civitatem
1382 3425 1470 3470 suam

202 3517 341 3590 regalem
365 3518 479 3576 montis
496 3516 657 3577 Grecensis
674 3519 871 3593 pertinerent,
885 3533 962 3592 quas
985 3519 1127 3592 egregius
1143 3516 1299 3598 Johannes
1317 3517 1470 3589 Henyngh

201 3621 240 3681 de
256 3622 478 3682 Zomzudwara
495 3630 610 3683 teneret
631 3631 661 3682 et
676 3633 874 3684 conservaret
889 3626 1031 3700 potencia
1048 3624 1210 3694 mediante,
1226 3622 1470 3700 earumdemque

202 3728 390 3788 detencionis
414 3735 444 3790 et
465 3732 711 3790 consecracionis
734 3733 890 3790 racionem
914 3732 993 3790 scire
1016 3731 1111 3790 vellet
1134 3731 1174 3788 ab
1198 3729 1309 3790 eodem
1328 3726 1400 3804 :jure
1416 3729 1469 3786 ad·
1551 3775 1553 3778 .

186 3837 349 3896 mittente.
371 3836 440 3910 Quo
456 3837 571 3909 audito,
586 3839 741 3922 Johannes
764 3838 803 3897 de
819 3839 994 3911 Orehowcz,
1013 3853 1070 3912 pro
1092 3835 1215 3911 prefato
1230 3837 1370 3920 Johanne
1386 3835 1467 3894 Hen·
1555 3913 1556 3918 ἵ

200 3945 306 4018 nyngh
336 3945 369 4004 in
391 3961 516 4004 causam
540 3951 679 4024 attracto,
712 3961 783 4003 cum
807 3945 1029 4019 procuratoriis
1053 3944 1163 4002 litteris
1187 3942 1317 4016 capituli
1338 3942 1467 4000 ecclesie

200 4052 408 4123 zagrabiensis
432 4053 463 4110 in
479 4051 661 4110 eorumdem
679 4067 831 4124 exurgens
848 4051 1048 4126 presenciam,
1065 4049 1268 4124 responderat
1283 4048 1339 4106 tali
1356 4047 1466 4106 modo:

202 4157 286 4232 quod
320 4159 493 4232 prescripte
528 4159 737 4233 possessiones
773 4158 966 4230 Petrowyna,
998 4155 1208 4228 Sylakowyna
1244 4161 1274 4212 et
1308 4153 1467 4226 Hrazthya

199 4272 317 4336 vocate,
340 4265 401 4339 ipsi
424 4265 457 4322 in
480 4280 604 4322 causam
628 4271 759 4322 attracto
775 4266 883 4337 vigore
906 4263 1081 4322 efficacium
1096 4263 1271 4321 litterarum
1295 4265 1325 4318 et
1348 4259 1458 4318 littera·
1544 4317 1545 4320 ,

200 4372 278 4429 lium
305 4372 582 4430 instrumentorum
618 4372 814 4446 pertinerent,
850 4387 927 4444 quas
961 4378 1074 4444 etque
1104 4383 1166 4428 non
1189 4367 1228 4428 ad
1252 4375 1333 4440 tunc,
1355 4365 1409 4424 sed
1432 4365 1465 4424 in

200 4478 332 4536 termino
363 4477 505 4536 ulteriori
527 4492 584 4550 per
618 4477 757 4550 prefatos
788 4476 931 4536 dominos
966 4476 1097 4534 condam
1130 4474 1315 4532 Michaelem
1338 4473 1463 4544 Orszag,

198 4583 275 4641 alias
306 4584 478 4658 palatinum
510 4591 540 4642 et
570 4584 718 4642 comitem
749 4583 941 4658 Stephanum
971 4583 1034 4641 sihi.
1060 4581 1162 4640 dando
1184 4595 1259 4638 cum
1280 4578 1462 4651 gravamine

199 4695 354 4761 consvet0,
377 4705 483 4748 coram
499 4689 582 4748 dicto
606 4689 733 4748 domino
754 4690 886 4750 condam
906 4688 1057 4748 Michaele
1079 4687 1218 4762 palatino
1241 4683 1413 4759 producere
1432 4689 1462 4742 et

197 4796 344 4854 exhibere
367 4801 532 4871 promptus
560 4788 667 4854 fuisset
696 4803 728 4854 et
754 4803 896 4870 paratus;
919 4810 978 4870 pro
1008 4810 1045 4852 eo
1067 4793 1163 4852 iidem
1186 4787 1304 4848 domini
1326 4788 1461 4848 Michael

199 4903 354 4977 palatinus
365 4907 395 4960 et
407 4918 511 4962 comes
523 4901 698 4976 Stephanus
714 4901 885 4978 judicantes
901 4893 1119 4960 commiserant
1142 4913 1178 4956 eo
1202 4895 1304 4966 modo,
1328 4902 1361 4951 ut
1377 4901 1460 4954 ante·

196 5010 278 5067 latus
298 5009 454 5092 Johannes
476 5010 660 5082 Hennyngh,
683 5010 713 5068 in
730 5025 853 5066 causam
870 5015 1024 5077 attractus,
1042 5007 1200 5066 universas
1222 5006 1341 5062 litteras
1364 5003 1394 5058 et
1412 5000 1461 5058 lit·
