3930 5802
426 581 484 662 16’2
831 599 1064 660 Doc.120.-
1088 599 1145 656 An.
1169 593 1262 674 1438.

421 817 453 874 in
468 830 593 874 causam
608 819 754 872 attractos
769 815 801 872 in
817 815 976 890 premissis
993 814 1225 890 perhemptorie
1241 827 1453 886 responsuros,
1469 813 1688 886 racionemque

421 921 627 980 efficaciorem
650 921 838 995 reddituros,
870 928 977 980 contra
1008 927 1190 980 annotatum
1224 919 1397 994 capitulum
1430 919 1559 977 ecclesie
1582 932 1687 991 ragra-

421 1029 536 1086 biensis
566 1029 606 1087 ad
636 1034 761 1087 octavas
785 1028 853 1088 lesti
877 1029 1123 1104 Epiphaniamm
1146 1027 1274 1099 domini,
1298 1033 1370 1084 tunc
1391 1030 1545 1096 venturas,
1568 1025 1687 1098 regiam

421 1139 564 1192 evocaret
600 1135 631 1192 in
667 1135 875 1208 presenciam;
900 1140 930 1192 et
960 1141 1031 1208 post
1066 1135 1123 1192 hec
1146 1135 1244 1208 ipsius
1268 1133 1459 1191 evocacionis
1481 1133 1594 1190 seriem
1617 1147 1689 1190 cum

421 1240 599 1298 nominibus
633 1247 832 1298 evocatorum
868 1241 907 1298 ad
944 1241 1069 1298 easdem
1092 1245 1216 1298 octavas
1240 1239 1322 1297 dicto
1344 1237 1472 1296 domino
1493 1243 1599 1296 nostro
1622 1238 1689 1310 regi

420 1347 556 1405 fideliter
578 1347 762 1405 rescribetis.
786 1349 814 1404 A
837 1346 1080 1420 quibusquidem
1104 1347 1222 1404 octavis
1247 1345 1323 1402 dum
1346 1360 1437 1402 causa
1460 1344 1603 1418 parcium
1619 1359 1689 1416 pre·

420 1454 535 1528 scripta
558 1459 662 1527 partes
696 1454 774 1511 inter
797 1453 923 1511 easdem
945 1454 1084 1512 seriebus
1107 1447 1282 1510 litterarum
1305 1451 1445 1510 eiusdem
1480 1451 1602 1508 comitis
1624 1451 1688 1507 Ma·

420 1561 510 1616 theus
542 1557 720 1616 ventilanda
758 1559 797 1616 ad
828 1565 953 1617 octavas
985 1559 1055 1617 festi
1078 1559 1161 1616 beati
1184 1559 1293 1640 Jacobi
1315 1558 1451 1632 apostoli
1472 1559 1505 1616 in
1528 1571 1609 1615 anno
1633 1555 1688 1615 do·

421 1666 498 1723 mini
520 1664 798 1723 MCCCCXXXIV.
821 1667 985 1740 preteritas
1009 1665 1209 1739 prorogatire
1232 1664 1412 1721 devenisset.
1447 1662 1586 1721 Tandem
1612 1663 1689 1736 ipsis

421 1773 538 1830 octavis
561 1771 631 1830 festi
654 1773 737 1830 beati
759 1772 868 1855 Jacobi
890 1771 1026 1846 apostoli
1049 1771 1244 1844 instantibus,
1268 1770 1424 1828 Ladomer
1439 1770 1477 1828 de
1492 1770 1687 1828 Adonowecz

421 1893 480 1952 pro
514 1878 597 1936 dicto
633 1879 771 1953 capitulo
806 1879 934 1936 ecclesie
967 1878 1176 1951 zagrabiensis
1210 1893 1282 1935 cum
1319 1877 1542 1950 procuratoriis
1576 1876 1689 1934 litteris

420 1983 560 2042 eiusdem
594 1985 626 2044 in
659 1985 798 2044 eiusdem
831 1986 954 2044 comitis
998 1985 1139 2043 Matheus
1174 1986 1299 2043 veniens
1333 1986 1535 2058 presenciam,
1569 1983 1688 2042 litteras

421 2097 541 2148 vestras
564 2107 659 2165 super
682 2092 834 2166 premissa
857 2094 1039 2150 evocacione
1063 2092 1145 2150 dicto
1167 2091 1295 2150 domino
1312 2095 1418 2149 nostro
1434 2092 1499 2163 regi
1514 2090 1688 2165 rescriptas,

419 2196 523 2254 eidem
546 2204 760 2272 presentasset,
776 2199 809 2257 in
830 2199 943 2272 quibus
966 2201 1033 2274 ipse
1056 2215 1112 2273 per
1127 2199 1319 2270 Michaclem,
1336 2197 1374 2254 de
1392 2197 1543 2270 Kysgora.
1557 2198 1688 2270 regium,

421 2318 456 2360 ac
479 2303 633 2386 Jacobum
656 2305 866 2378 presbiterum
889 2306 975 2363 chori
998 2305 1126 2363 ecclesie
1149 2311 1251 2363 vestre
1273 2303 1412 2378 predicte
1443 2303 1687 2379 prebendarium

421 2414 568 2482 vestrum,
591 2412 741 2482 homines,
759 2411 835 2468 feria
851 2413 958 2484 quinta
981 2412 1125 2486 proxima
1147 2416 1219 2484 post
1242 2409 1355 2467 festum
1379 2409 1601 2484 Concepcionis
1625 2410 1688 2467 vir-

420 2515 499 2587 ginis
521 2515 664 2588 gloriose,
688 2521 760 2574 tunc
783 2517 925 2590 proxime
948 2519 1141 2592 preteritum,
1163 2517 1336 2591 prelibatos
1359 2515 1559 2590 Stephanum,
1583 2516 1686 2574 filiurn

421 2622 590 2694 Michaelis,
625 2627 696 2680 tunc
730 2621 874 2697 judicem,
905 2624 1097 2696 Michaelem‚
1120 2624 1224 2682 filium
1246 2623 1428 2696 Sebastiani,
1453 2624 1579 2681 Petrum
1602 2623 1688 2680 Hun-

420 2742 540 2801 garum,
574 2729 767 2786 Anthonium
803 2729 955 2802 italicum,
978 2730 1139 2801 Briccium¹
1163 2731 1266 2789 filium
1289 2730 1445 2788 Benedicti
1469 2736 1498 2787 et
1522 2729 1687 2787 Nicolaum

421 2834 497 2892 alias
520 2833 646 2909 judices,
671 2835 845 2892 Fabianum
868 2837 1051 2909 litteratum,
1074 2839 1184 2910 Frych,
1209 2837 1389 2910 Georgium,
1404 2837 1508 2894 filium
1524 2836 1687 2906 Francisci,

421 2940 569 3010 Blasium‚
593 2941 696 3000 filium
720 2942 914 3016 Wythezych
938 2951 970 3002 et
993 2945 1071 3003 alios
1094 2945 1255 3002 universos
1279 2949 1309 3000 et
1321 2944 1460 3016 singulos
1476 2941 1602 3019 juratos,
1618 2958 1689 3001 con-

421 3049 562 3120 siliarios,
586 3050 668 3106 cives
692 3054 722 3107 et
752 3055 849 3107 totam
873 3052 1128 3109 communitatem
1150 3051 1285 3108 civitatis
1309 3051 1424 3108 montis
1455 3049 1618 3108 Grecensis
1649 3049 1688 3106 de

420 3153 507 3230 juxta
530 3154 714 3227 Zagrabiam
738 3157 770 3212 in
793 3155 902 3214 eadem
925 3157 1052 3215 civitate
1075 3158 1190 3216 montis
1207 3156 1368 3215 Grecensis
1385 3161 1492 3214 contra
1508 3161 1688 3215 annotatum

421 3261 594 3335 capitulum
617 3261 744 3319 ecclesie
767 3263 976 3334 zagrabiensis
999 3263 1039 3321 ad
1071 3262 1169 3321 dictas
1200 3269 1326 3321 octavas
1350 3263 1420 3322 festi
1443 3264 1687 3338 Epiphaniarum

417 3367 539 3425 domini
560 3368 679 3440 regiam
701 3369 734 3426 in
757 3369 949 3442 presenciam
972 3369 1125 3443 legittime
1161 3376 1305 3428 evocatos
1341 3371 1566 3445 comperissent
1589 3370 1686 3428 mani·

420 3471 505 3544 feste,
529 3473 569 3530 ad
592 3489 669 3547 quas
692 3474 821 3548 quidem
844 3481 969 3533 octavas
993 3476 1064 3534 festi
1086 3477 1172 3533 beati
1205 3475 1315 3558 Jacobi
1344 3476 1479 3550 apostoli
1514 3475 1627 3549 prelati
1657 3475 1688 3532 in

421 3593 546 3636 causam
568 3581 691 3637 attracti
714 3597 771 3654 per
794 3587 977 3639 annotatum
999 3589 1236 3656 procuratorem
1260 3582 1334 3641 dicti
1357 3582 1487 3656 capituli
1509 3583 1541 3640 in
1557 3595 1690 3657 persona

417 3684 558 3742 eiusdem
592 3687 736 3758 congruis
770 3685 880 3744 diebus
915 3689 1055 3762 ipsarum
1089 3693 1272 3746 octavarum
1304 3703 1412 3746 coram
1442 3687 1554 3746 eodem
1575 3689 1689 3746 comite

420 3791 562 3848 Matheus
585 3793 748 3866 expectati,
773 3793 911 3851 eiusdem
934 3795 965 3852 in
990 3796 1183 3867 presenciam
1205 3810 1267 3852 non
1290 3796 1445 3852 venissent
1466 3811 1567 3869 neque
1589 3796 1689 3852 misis-

421 3901 495 3968 sent,
519 3913 551 3955 se
574 3898 783 3956 mediantibus
806 3899 876 3960 aliis
899 3901 1011 3959 litteris
1035 3901 1175 3959 eiusdem
1197 3901 1269 3958 inde
1286 3901 1396 3959 exinde
1419 3901 1566 3960 confectis
1588 3902 1622 3960 in
1643 3900 1689 3978 ju·

420 4002 541 4062 dicibus
574 4006 739 4077 aggravari
772 4007 994 4080 permittentes,
1029 4009 1191 4082 postulans
1226 4007 1365 4082 prefatus
1400 4013 1584 4082 procurator
1615 4007 1690 4066 dicti

420 4111 550 4184 capituli
571 4110 672 4168 eidem
697 4128 735 4168 ex
758 4118 847 4186 parte
870 4114 1083 4188 predictorum
1106 4115 1137 4172 in
1153 4130 1278 4172 causam
1294 4120 1498 4173 attractorum
1514 4130 1570 4188 per
1584 4115 1689 4188 ipsum

420 4217 566 4274 comitem
602 4219 742 4276 Matheus
777 4220 808 4276 in
842 4221 1002 4292 premissis
1036 4219 1113 4296 juris
1148 4223 1318 4294 equitatem
1354 4222 1519 4296 impertiri.
1555 4221 1594 4279 Et
1616 4222 1689 4294 quia

419 4323 568 4397 prelibati
590 4325 622 4381 in
645 4339 770 4382 causam
794 4327 916 4384 attracti
939 4327 979 4384 ad
1002 4329 1154 4400 premissa
1179 4329 1246 4386 vice
1270 4329 1411 4386 terciaria
1442 4329 1593 4386 evocandi
1622 4328 1689 4386 lore

419 4429 479 4486 visi
503 4428 641 4500 fuissent,
666 4447 723 4504 pro
747 4446 783 4488 co
807 4431 890 4489 idem
916 4447 1018 4490 comes
1043 4435 1183 4492 Matheus
1209 4442 1346 4492 vestram
1376 4435 1550 4492 amiciciam
1572 4435 1688 4492 littera·

418 4536 497 4592 torie
520 4537 662 4609 peciissct
686 4537 857 4609 diligenter,
882 4544 1033 4611 quatenus
1056 4547 1197 4598 vestrum
1220 4542 1349 4599 mittatis
1373 4542 1532 4598 hominem
1561 4555 1620 4614 pro
1644 4545 1689 4598 te·

419 4642 564 4700 stimonio
582 4643 785 4716 fidedignum,
812 4660 874 4717 quo
898 4653 1048 4718 presente,
1071 4647 1167 4704 homo
1190 4648 1294 4720 regius
1311 4647 1391 4704 inira
1407 4646 1621 4720 declarandus,
1644 4662 1689 4702 se-

395 4746 539 4821 ‚pelatos
573 4749 605 4806 in
640 4764 765 4806 causam
799 4755 946 4808 attractos
982 4753 1013 4810 in
1037 4755 1197 4827 premissis
1222 4755 1455 4828 perhemptorie
1476 4767 1688 4826 responsuros,

418 4855 637 4928 racionemque
672 4856 833 4913 efficacem
868 4857 1045 4917 reddituros
1083 4876 1118 4918 ac
1157 4860 1195 4917 de
1227 4859 1344 4936 jndicio
1378 4861 1489 4933 viginti
1512 4875 1689 4918 marcarum

418 4958 513 5036 judici
549 4969 577 5020 ct
613 4963 694 5036 parti
732 4963 861 5020 adverse
897 4943 1110 5024 satisfacturos
1150 4973 1257 5025 contra
1295 4971 1476 5026 annotatum
1516 4966 1689 5041 capitulum

419 5069 616 5139 zagrabiense
639 5069 678 5126 ad
702 5077 828 5128 octavas
852 5071 922 5128 sesti
945 5072 1030 5130 beati
1053 5075 1215 5132 Michaelis
1238 5075 1418 5146 archangeli
1439 5081 1513 5132 tunc
1542 5078 1689 5131 venturas
