3930 5802
405 523 465 601 1'46
810 525 884 586 Doc.
908 522 975 584 [τό.
1000 559 1042 571 -
1066 527 1124 586 An.
1148 524 1241 606 1438.

403 739 574 798 maiestatis
596 740 627 798 in
658 741 817 814 presencia
847 741 1053 817 personaliter
1083 744 1248 818 constituti,
1272 745 1362 803 nobis
1385 747 1454 820 pari
1484 760 1561 804 voce
1583 751 1666 805 retu·

400 845 519 905 lerunt:
543 845 628 920 quod
650 847 725 922 ipsis
747 848 778 906 in
801 847 880 907 festo
912 849 996 908 beati
1019 850 1132 908 Mathie
1163 851 1305 925 apostoli,
1330 852 1473 926 proxime
1504 852 1661 926 preterito,

402 957 432 1010 et
452 953 523 1012 aliis
546 953 656 1012 diebus
679 956 879 1029 sequentibus
902 956 941 1014 ad
965 956 999 1015 id
1021 957 1102 1031 aptis
1130 961 1160 1016 et
1183 957 1421 1032 sufficientibus,
1444 973 1577 1018 unacum
1603 973 1670 1016 ma-

402 1059 506 1132 gistris
540 1062 782 1135 prothonotariis
816 1064 901 1122 curie
931 1069 1035 1122 nostre
1066 1075 1104 1122 ac·
1137 1065 1247 1122 ceteris
1278 1065 1438 1140 plerisque
1459 1065 1548 1139 regni
1570 1066 1668 1124 nostri

402 1167 562 1225 nobilibus
584 1182 644 1242 pro
666 1169 828 1228 audiendis
860 1171 1001 1245 ipsarum
1025 1172 1166 1247 parcium
1191 1171 1326 1244 querelis
1349 1168 1532 1247 justiciaque
1555 1171 1666 1232 exinde

403 1273 447 1331 eis
471 1273 675 1333 ministranda
705 1276 951 1350 consedentibus,
986 1277 1098 1352 prefati
1129 1276 1237 1335 Petrus
1268 1276 1345 1334 alias
1378 1274 1474 1353 judex
1494 1285 1524 1336 et
1546 1276 1667 1336 blasius

400 1377 529 1456 juratus,
553 1381 636 1440 cives
658 1382 739 1441 dicte
764 1384 898 1442 civitatis
919 1386 1034 1443 montis
1057 1383 1229 1454 Grecensis,
1260 1383 1324 1441 suis
1347 1399 1384 1440 ac
1406 1383 1506 1442 tocius
1529 1398 1668 1441 commu·

402 1487 507 1546 nitatis
530 1489 648 1546 civium
670 1490 804 1548 civitatis
828 1490 965 1564 predicte
989 1491 1020 1548 in
1043 1490 1194 1564 personis,
1225 1490 1422 1564 presentibus
1456 1488 1577 1564 prelato
1601 1489 1668 1548 Vil-

400 1593 509 1651 helmo
539 1595 709 1654 castellano
733 1595 808 1656 dicti
831 1598 924 1656 castri
947 1597 1068 1655 Medwe
1091 1612 1128 1654 ac
1146 1596 1303 1654 Anthonio
1327 1596 1465 1655 litterato
1483 1602 1513 1654 et
1527 1596 1667 1680 Johanne

401 1697 484 1758 dicto
500 1700 599 1774 Wrag
619 1701 658 1760 de
672 1703 885 1777 Maryasoucb,
908 1703 1069 1777 legittimis
1092 1703 1348 1777 procuratoribus
1370 1702 1553 1761 eorumdem
1568 1702 1667 1762 Vlrici

402 1807 523 1866 comitis
546 1815 577 1865 et
591 1808 753 1882 Vylhelmi
769 1810 931 1870 castellani
946 1811 1038 1869 castri
1057 1811 1105 1868 sui
1121 1808 1242 1867 Medwe
1259 1808 1394 1882 antefati,
1418 1815 1524 1867 contra
1540 1808 1666 1867 eosdem

401 1926 504 1970 corarn
529 1913 606 1988 ipsis
628 1915 718 1972 banis
748 1917 909 1990 conquesti
938 1916 1067 1975 fuissent
1096 1917 1129 1974 in
1156 1917 1239 1974 hunc
1267 1915 1417 1974 modum:
1452 1915 1610 1989 quomodo
1633 1915 1665 1974 in

400 2018 480 2077 festo
510 2021 593 2078 beati
624 2021 748 2080 Andree
778 2023 922 2097 apostoli,
957 2023 1100 2098 proxime
1123 2023 1281 2097 preterito,
1312 2021 1451 2096 prefatus
1474 2021 1664 2094 Vylhelmus

401 2139 475 2183 cum
497 2127 561 2184 suis
584 2123 791 2202 complicibus
812 2128 852 2187 ad
887 2128 1001 2187 villam
1033 2129 1176 2204 ipsorum
1210 2127 1367 2201 Pobresya
1401 2132 1544 2186 vocatam
1574 2143 1665 2186 mane

403 2230 542 2290 diluculo
566 2234 726 2307 irruentes,
749 2250 858 2294 omnes
880 2236 978 2295 boves
1009 2241 1039 2294 et
1071 2251 1181 2294 vaccas
1203 2242 1234 2294 et
1254 2235 1379 2310 vitulos,
1413 2250 1531 2294 necnon
1552 2249 1665 2310 porcos

400 2338 516 2404 lardos.
539 2341 632 2415 palia,
657 2344 775 2401 tunicas
798 2343 906 2402 viriles
929 2359 965 2402 ac
979 2347 1081 2402 vestes
1099 2343 1279 2416 muliebres,
1302 2341 1386 2401 serra
1407 2341 1512 2414 aratri,
1535 2341 1663 2414 ligones,

400 2444 545 2505 falcastro
568 2463 604 2506 ac
626 2463 734 2507 omnes
756 2465 806 2507 res
830 2455 859 2508 et
882 2451 964 2508 bona
998 2449 1162 2507 hominum
1194 2455 1224 2507 et
1254 2449 1429 2507 concivium
1460 2449 1602 2523 ipsorum
1632 2449 1664 2506 in

401 2550 513 2610 eadem
535 2554 613 2612 villa
636 2556 902 2614 commorancium
919 2555 1115 2628 recepissent,
1140 2560 1171 2613 et
1192 2554 1232 2612 ad
1256 2554 1375 2613 dictum
1391 2561 1528 2613 castrum
1543 2553 1665 2612 Medwe

401 2655 607 2718 deduxissent
628 2661 663 2718 In
686 2676 748 2734 qua
771 2661 850 2719 villa
872 2662 933 2736 ipsi
948 2663 1090 2720 homines
1113 2666 1144 2719 et
1167 2662 1249 2720 cives
1272 2661 1345 2735 plus
1369 2675 1465 2734 quam
1487 2666 1611 2719 centurn
1634 2667 1665 2718 et

402 2764 624 2838 quinquaginta
645 2765 779 2826 florenos
803 2769 872 2827 auri
895 2767 1031 2842 dampna
1054 2768 1273 2841 percepissent.
1296 2767 1365 2824 Hiis
1388 2766 1502 2825 auditis
1524 2766 1664 2842 prefatus

401 2870 590 2944 Vylhelmus
613 2873 800 2933 castellanus
834 2875 1040 2950 personaliter
1063 2889 1099 2931 ac
1121 2872 1236 2948 prefati
1256 2873 1432 2931 Anthonius
1454 2873 1609 2931 litteratus
1632 2878 1663 2931 et

400 2976 557 3060 Johannes
579 2977 679 3052 Wrag
709 2979 747 3038 de
781 2981 994 3054 Maryasoucb,
1017 2984 1235 3054 procuratores
1269 2979 1416 3052 legittimi
1450 2979 1663 3053 predictorum

400 3082 500 3142 Vlrici
523 3085 645 3143 comitis
669 3092 700 3144 et
722 3087 884 3160 Vylhelmi
905 3087 1066 3147 castellani
1088 3087 1145 3161 sui,
1168 3101 1274 3144 coram
1296 3085 1414 3143 eisdem
1437 3085 1526 3143 banis
1549 3087 1662 3144 nostris

400 3193 542 3263 astantes,
566 3191 812 3266 respondissent:
848 3194 932 3267 quod
963 3195 1069 3267 aliqua
1101 3192 1238 3266 dampna
1261 3190 1345 3250 idem
1368 3191 1556 3262 Vylhelmus
1580 3207 1663 3250 cum

398 3296 463 3354 suis
486 3287 698 3371 complicibus
716 3299 794 3356 villa
824 3299 856 3356 in
879 3299 989 3358 eadem
1019 3301 1087 3373 ipso
1112 3299 1162 3356 die
1194 3297 1333 3356 diluculo
1364 3297 1577 3368 commisisset,
1609 3295 1663 3355 sed

398 3417 460 3460 non
484 3403 515 3460 in
538 3407 623 3461 tanto
646 3419 777 3462 numero
800 3410 831 3463 et
852 3406 969 3478 valore,
1001 3410 1094 3479 prout
1117 3405 1178 3478 ipsi
1209 3404 1292 3462 cives
1323 3407 1429 3460 contra
1459 3403 1564 3478 ipsum
1588 3403 1663 3475 Vyl-

399 3508 541 3566 helmum
564 3511 806 3583 proposuissent.
829 3511 896 3569 Hoc
923 3517 1070 3586 percepto
1094 3510 1155 3584 ipsi
1177 3510 1251 3568 bani
1269 3509 1368 3567 nostri
1390 3524 1462 3567 cum
1486 3508 1576 3568 dictis
1598 3525 1663 3568 ma·

399 3615 505 3688 gistris
527 3616 640 3673 nostris
661 3617 904 3690 prothonotariis
920 3623 950 3676 et
973 3617 1044 3676 aliis
1060 3616 1267 3674 assessoribus
1282 3614 1365 3673 facto
1381 3615 1412 3672 in
1427 3614 1538 3674 eodem
1561 3615 1665 3674 taliter

398 3721 541 3779 arbitrati
564 3720 708 3780 inissent:
740 3723 825 3796 quod
855 3725 996 3782 homines
1019 3724 1051 3781 in
1082 3727 1221 3796 pretacta
1244 3721 1323 3780 villa
1345 3721 1504 3794 Pobresya
1526 3737 1664 3780 commo·

398 3831 501 3884 rantes
524 3827 701 3886 incivitate
731 3833 870 3903 pretacta
901 3831 1015 3889 montis
1046 3828 1209 3889 Grecensis
1232 3831 1263 3886 in
1293 3828 1422 3886 ecclesia
1445 3829 1544 3887 sancti
1565 3827 1662 3886 Marci

398 3933 429 3991 in
453 3931 562 3992 eadem
585 3939 769 4008 constructa,
792 3950 898 3994 coram
921 3951 983 3994 uno
1005 3951 1044 3994 ex
1066 3934 1222 4011 judicibus
1245 3934 1401 3993 nobilium
1424 3935 1589 3993 comitatus
1611 3949 1661 3991 za·

397 4041 578 4115 grabiensis,
602 4043 652 4101 cui
675 4043 748 4102 illac
771 4044 968 4118 presentibus
987 4045 1033 4102 ire
1055 4041 1210 4118 jubemus,
1243 4055 1338 4114 super
1370 4041 1516 4114 pretactis
1539 4045 1663 4098 centum

397 4152 427 4205 et
450 4149 673 4222 quinquaginta
695 4150 818 4210 florenis
849 4152 917 4210 auri
951 4151 1084 4224 quilibet
1115 4163 1224 4206 eorum
1254 4163 1348 4220 super
1369 4162 1431 4205 uno
1454 4147 1571 4206 floreno
1593 4147 1662 4206 auri

397 4254 526 4328 propria
548 4255 580 4312 in
603 4271 734 4328 persona
758 4264 869 4316 octavo
892 4257 942 4316 die
966 4256 1024 4314 fest
1050 4255 1165 4314 Pasche
1198 4253 1324 4325 domini,
1356 4254 1500 4328 proxime
1531 4255 1663 4324 venturi,

396 4356 499 4434 jurare
523 4365 672 4434 teneatur,
696 4364 818 4438 ipsique
834 4364 959 4422 Vlricus
982 4377 1086 4420 comes
1109 4369 1139 4419 et
1161 4359 1350 4432 Vylhelmus
1374 4361 1560 4422 castellanus
1584 4362 1663 4419 eius·

397 4465 470 4522 dem
493 4467 579 4539 ipsos
609 4473 733 4526 centum
763 4477 793 4528 et
817 4470 1039 4556 quinquaginta
1074 4467 1206 4526 florenos
1236 4465 1304 4523 auri
1335 4465 1452 4524 eisdem
1483 4467 1609 4540 populis
1633 4471 1663 4524 et

397 4571 578 4630 hominibus
600 4574 723 4632 solvere
747 4577 941 4635 tenebuntur.
971 4577 1059 4647 item,
1090 4573 1174 4649 quod
1205 4572 1314 4630 eodem
1339 4573 1398 4646 die,
1430 4577 1506 4648 puta
1528 4555 1662 4632 infesto

397 4679 494 4736 sancti
518 4679 641 4738 Andree
665 4683 809 4756 apostoli,
825 4683 967 4757 proxime
985 4683 1141 4756 preterito,
1165 4680 1249 4738 idem
1266 4679 1455 4751 Vylhelmus
1478 4695 1550 4738 cum
1573 4680 1662 4738 dictis

396 4785 460 4843 suis
483 4785 691 4860 complicibus
725 4788 765 4846 ad
797 4789 908 4847 villam
943 4788 1085 4847 Gradsan
1119 4785 1259 4845 eiusdem
1289 4786 1423 4844 civitatis
1452 4787 1600 4847 irruendo
1621 4771 1661 4846 ab

396 4889 577 4950 horninibus
606 4907 659 4950 seu
692 4895 873 4954 concivibus
902 4896 933 4953 in
964 4895 1073 4953 eadem
1108 4893 1375 4952 commorantibus
1410 4893 1518 4952 decem
1552 4894 1661 4968 boves,

396 5006 465 5057 octo
489 5013 608 5072 vaccas,
632 4999 838 5074 quadraginta
860 5016 982 5076 porcos,
996 5005 1129 5075 quatuor
1145 4997 1260 5071 lardos,
1285 5000 1423 5074 quinque
1445 5002 1538 5076 palia,
1563 5001 1661 5075 quod·
