3804 5858
371 488 435 562 468
780 485 852 542 Doc.
871 496 945 560 350.
971 518 1011 527 —
1035 485 1092 544 An.
1116 481 1210 562 1488.

371 701 442 772 suis,
465 699 504 759 ad
526 715 623 758 unum
646 705 764 757 certum
789 703 818 756 et
841 699 971 757 brevem
995 701 1164 758 terminum
1186 699 1287 758 eidem
1301 700 1467 772 exponenti
1490 705 1635 772 exparte

371 805 553 864 eorumdem
576 804 826 862 adversariorum
848 819 975 862 suorum
1000 804 1038 862 de
1061 812 1091 863 et
1115 820 1209 880 super
1232 806 1378 864 omnibus
1396 802 1515 880 injuriis
1530 803 1635 862 eidem

371 909 593 986 quoquomodo
616 910 713 968 illatis
735 908 886 985 judicium
908 915 937 968 et
959 907 1116 985 justiciam
1138 909 1248 982 facere,
1264 925 1299 968 ac
1316 910 1441 970 tandem
1458 909 1634 983 plenariam

371 1024 401 1078 et
424 1016 638 1076 omnimodam
658 1015 897 1074 satisfactionem
920 1016 1100 1090 impendere
1124 1016 1262 1076 debeatis
1285 1023 1315 1074 et
1338 1017 1511 1088 teneamini,
1527 1016 1566 1073 de
1583 1031 1634 1074 ce·

370 1130 498 1196 teroque
521 1123 653 1181 eundem
676 1122 792 1180 nemini
816 1123 994 1196 perturbari
1016 1129 1046 1180 et
1070 1123 1293 1196 quoquomodo
1316 1122 1473 1182 diffamari
1505 1123 1635 1196 permit·

370 1230 449 1300 tatis,
473 1230 620 1302 quoniam
645 1228 784 1301 alioquin
807 1229 1021 1287 commisimus
1044 1235 1074 1287 et
1096 1229 1223 1302 plenam
1247 1235 1385 1288 nostram
1401 1228 1579 1286 facultatem
1602 1235 1635 1285 et

370 1336 585 1394 auctoritatem
618 1334 769 1404 dedimus,
801 1334 974 1408 damusque
1005 1343 1035 1392 et
1065 1335 1256 1392 comittimus
1286 1351 1343 1408 per
1366 1340 1523 1408 presentes
1545 1334 1633 1392 fideli

369 1447 474 1499 nostro
498 1441 663 1513 magnifico
687 1441 800 1498 llathie
822 1440 925 1498 Gereb
948 1442 1034 1514 regni
1058 1443 1156 1500 nostri
1178 1439 1341 1500 Sclauonie
1366 1442 1456 1510 ban0,
1491 1447 1525 1498 ut
1548 1441 1634 1499 idem

370 1562 477 1606 omnes
499 1547 585 1618 tales,
609 1547 635 1604 si
659 1548 712 1619 qui
736 1546 815 1604 forte
839 1548 946 1620 previa
977 1548 1136 1605 occasione
1168 1547 1272 1620 ipsum
1306 1550 1512 1622 exponentem
1543 1546 1634 1604 diffa-

371 1668 465 1722 mare,
489 1653 548 1710 hoc
571 1659 601 1709 et
624 1657 775 1709 tortorem
798 1652 961 1726 appellare
984 1653 1229 1726 presumpserint
1251 1654 1283 1711 in
1312 1668 1444 1728 persona
1475 1654 1634 1726 captivare

370 1765 400 1816 et
423 1760 504 1816 bona
527 1758 709 1816 eorumdem
733 1773 885 1832 occupare
908 1764 937 1818 et
962 1765 1024 1816 tarn
1049 1760 1152 1832 capita
1175 1775 1269 1832 quam
1293 1760 1390 1817 eciam
1414 1761 1495 1816 hona
1511 1773 1633 1816 eorum·

370 1864 441 1922 dem
464 1871 568 1922 nostre
591 1863 790 1938 disposicioni
814 1869 916 1922 tenere
940 1871 969 1922 et
992 1880 1176 1922 conservare
1196 1865 1306 1922 debeat
1322 1870 1352 1921 et
1367 1871 1516 1924 teneatur.
1538 1864 1633 1922 Secus

370 1971 465 2044 igitur
487 1971 576 2028 nullo
600 1969 694 2027 modo
718 1969 819 2027 lacere
849 1972 1101 2044 presumpnratis.
1133 1971 1330 2030 Presentibus
1360 1971 1515 2045 perlectis,
1546 1971 1633 2027 exhi·

371 2078 454 2134 benti
477 2076 632 2134 restitutis.
658 2075 772 2132 Datum
796 2076 926 2134 Wienne
950 2078 981 2134 in
1004 2076 1083 2134 festo
1106 2077 1305 2135 sacratissimi
1335 2077 1475 2150 corporis
1507 2075 1632 2134 Christi.

371 2183 461 2239 Anno
485 2181 623 2240 eiusdem
648 2181 818 2240 millesimo
842 2181 1146 2255 quadringentesimo
1169 2183 1380 2256 octuagesimo
1403 2192 1526 2242 octavo.

473 2353 640 2404 Protocolum
659 2353 728 2405 civit.
747 2355 781 2403 In
799 2354 894 2406 archiv.
912 2353 972 2405 incl.
993 2355 1077 2404 Acnd.
1097 2355 1192 2406 Scient.
1212 2354 1310 2408 Slavor.
1330 2355 1421 2408 merid.
1439 2357 1476 2407 11.
1496 2355 1513 2404 d
1536 2365 1595 2419 235.

962 2583 1052 2650 350.

474 2727 555 2776 Auno
579 2726 654 2788 1488,
673 2738 697 2790 7.
717 2725 867 2778 decembris.
887 2725 1037 2790 zagrabtse.

376 2853 539 2929 Capitulum
551 2854 736 2928 zagrabicnsc
754 2855 978 2912 communitatem
1000 2853 1126 2911 civetatis
1148 2855 1250 2911 urentis
1282 2852 1436 2912 Greccnsis
1458 2854 1489 2909 in
1515 2853 1635 2912 Hradla

607 2978 675 3035 boni
685 2979 896 3052 possessionem
925 2997 945 3034 a
966 2996 996 3034 se
1018 2977 1161 3035 abductam
1184 2995 1242 3035 csse
1264 2979 1386 3035 nunaut.

476 3141 744 3200 Reverendissimo
778 3141 904 3200 domino
942 3142 1067 3200 Vrbano
1101 3141 1199 3199 electo
1229 3146 1259 3198 et
1291 3139 1473 3199 confirmato
1506 3139 1634 3198 ecclesie

369 3247 527 3319 agriensis,
559 3247 751 3306 thezanrario
774 3249 861 3319 regio
883 3263 918 3306 ac
942 3249 973 3305 in
996 3247 1096 3306 causis
1119 3247 1150 3304 in
1183 3246 1341 3320 presencia
1371 3244 1534 3320 palatinali
1564 3260 1632 3302 ver·

369 3353 505 3411 tentibus
537 3369 593 3425 per
623 3353 854 3412 serenissimum
884 3354 1058 3427 principem
1089 3351 1251 3411 dominum
1284 3351 1434 3409 Mathiam
1457 3349 1508 3410 dei
1529 3351 1634 3424 gracia

369 3458 536 3531 Hungarie‚
561 3459 706 3518 Bohemie
727 3467 783 3518 etc.
806 3475 919 3532 regem,
944 3459 1117 3532 ducemque
1141 3460 1274 3529 Austris,
1299 3457 1463 3516 dominum
1491 3464 1632 3516 nostrum

368 3564 551 3637 naturalem,
564 3565 838 3637 graciosissimum,
861 3562 956 3639 judici
980 3565 1138 3638 deputato,
1162 3563 1289 3622 domino
1312 3569 1342 3622 et
1363 3563 1464 3622 amico
1493 3563 1633 3637 ipsorum

368 3669 560 3740 honorando,
584 3671 757 3743 capitulum
780 3670 908 3728 ecclesie
932 3671 1147 3742 zagrabiensis,
1178 3670 1353 3728 amiciciam
1387 3674 1529 3742 paratam
1561 3685 1632 3728 cum

368 3775 494 3832 honore.
520 3775 629 3834 Vestra
651 3777 773 3834 noverit
797 3775 979 3846 dominacio,
1003 3775 1086 3848 quod
1110 3789 1166 3833 nos
1199 3775 1304 3834 debito
1334 3790 1406 3832 cum
1436 3775 1555 3834 honore
1585 3790 1633 3832 re·

369 3881 466 3954 ceptis
499 3880 611 3939 litteris
646 3881 783 3939 eiusdem
820 3880 1051 3939 adiudicatoriis
1086 3881 1215 3938 modurn
1248 3887 1277 3938 et
1312 3880 1447 3938 formam
1470 3879 1632 3938 cuiusdam

368 3985 528 4044 iudiciarie
562 3987 788 4045 commissionis
811 4002 862 4044 seu
896 3986 1133 4046 deliberacionis
1161 3987 1194 4044 in
1222 4003 1254 4043 re
1282 3987 1506 4060 exprimentes,
1539 3985 1632 4056 Bude‚

367 4093 559 4164 sexagesimo
583 4092 633 4151 die
656 4098 837 4152 octavarum
862 4091 931 4151 festi
963 4093 1045 4152 beati
1081 4085 1246 4152 Michaelis
1276 4092 1463 4164 archangeli,
1487 4091 1630 4164 proxime

368 4197 514 4270 preteriti,
530 4213 588 4272 pro
605 4205 692 4272 parte
708 4198 1004 4272 circumspectorum
1019 4197 1130 4273 judicis
1147 4213 1181 4256 ac
1197 4197 1378 4274 juratorum,
1396 4205 1631 4270 ceterorumque

366 4303 482 4360 civium
505 4308 535 4361 et
557 4303 731 4362 incolarum
754 4304 888 4363 civitatis
913 4305 1027 4362 montis
1050 4303 1212 4362 Grecensis
1236 4320 1330 4377 super
1352 4302 1488 4376 quadarn
1513 4315 1630 4376 posses·

364 4409 497 4468 sinnaria
520 4411 688 4468 statucione
712 4410 857 4468 confectis
881 4415 910 4468 et
933 4414 1091 4482 emanatis,
1112 4412 1263 4484 nobisque
1279 4409 1484 4468 amicabiliter
1505 4409 1632 4481 loquen-

365 4515 447 4573 tibus
471 4521 501 4573 et
524 4515 655 4588 directis,
679 4517 768 4574 iuxta
790 4516 973 4574 earumdem
994 4517 1217 4575 continenciam
1249 4531 1382 4574 unacum
1405 4513 1554 4588 magistro
1577 4511 1629 4571 Se·

365 4621 508 4680 hastiano
532 4621 571 4680 de
594 4622 764 4693 Korothna,
789 4623 873 4680 curie
896 4623 979 4695 regie
995 4623 1123 4694 notario,
1140 4623 1265 4680 homine
1282 4627 1383 4680 vestre
1400 4619 1631 4690 dominacionis,

364 4728 396 4786 in
430 4727 548 4786 eisdem
584 4727 699 4786 litteris
734 4727 967 4786 adiudicatoriis
1000 4729 1081 4786 inter
1115 4728 1193 4786 alios
1224 4727 1408 4786 nominatim
1440 4727 1631 4800 conscriptos

364 4849 519 4908 expressO,
543 4848 639 4890 unum
663 4849 701 4890 ex
724 4833 822 4905 nobis,
849 4834 993 4892 videlicet
1006 4835 1223 4892 honorabilem
1241 4833 1424 4904 magistrum
1441 4829 1632 4906 Stephanum

364 4941 402 4998 de
425 4941 534 5011 Crisio,
558 4939 675 4998 socium
710 4947 739 4996 ct
762 4941 1003 4998 concanonicum
1033 4946 1182 5008 nostrum,
1215 4939 1254 4998 ad
1286 4945 1428 4998 contenta
1451 4935 1632 4996 earumdem
