<?xml version="1.0" encoding="UTF-8"?>
<!DOCTYPE html PUBLIC "-//W3C//DTD XHTML 1.0 Transitional//EN"
    "http://www.w3.org/TR/xhtml1/DTD/xhtml1-transitional.dtd">
<html xmlns="http://www.w3.org/1999/xhtml" xml:lang="en" lang="en">
 <head>
  <title>
</title>
<meta http-equiv="Content-Type" content="text/html;charset=utf-8" />
  <meta name='ocr-system' content='tesseract 3.04.00' />
  <meta name='ocr-capabilities' content='ocr_page ocr_carea ocr_par ocr_line ocrx_word'/>
</head>
<body>
  <div class='ocr_page' id='page_1' title='image "./monumentahistor20laszgoog_0452.png"; bbox 0 0 3930 5802; ppageno 0'>
   <div class='ocr_carea' id='block_1_1' title="bbox 729 597 1563 674">
    <p class='ocr_par' dir='ltr' id='par_1_1' title="bbox 729 597 1563 674">
     <span class='ocr_line' id='line_1_1' title="bbox 729 597 1563 674; baseline 0.004 -20"><span class='ocrx_word' id='word_1_1' title='bbox 729 597 803 656; x_wconf 79' lang='lat' dir='ltr'>Dec.</span> <span class='ocrx_word' id='word_1_2' title='bbox 827 610 896 672; x_wconf 75' lang='lat'>139.</span> <span class='ocrx_word' id='word_1_3' title='bbox 920 629 962 638; x_wconf 92' lang='lat'><em>-</em></span> <span class='ocrx_word' id='word_1_4' title='bbox 986 597 1041 654; x_wconf 84' lang='lat' dir='ltr'>An.</span> <span class='ocrx_word' id='word_1_5' title='bbox 1068 607 1157 674; x_wconf 74' lang='lat'><em>1445.</em></span> <span class='ocrx_word' id='word_1_6' title='bbox 1332 615 1335 622; x_wconf 91' lang='grc'><em>·</em></span> <span class='ocrx_word' id='word_1_7' title='bbox 1506 613 1563 674; x_wconf 86' lang='lat'>195</span> 
     </span>
    </p>
   </div>
   <div class='ocr_carea' id='block_1_2' title="bbox 300 810 1573 3648">
    <p class='ocr_par' dir='ltr' id='par_1_2' title="bbox 300 810 1573 3648">
     <span class='ocr_line' id='line_1_2' title="bbox 303 810 1565 888; baseline -0.003 -16"><span class='ocrx_word' id='word_1_8' title='bbox 303 829 394 872; x_wconf 91' lang='lat' dir='ltr'>cursu</span> <span class='ocrx_word' id='word_1_9' title='bbox 417 813 531 888; x_wconf 82' lang='lat' dir='ltr'>prefati</span> <span class='ocrx_word' id='word_1_10' title='bbox 552 811 640 870; x_wconf 89' lang='lat' dir='ltr'>fluvii</span> <span class='ocrx_word' id='word_1_11' title='bbox 662 811 887 870; x_wconf 87' lang='lat' dir='ltr'>Chemomercz</span> <span class='ocrx_word' id='word_1_12' title='bbox 909 813 1020 883; x_wconf 91' lang='lat' dir='ltr'>vocati,</span> <span class='ocrx_word' id='word_1_13' title='bbox 1043 812 1144 884; x_wconf 91' lang='lat' dir='ltr'>sitam,</span> <span class='ocrx_word' id='word_1_14' title='bbox 1167 811 1263 869; x_wconf 90' lang='lat' dir='ltr'>simui</span> <span class='ocrx_word' id='word_1_15' title='bbox 1302 826 1374 870; x_wconf 92' lang='lat' dir='ltr'>cum</span> <span class='ocrx_word' id='word_1_16' title='bbox 1405 810 1565 884; x_wconf 89' lang='lat' dir='ltr'>quoddam</span> 
     </span>
     <span class='ocr_line' id='line_1_3' title="bbox 304 916 1566 994; baseline -0.002 -18"><span class='ocrx_word' id='word_1_17' title='bbox 304 918 392 978; x_wconf 82' lang='lat' dir='ltr'>senili</span> <span class='ocrx_word' id='word_1_18' title='bbox 414 934 524 992; x_wconf 87' lang='lat' dir='ltr'>parvo,</span> <span class='ocrx_word' id='word_1_19' title='bbox 547 918 648 977; x_wconf 89' lang='lat' dir='ltr'>eidem</span> <span class='ocrx_word' id='word_1_20' title='bbox 672 924 754 977; x_wconf 91' lang='lat' dir='ltr'>terre</span> <span class='ocrx_word' id='word_1_21' title='bbox 776 918 890 976; x_wconf 89' lang='lat' dir='ltr'>arabili</span> <span class='ocrx_word' id='word_1_22' title='bbox 913 916 1071 994; x_wconf 86' lang='lat' dir='ltr'>adjacente</span> <span class='ocrx_word' id='word_1_23' title='bbox 1093 918 1240 976; x_wconf 90' lang='lat' dir='ltr'>habitum</span> <span class='ocrx_word' id='word_1_24' title='bbox 1259 923 1289 975; x_wconf 89' lang='lat' dir='ltr'>et</span> <span class='ocrx_word' id='word_1_25' title='bbox 1324 918 1465 988; x_wconf 75' lang='lat' dir='ltr'><strong>existens,</strong></span> <span class='ocrx_word' id='word_1_26' title='bbox 1489 917 1566 975; x_wconf 92' lang='lat' dir='ltr'>duo-</span> 
     </span>
     <span class='ocr_line' id='line_1_4' title="bbox 303 1024 1567 1098; baseline -0.001 -15"><span class='ocrx_word' id='word_1_27' title='bbox 303 1025 404 1084; x_wconf 88' lang='lat' dir='ltr'>decim</span> <span class='ocrx_word' id='word_1_28' title='bbox 426 1025 478 1083; x_wconf 89' lang='lat' dir='ltr'>vel</span> <span class='ocrx_word' id='word_1_29' title='bbox 501 1026 579 1084; x_wconf 92' lang='lat' dir='ltr'>citra</span> <span class='ocrx_word' id='word_1_30' title='bbox 602 1025 699 1084; x_wconf 89' lang='lat' dir='ltr'>dietas</span> <span class='ocrx_word' id='word_1_31' title='bbox 722 1030 804 1083; x_wconf 89' lang='lat' dir='ltr'>terre</span> <span class='ocrx_word' id='word_1_32' title='bbox 819 1026 851 1084; x_wconf 94' lang='lat' dir='ltr'>in</span> <span class='ocrx_word' id='word_1_33' title='bbox 866 1041 898 1082; x_wconf 88' lang='lat' dir='ltr'>se</span> <span class='ocrx_word' id='word_1_34' title='bbox 918 1025 1133 1096; x_wconf 89' lang='lat' dir='ltr'>continentem,</span> <span class='ocrx_word' id='word_1_35' title='bbox 1150 1025 1253 1098; x_wconf 90' lang='lat' dir='ltr'>ipsum</span> <span class='ocrx_word' id='word_1_36' title='bbox 1277 1024 1395 1082; x_wconf 90' lang='lat' dir='ltr'>scilieet</span> <span class='ocrx_word' id='word_1_37' title='bbox 1418 1024 1567 1082; x_wconf 91' lang='lat' dir='ltr'>Mathiam</span> 
     </span>
     <span class='ocr_line' id='line_1_5' title="bbox 302 1129 1567 1202; baseline -0.002 -12"><span class='ocrx_word' id='word_1_38' title='bbox 302 1132 434 1191; x_wconf 88' lang='lat' dir='ltr'>Farkass</span> <span class='ocrx_word' id='word_1_39' title='bbox 456 1147 474 1189; x_wconf 91' lang='lat' dir='ltr'>a</span> <span class='ocrx_word' id='word_1_40' title='bbox 496 1131 596 1190; x_wconf 90' lang='lat' dir='ltr'>nobili</span> <span class='ocrx_word' id='word_1_41' title='bbox 630 1137 660 1189; x_wconf 87' lang='lat' dir='ltr'>et</span> <span class='ocrx_word' id='word_1_42' title='bbox 693 1132 822 1190; x_wconf 90' lang='lat' dir='ltr'>honesto</span> <span class='ocrx_word' id='word_1_43' title='bbox 857 1132 936 1190; x_wconf 88' lang='lat' dir='ltr'>viro.</span> <span class='ocrx_word' id='word_1_44' title='bbox 960 1131 1117 1189; x_wconf 88' lang='lat' dir='ltr'>Marinche</span> <span class='ocrx_word' id='word_1_45' title='bbox 1151 1135 1270 1202; x_wconf 90' lang='lat' dir='ltr'>vocato,</span> <span class='ocrx_word' id='word_1_46' title='bbox 1294 1144 1401 1188; x_wconf 89' lang='lat' dir='ltr'>socero</span> <span class='ocrx_word' id='word_1_47' title='bbox 1432 1129 1567 1188; x_wconf 89' lang='lat' dir='ltr'>condam</span> 
     </span>
     <span class='ocr_line' id='line_1_6' title="bbox 301 1235 1565 1309; baseline -0.002 -13"><span class='ocrx_word' id='word_1_48' title='bbox 301 1238 417 1297; x_wconf 90' lang='lat' dir='ltr'>nobilis</span> <span class='ocrx_word' id='word_1_49' title='bbox 439 1238 584 1296; x_wconf 90' lang='lat' dir='ltr'>similiter</span> <span class='ocrx_word' id='word_1_50' title='bbox 613 1243 644 1295; x_wconf 91' lang='lat' dir='ltr'>et</span> <span class='ocrx_word' id='word_1_51' title='bbox 665 1238 785 1296; x_wconf 91' lang='lat' dir='ltr'>honesti</span> <span class='ocrx_word' id='word_1_52' title='bbox 808 1237 868 1294; x_wconf 89' lang='lat' dir='ltr'>viri</span> <span class='ocrx_word' id='word_1_53' title='bbox 903 1237 1073 1309; x_wconf 87' lang='lat' dir='ltr'>Michaelis,</span> <span class='ocrx_word' id='word_1_54' title='bbox 1097 1237 1175 1296; x_wconf 89' lang='lat' dir='ltr'>oiim</span> <span class='ocrx_word' id='word_1_55' title='bbox 1209 1237 1345 1295; x_wconf 89' lang='lat' dir='ltr'>concivis</span> <span class='ocrx_word' id='word_1_56' title='bbox 1375 1237 1481 1307; x_wconf 89' lang='lat' dir='ltr'>nostri,</span> <span class='ocrx_word' id='word_1_57' title='bbox 1506 1235 1565 1294; x_wconf 90' lang='lat' dir='ltr'>filii</span> 
     </span>
     <span class='ocr_line' id='line_1_7' title="bbox 303 1343 1565 1428; baseline -0.002 -26"><span class='ocrx_word' id='word_1_58' title='bbox 303 1343 426 1402; x_wconf 89' lang='lat' dir='ltr'>Andree</span> <span class='ocrx_word' id='word_1_59' title='bbox 447 1343 487 1402; x_wconf 91' lang='lat' dir='ltr'>de</span> <span class='ocrx_word' id='word_1_60' title='bbox 508 1345 616 1428; x_wconf 87' lang='lat' dir='ltr'>Japna,</span> <span class='ocrx_word' id='word_1_61' title='bbox 639 1344 717 1402; x_wconf 88' lang='lat' dir='ltr'>alias</span> <span class='ocrx_word' id='word_1_62' title='bbox 740 1353 906 1418; x_wconf 90' lang='lat' dir='ltr'>capetaneo</span> <span class='ocrx_word' id='word_1_63' title='bbox 930 1343 1191 1416; x_wconf 88' lang='lat' dir='ltr'>Nandoralbense,</span> <span class='ocrx_word' id='word_1_64' title='bbox 1206 1359 1288 1401; x_wconf 91' lang='lat' dir='ltr'>nunc</span> <span class='ocrx_word' id='word_1_65' title='bbox 1307 1358 1381 1400; x_wconf 91' lang='lat' dir='ltr'>vero</span> <span class='ocrx_word' id='word_1_66' title='bbox 1413 1343 1565 1400; x_wconf 82' lang='lat' dir='ltr'>servitore</span> 
     </span>
     <span class='ocr_line' id='line_1_8' title="bbox 304 1448 1573 1524; baseline -0.002 -16"><span class='ocrx_word' id='word_1_67' title='bbox 304 1449 463 1524; x_wconf 82' lang='lat' dir='ltr'>magnifici</span> <span class='ocrx_word' id='word_1_68' title='bbox 493 1451 555 1508; x_wconf 90' lang='lat' dir='ltr'>viri</span> <span class='ocrx_word' id='word_1_69' title='bbox 585 1449 702 1509; x_wconf 86' lang='lat' dir='ltr'>domini</span> <span class='ocrx_word' id='word_1_70' title='bbox 736 1449 903 1509; x_wconf 81' lang='lat' dir='ltr'>Mattlronis</span> <span class='ocrx_word' id='word_1_71' title='bbox 938 1449 977 1507; x_wconf 91' lang='lat' dir='ltr'>de</span> <span class='ocrx_word' id='word_1_72' title='bbox 1010 1449 1163 1508; x_wconf 88' lang='lat' dir='ltr'>Talouecz</span> <span class='ocrx_word' id='word_1_73' title='bbox 1196 1463 1366 1522; x_wconf 82' lang='lat' dir='ltr'>regnorum</span> <span class='ocrx_word' id='word_1_74' title='bbox 1396 1448 1573 1520; x_wconf 84' lang='lat' dir='ltr'>Dalmacie,</span> 
     </span>
     <span class='ocr_line' id='line_1_9' title="bbox 302 1553 1561 1630; baseline -0.002 -16"><span class='ocrx_word' id='word_1_75' title='bbox 302 1555 430 1616; x_wconf 87' lang='lat' dir='ltr'>Croacie</span> <span class='ocrx_word' id='word_1_76' title='bbox 452 1571 488 1614; x_wconf 89' lang='lat' dir='ltr'>ac</span> <span class='ocrx_word' id='word_1_77' title='bbox 511 1557 609 1614; x_wconf 90' lang='lat' dir='ltr'>tocius</span> <span class='ocrx_word' id='word_1_78' title='bbox 632 1553 795 1614; x_wconf 89' lang='lat' dir='ltr'>Sclauonie</span> <span class='ocrx_word' id='word_1_79' title='bbox 817 1555 898 1627; x_wconf 90' lang='lat' dir='ltr'>bani,</span> <span class='ocrx_word' id='word_1_80' title='bbox 923 1556 1093 1630; x_wconf 88' lang='lat' dir='ltr'>empcionis</span> <span class='ocrx_word' id='word_1_81' title='bbox 1116 1555 1208 1613; x_wconf 90' lang='lat' dir='ltr'>titulo</span> <span class='ocrx_word' id='word_1_82' title='bbox 1231 1555 1415 1613; x_wconf 86' lang='lat' dir='ltr'>litteratorie</span> <span class='ocrx_word' id='word_1_83' title='bbox 1439 1570 1561 1612; x_wconf 90' lang='lat' dir='ltr'>concer-</span> 
     </span>
     <span class='ocr_line' id='line_1_10' title="bbox 301 1660 1564 1738; baseline -0.002 -18"><span class='ocrx_word' id='word_1_84' title='bbox 301 1669 433 1735; x_wconf 91' lang='lat' dir='ltr'>nentem,</span> <span class='ocrx_word' id='word_1_85' title='bbox 457 1667 552 1738; x_wconf 92' lang='lat' dir='ltr'>prout</span> <span class='ocrx_word' id='word_1_86' title='bbox 574 1663 708 1721; x_wconf 83' lang='lat' dir='ltr'>habetur</span> <span class='ocrx_word' id='word_1_87' title='bbox 731 1663 762 1721; x_wconf 92' lang='lat' dir='ltr'>in</span> <span class='ocrx_word' id='word_1_88' title='bbox 784 1661 921 1736; x_wconf 88' lang='lat' dir='ltr'>quadam</span> <span class='ocrx_word' id='word_1_89' title='bbox 945 1663 1050 1721; x_wconf 89' lang='lat' dir='ltr'>littera</span> <span class='ocrx_word' id='word_1_90' title='bbox 1072 1667 1177 1720; x_wconf 86' lang='lat' dir='ltr'>nostra</span> <span class='ocrx_word' id='word_1_91' title='bbox 1193 1677 1246 1720; x_wconf 90' lang='lat' dir='ltr'>seu</span> <span class='ocrx_word' id='word_1_92' title='bbox 1266 1661 1399 1720; x_wconf 89' lang='lat' dir='ltr'>civitatis</span> <span class='ocrx_word' id='word_1_93' title='bbox 1424 1660 1564 1734; x_wconf 87' lang='lat' dir='ltr'>predicte</span> 
     </span>
     <span class='ocr_line' id='line_1_11' title="bbox 302 1765 1565 1844; baseline -0.003 -16"><span class='ocrx_word' id='word_1_94' title='bbox 302 1769 492 1843; x_wconf 88' lang='lat' dir='ltr'>privilegiali</span> <span class='ocrx_word' id='word_1_95' title='bbox 514 1773 656 1843; x_wconf 90' lang='lat' dir='ltr'>tempore</span> <span class='ocrx_word' id='word_1_96' title='bbox 692 1769 842 1842; x_wconf 90' lang='lat' dir='ltr'>presentis</span> <span class='ocrx_word' id='word_1_97' title='bbox 864 1765 1018 1844; x_wconf 87' lang='lat' dir='ltr'>judicatus</span> <span class='ocrx_word' id='word_1_98' title='bbox 1033 1767 1147 1843; x_wconf 83' lang='lat' dir='ltr'>prefati</span> <span class='ocrx_word' id='word_1_99' title='bbox 1168 1765 1279 1842; x_wconf 86' lang='lat' dir='ltr'>judicis</span> <span class='ocrx_word' id='word_1_100' title='bbox 1301 1768 1400 1825; x_wconf 86' lang='lat' dir='ltr'>nostri</span> <span class='ocrx_word' id='word_1_101' title='bbox 1422 1765 1565 1825; x_wconf 85' lang='lat' dir='ltr'>moderni</span> 
     </span>
     <span class='ocr_line' id='line_1_12' title="bbox 303 1873 1564 1950; baseline -0.002 -17"><span class='ocrx_word' id='word_1_102' title='bbox 303 1875 341 1932; x_wconf 90' lang='lat' dir='ltr'>de</span> <span class='ocrx_word' id='word_1_103' title='bbox 355 1890 435 1933; x_wconf 84' lang='lat' dir='ltr'>anno</span> <span class='ocrx_word' id='word_1_104' title='bbox 451 1875 569 1933; x_wconf 92' lang='lat' dir='ltr'>domini</span> <span class='ocrx_word' id='word_1_105' title='bbox 584 1891 665 1933; x_wconf 90' lang='lat' dir='ltr'>nunc</span> <span class='ocrx_word' id='word_1_106' title='bbox 688 1876 822 1950; x_wconf 89' lang='lat' dir='ltr'>presenti</span> <span class='ocrx_word' id='word_1_107' title='bbox 846 1880 876 1932; x_wconf 90' lang='lat' dir='ltr'>et</span> <span class='ocrx_word' id='word_1_108' title='bbox 899 1875 1098 1949; x_wconf 83' lang='lat' dir='ltr'>infrascripto</span> <span class='ocrx_word' id='word_1_109' title='bbox 1121 1873 1198 1932; x_wconf 84' lang='lat' dir='ltr'>seria</span> <span class='ocrx_word' id='word_1_110' title='bbox 1220 1879 1305 1932; x_wconf 84' lang='lat' dir='ltr'>sexta</span> <span class='ocrx_word' id='word_1_111' title='bbox 1329 1875 1473 1948; x_wconf 86' lang='lat' dir='ltr'>proxima</span> <span class='ocrx_word' id='word_1_112' title='bbox 1493 1877 1564 1947; x_wconf 89' lang='lat' dir='ltr'>post</span> 
     </span>
     <span class='ocr_line' id='line_1_13' title="bbox 302 1979 1566 2056; baseline -0.002 -17"><span class='ocrx_word' id='word_1_113' title='bbox 302 1981 415 2040; x_wconf 86' lang='lat' dir='ltr'>festum</span> <span class='ocrx_word' id='word_1_114' title='bbox 431 1983 527 2040; x_wconf 88' lang='lat' dir='ltr'>sancti</span> <span class='ocrx_word' id='word_1_115' title='bbox 555 1981 699 2055; x_wconf 85' lang='lat' dir='ltr'>Gregorii</span> <span class='ocrx_word' id='word_1_116' title='bbox 721 1997 803 2056; x_wconf 92' lang='lat' dir='ltr'>pape</span> <span class='ocrx_word' id='word_1_117' title='bbox 826 1985 919 2055; x_wconf 92' lang='lat' dir='ltr'>atque</span> <span class='ocrx_word' id='word_1_118' title='bbox 946 1980 1089 2053; x_wconf 68' lang='lat' dir='ltr'>doctoris</span> <span class='ocrx_word' id='word_1_119' title='bbox 1112 1979 1307 2054; x_wconf 88' lang='lat' dir='ltr'>aliquamdiu</span> <span class='ocrx_word' id='word_1_120' title='bbox 1334 1980 1483 2054; x_wconf 88' lang='lat' dir='ltr'>preteriti,</span> <span class='ocrx_word' id='word_1_121' title='bbox 1507 1993 1566 2052; x_wconf 88' lang='lat' dir='ltr'>pro</span> 
     </span>
     <span class='ocr_line' id='line_1_14' title="bbox 301 2087 1565 2162; baseline -0.002 -18"><span class='ocrx_word' id='word_1_122' title='bbox 301 2091 390 2160; x_wconf 88' lang='lat' dir='ltr'>parte</span> <span class='ocrx_word' id='word_1_123' title='bbox 412 2088 510 2161; x_wconf 90' lang='lat' dir='ltr'>ipsius</span> <span class='ocrx_word' id='word_1_124' title='bbox 525 2089 659 2147; x_wconf 89' lang='lat' dir='ltr'>Mathiae</span> <span class='ocrx_word' id='word_1_125' title='bbox 675 2087 805 2146; x_wconf 83' lang='lat' dir='ltr'>Farlrass</span> <span class='ocrx_word' id='word_1_126' title='bbox 820 2087 986 2162; x_wconf 89' lang='lat' dir='ltr'>superinde</span> <span class='ocrx_word' id='word_1_127' title='bbox 1013 2087 1152 2144; x_wconf 84' lang='lat' dir='ltr'>coniecta</span> <span class='ocrx_word' id='word_1_128' title='bbox 1179 2091 1209 2144; x_wconf 91' lang='lat' dir='ltr'>et</span> <span class='ocrx_word' id='word_1_129' title='bbox 1232 2091 1374 2145; x_wconf 90' lang='lat' dir='ltr'>emanata</span> <span class='ocrx_word' id='word_1_130' title='bbox 1397 2102 1433 2143; x_wconf 94' lang='lat' dir='ltr'>ac</span> <span class='ocrx_word' id='word_1_131' title='bbox 1459 2099 1565 2143; x_wconf 90' lang='lat' dir='ltr'>coram</span> 
     </span>
     <span class='ocr_line' id='line_1_15' title="bbox 302 2192 1566 2269; baseline -0.001 -19"><span class='ocrx_word' id='word_1_132' title='bbox 302 2193 392 2251; x_wconf 92' lang='lat' dir='ltr'>nobis</span> <span class='ocrx_word' id='word_1_133' title='bbox 417 2193 449 2251; x_wconf 91' lang='lat' dir='ltr'>in</span> <span class='ocrx_word' id='word_1_134' title='bbox 471 2195 573 2268; x_wconf 92' lang='lat' dir='ltr'>specie</span> <span class='ocrx_word' id='word_1_135' title='bbox 595 2193 756 2269; x_wconf 87' lang='lat' dir='ltr'>producta,</span> <span class='ocrx_word' id='word_1_136' title='bbox 779 2210 924 2268; x_wconf 87' lang='lat' dir='ltr'>expresse</span> <span class='ocrx_word' id='word_1_137' title='bbox 947 2193 1083 2252; x_wconf 89' lang='lat' dir='ltr'>vidimus</span> <span class='ocrx_word' id='word_1_138' title='bbox 1106 2193 1263 2264; x_wconf 89' lang='lat' dir='ltr'>contineri,</span> <span class='ocrx_word' id='word_1_139' title='bbox 1287 2192 1381 2250; x_wconf 92' lang='lat' dir='ltr'>simul</span> <span class='ocrx_word' id='word_1_140' title='bbox 1405 2207 1477 2250; x_wconf 92' lang='lat' dir='ltr'>cum</span> <span class='ocrx_word' id='word_1_141' title='bbox 1500 2207 1566 2249; x_wconf 88' lang='lat' dir='ltr'>orn·</span> 
     </span>
     <span class='ocr_line' id='line_1_16' title="bbox 301 2298 1567 2359; baseline -0.002 -3"><span class='ocrx_word' id='word_1_142' title='bbox 301 2299 394 2357; x_wconf 88' lang='lat' dir='ltr'>nibus</span> <span class='ocrx_word' id='word_1_143' title='bbox 425 2299 563 2358; x_wconf 89' lang='lat' dir='ltr'>eiusdem</span> <span class='ocrx_word' id='word_1_144' title='bbox 596 2306 677 2359; x_wconf 90' lang='lat' dir='ltr'>terre</span> <span class='ocrx_word' id='word_1_145' title='bbox 709 2301 838 2358; x_wconf 91' lang='lat' dir='ltr'>arabilis</span> <span class='ocrx_word' id='word_1_146' title='bbox 872 2315 907 2358; x_wconf 91' lang='lat' dir='ltr'>ac</span> <span class='ocrx_word' id='word_1_147' title='bbox 942 2299 1016 2358; x_wconf 89' lang='lat' dir='ltr'>dicti</span> <span class='ocrx_word' id='word_1_148' title='bbox 1051 2298 1154 2356; x_wconf 85' lang='lat' dir='ltr'>senilis</span> <span class='ocrx_word' id='word_1_149' title='bbox 1184 2298 1285 2356; x_wconf 89' lang='lat' dir='ltr'>eidem</span> <span class='ocrx_word' id='word_1_150' title='bbox 1323 2303 1405 2356; x_wconf 87' lang='lat' dir='ltr'>terre</span> <span class='ocrx_word' id='word_1_151' title='bbox 1436 2298 1567 2356; x_wconf 87' lang='lat' dir='ltr'>arrabili</span> 
     </span>
     <span class='ocr_line' id='line_1_17' title="bbox 301 2404 1566 2482; baseline 0 -20"><span class='ocrx_word' id='word_1_152' title='bbox 301 2405 469 2482; x_wconf 86' lang='lat' dir='ltr'>adjacentis</span> <span class='ocrx_word' id='word_1_153' title='bbox 502 2407 698 2479; x_wconf 89' lang='lat' dir='ltr'>utilitatibus,</span> <span class='ocrx_word' id='word_1_154' title='bbox 732 2404 860 2482; x_wconf 83' lang='lat' dir='ltr'>jnribus,</span> <span class='ocrx_word' id='word_1_155' title='bbox 895 2406 1011 2478; x_wconf 70' lang='lat' dir='ltr'>usibus</span> <span class='ocrx_word' id='word_1_156' title='bbox 1043 2405 1271 2479; x_wconf 84' lang='lat' dir='ltr'>integritatibus</span> <span class='ocrx_word' id='word_1_157' title='bbox 1305 2410 1335 2462; x_wconf 89' lang='lat' dir='ltr'>et</span> <span class='ocrx_word' id='word_1_158' title='bbox 1369 2405 1566 2478; x_wconf 90' lang='lat' dir='ltr'>pertinenciis</span> 
     </span>
     <span class='ocr_line' id='line_1_18' title="bbox 301 2509 1565 2586; baseline -0.001 -18"><span class='ocrx_word' id='word_1_159' title='bbox 301 2513 461 2582; x_wconf 86' lang='lat' dir='ltr'>universis,</span> <span class='ocrx_word' id='word_1_160' title='bbox 492 2513 560 2570; x_wconf 90' lang='lat' dir='ltr'>viro</span> <span class='ocrx_word' id='word_1_161' title='bbox 583 2513 727 2570; x_wconf 89' lang='lat' dir='ltr'>similiter</span> <span class='ocrx_word' id='word_1_162' title='bbox 750 2511 883 2586; x_wconf 88' lang='lat' dir='ltr'>provido</span> <span class='ocrx_word' id='word_1_163' title='bbox 905 2510 1062 2586; x_wconf 90' lang='lat' dir='ltr'>Stephano</span> <span class='ocrx_word' id='word_1_164' title='bbox 1085 2511 1232 2584; x_wconf 89' lang='lat' dir='ltr'>carnifici,</span> <span class='ocrx_word' id='word_1_165' title='bbox 1256 2509 1337 2568; x_wconf 91' lang='lat' dir='ltr'>dicto</span> <span class='ocrx_word' id='word_1_166' title='bbox 1362 2509 1474 2582; x_wconf 80' lang='lat' dir='ltr'>Zaylm,</span> <span class='ocrx_word' id='word_1_167' title='bbox 1497 2509 1565 2568; x_wconf 90' lang='lat' dir='ltr'>filio</span> 
     </span>
     <span class='ocr_line' id='line_1_19' title="bbox 301 2617 1565 2690; baseline 0 -16"><span class='ocrx_word' id='word_1_168' title='bbox 301 2619 407 2676; x_wconf 89' lang='lat' dir='ltr'>Maren</span> <span class='ocrx_word' id='word_1_169' title='bbox 430 2618 674 2690; x_wconf 86' lang='lat' dir='ltr'>Klokocheuecz,</span> <span class='ocrx_word' id='word_1_170' title='bbox 698 2619 819 2677; x_wconf 89' lang='lat' dir='ltr'>concivi</span> <span class='ocrx_word' id='word_1_171' title='bbox 842 2618 985 2676; x_wconf 90' lang='lat' dir='ltr'>similiter</span> <span class='ocrx_word' id='word_1_172' title='bbox 1007 2623 1120 2689; x_wconf 90' lang='lat' dir='ltr'>nostro,</span> <span class='ocrx_word' id='word_1_173' title='bbox 1144 2632 1180 2674; x_wconf 94' lang='lat' dir='ltr'>ac</span> <span class='ocrx_word' id='word_1_174' title='bbox 1203 2633 1260 2690; x_wconf 90' lang='lat' dir='ltr'>per</span> <span class='ocrx_word' id='word_1_175' title='bbox 1283 2631 1355 2674; x_wconf 90' lang='lat' dir='ltr'>eum</span> <span class='ocrx_word' id='word_1_176' title='bbox 1385 2617 1449 2674; x_wconf 92' lang='lat' dir='ltr'>suis</span> <span class='ocrx_word' id='word_1_177' title='bbox 1479 2617 1565 2674; x_wconf 87' lang='lat' dir='ltr'>here·</span> 
     </span>
     <span class='ocr_line' id='line_1_20' title="bbox 301 2721 1565 2799; baseline -0.002 -18"><span class='ocrx_word' id='word_1_178' title='bbox 301 2723 392 2782; x_wconf 92' lang='lat' dir='ltr'>dibus</span> <span class='ocrx_word' id='word_1_179' title='bbox 415 2739 474 2798; x_wconf 91' lang='lat' dir='ltr'>pro</span> <span class='ocrx_word' id='word_1_180' title='bbox 497 2727 720 2799; x_wconf 89' lang='lat' dir='ltr'>quinquaginta</span> <span class='ocrx_word' id='word_1_181' title='bbox 742 2721 866 2783; x_wconf 77' lang='lat' dir='ltr'>florenis</span> <span class='ocrx_word' id='word_1_182' title='bbox 888 2726 997 2794; x_wconf 70' lang='lat' dir='ltr'>aureis</span> <span class='ocrx_word' id='word_1_183' title='bbox 1022 2741 1078 2799; x_wconf 89' lang='lat' dir='ltr'>per</span> <span class='ocrx_word' id='word_1_184' title='bbox 1100 2723 1233 2781; x_wconf 88' lang='lat' dir='ltr'>eundem</span> <span class='ocrx_word' id='word_1_185' title='bbox 1248 2721 1441 2797; x_wconf 91' lang='lat' dir='ltr'>Stephanum</span> <span class='ocrx_word' id='word_1_186' title='bbox 1465 2722 1565 2779; x_wconf 91' lang='lat' dir='ltr'>carni-</span> 
     </span>
     <span class='ocr_line' id='line_1_21' title="bbox 300 2825 1562 2906; baseline -0.004 -17"><span class='ocrx_word' id='word_1_187' title='bbox 300 2831 391 2889; x_wconf 91' lang='lat' dir='ltr'>ficem</span> <span class='ocrx_word' id='word_1_188' title='bbox 414 2831 536 2905; x_wconf 84' lang='lat' dir='ltr'>pretato</span> <span class='ocrx_word' id='word_1_189' title='bbox 559 2832 673 2889; x_wconf 91' lang='lat' dir='ltr'>Mathie</span> <span class='ocrx_word' id='word_1_190' title='bbox 697 2829 826 2888; x_wconf 82' lang='lat' dir='ltr'>Farlrass</span> <span class='ocrx_word' id='word_1_191' title='bbox 849 2828 961 2906; x_wconf 87' lang='lat' dir='ltr'>jurat0,</span> <span class='ocrx_word' id='word_1_192' title='bbox 985 2836 1078 2904; x_wconf 88' lang='lat' dir='ltr'>prout</span> <span class='ocrx_word' id='word_1_193' title='bbox 1099 2831 1232 2904; x_wconf 88' lang='lat' dir='ltr'>ipsemet</span> <span class='ocrx_word' id='word_1_194' title='bbox 1255 2829 1346 2886; x_wconf 89' lang='lat' dir='ltr'>nobis</span> <span class='ocrx_word' id='word_1_195' title='bbox 1369 2828 1476 2886; x_wconf 91' lang='lat' dir='ltr'>retulit</span> <span class='ocrx_word' id='word_1_196' title='bbox 1497 2825 1562 2902; x_wconf 88' lang='lat' dir='ltr'>jam</span> 
     </span>
     <span class='ocr_line' id='line_1_22' title="bbox 300 2933 1565 3012; baseline -0.005 -16"><span class='ocrx_word' id='word_1_197' title='bbox 300 2937 392 3012; x_wconf 90' lang='lat' dir='ltr'>plene</span> <span class='ocrx_word' id='word_1_198' title='bbox 414 2938 592 3012; x_wconf 91' lang='lat' dir='ltr'>persolutis,</span> <span class='ocrx_word' id='word_1_199' title='bbox 616 2937 812 3008; x_wconf 88' lang='lat' dir='ltr'>vendidisset,</span> <span class='ocrx_word' id='word_1_200' title='bbox 833 2937 931 2995; x_wconf 90' lang='lat' dir='ltr'>immo</span> <span class='ocrx_word' id='word_1_201' title='bbox 955 2953 992 2994; x_wconf 82' lang='lat' dir='ltr'>ex</span> <span class='ocrx_word' id='word_1_202' title='bbox 1016 2952 1164 2994; x_wconf 90' lang='lat' dir='ltr'>consensu</span> <span class='ocrx_word' id='word_1_203' title='bbox 1188 2936 1328 2993; x_wconf 90' lang='lat' dir='ltr'>virorum</span> <span class='ocrx_word' id='word_1_204' title='bbox 1353 2933 1565 3008; x_wconf 91' lang='lat' dir='ltr'>predictorum</span> 
     </span>
     <span class='ocr_line' id='line_1_23' title="bbox 300 3039 1565 3118; baseline -0.003 -18"><span class='ocrx_word' id='word_1_205' title='bbox 300 3043 440 3102; x_wconf 88' lang='lat' dir='ltr'>vendidit</span> <span class='ocrx_word' id='word_1_206' title='bbox 474 3049 503 3102; x_wconf 91' lang='lat' dir='ltr'>et</span> <span class='ocrx_word' id='word_1_207' title='bbox 537 3045 669 3101; x_wconf 88' lang='lat' dir='ltr'>contulit</span> <span class='ocrx_word' id='word_1_208' title='bbox 707 3058 812 3101; x_wconf 90' lang='lat' dir='ltr'>coram</span> <span class='ocrx_word' id='word_1_209' title='bbox 846 3043 936 3100; x_wconf 87' lang='lat' dir='ltr'>nobis</span> <span class='ocrx_word' id='word_1_210' title='bbox 970 3041 1037 3118; x_wconf 89' lang='lat' dir='ltr'>jure</span> <span class='ocrx_word' id='word_1_211' title='bbox 1074 3047 1226 3117; x_wconf 89' lang='lat' dir='ltr'>perpetuo</span> <span class='ocrx_word' id='word_1_212' title='bbox 1262 3047 1292 3099; x_wconf 88' lang='lat' dir='ltr'>et</span> <span class='ocrx_word' id='word_1_213' title='bbox 1314 3039 1565 3098; x_wconf 89' lang='lat' dir='ltr'>irrevocabiliter</span> 
     </span>
     <span class='ocr_line' id='line_1_24' title="bbox 301 3145 1564 3224; baseline -0.003 -17"><span class='ocrx_word' id='word_1_214' title='bbox 301 3149 529 3224; x_wconf 90' lang='lat' dir='ltr'>possidendam,</span> <span class='ocrx_word' id='word_1_215' title='bbox 551 3149 725 3216; x_wconf 89' lang='lat' dir='ltr'>tenendam,</span> <span class='ocrx_word' id='word_1_216' title='bbox 750 3150 867 3224; x_wconf 89' lang='lat' dir='ltr'>pariter</span> <span class='ocrx_word' id='word_1_217' title='bbox 887 3155 917 3206; x_wconf 90' lang='lat' dir='ltr'>et</span> <span class='ocrx_word' id='word_1_218' title='bbox 948 3147 1125 3206; x_wconf 88' lang='lat' dir='ltr'>habendam</span> <span class='ocrx_word' id='word_1_219' title='bbox 1159 3163 1195 3206; x_wconf 91' lang='lat' dir='ltr'>ac</span> <span class='ocrx_word' id='word_1_220' title='bbox 1229 3145 1316 3222; x_wconf 81' lang='lat' dir='ltr'>juxta</span> <span class='ocrx_word' id='word_1_221' title='bbox 1350 3146 1564 3204; x_wconf 91' lang='lat' dir='ltr'>condicionem</span> 
     </span>
     <span class='ocr_line' id='line_1_25' title="bbox 301 3253 1565 3329; baseline -0.002 -16"><span class='ocrx_word' id='word_1_222' title='bbox 301 3257 434 3314; x_wconf 89' lang='lat' dir='ltr'>civitatis</span> <span class='ocrx_word' id='word_1_223' title='bbox 465 3261 625 3328; x_wconf 88' lang='lat' dir='ltr'>prenotate</span> <span class='ocrx_word' id='word_1_224' title='bbox 647 3256 688 3312; x_wconf 90' lang='lat' dir='ltr'>ab</span> <span class='ocrx_word' id='word_1_225' title='bbox 711 3257 838 3328; x_wconf 89' lang='lat' dir='ltr'>antiquo</span> <span class='ocrx_word' id='word_1_226' title='bbox 862 3256 1070 3329; x_wconf 87' lang='lat' dir='ltr'>approbatam</span> <span class='ocrx_word' id='word_1_227' title='bbox 1102 3254 1394 3328; x_wconf 90' lang='lat' dir='ltr'>quomodocumque</span> <span class='ocrx_word' id='word_1_228' title='bbox 1429 3253 1565 3310; x_wconf 87' lang='lat' dir='ltr'>voluerit</span> 
     </span>
     <span class='ocr_line' id='line_1_26' title="bbox 301 3350 1565 3436; baseline -0.003 -16"><span class='ocrx_word' id='word_1_229' title='bbox 301 3361 535 3436; x_wconf 87' lang='lat' dir='ltr'>disponendam.</span> <span class='ocrx_word' id='word_1_230' title='bbox 551 3363 586 3420; x_wconf 93' lang='lat' dir='ltr'>ln</span> <span class='ocrx_word' id='word_1_231' title='bbox 605 3363 691 3419; x_wconf 90' lang='lat' dir='ltr'>cuius</span> <span class='ocrx_word' id='word_1_232' title='bbox 707 3363 751 3419; x_wconf 88' lang='lat' dir='ltr'>rei</span> <span class='ocrx_word' id='word_1_233' title='bbox 766 3350 951 3420; x_wconf 88' lang='lat' dir='ltr'>memoriam</span> <span class='ocrx_word' id='word_1_234' title='bbox 968 3369 1061 3434; x_wconf 88' lang='lat' dir='ltr'>atque</span> <span class='ocrx_word' id='word_1_235' title='bbox 1077 3361 1297 3430; x_wconf 90' lang='lat' dir='ltr'>testimonium,</span> <span class='ocrx_word' id='word_1_236' title='bbox 1321 3360 1565 3432; x_wconf 87' lang='lat' dir='ltr'>firmitatemque</span> 
     </span>
     <span class='ocr_line' id='line_1_27' title="bbox 301 3466 1564 3542; baseline -0.003 -16"><span class='ocrx_word' id='word_1_237' title='bbox 301 3475 485 3542; x_wconf 86' lang='lat' dir='ltr'>perpetuam</span> <span class='ocrx_word' id='word_1_238' title='bbox 507 3467 703 3540; x_wconf 89' lang='lat' dir='ltr'>presentibus</span> <span class='ocrx_word' id='word_1_239' title='bbox 726 3467 867 3541; x_wconf 88' lang='lat' dir='ltr'>sigillum</span> <span class='ocrx_word' id='word_1_240' title='bbox 891 3475 1034 3525; x_wconf 89' lang='lat' dir='ltr'>nostrum</span> <span class='ocrx_word' id='word_1_241' title='bbox 1069 3483 1234 3526; x_wconf 86' lang='lat' dir='ltr'>commune</span> <span class='ocrx_word' id='word_1_242' title='bbox 1268 3466 1415 3525; x_wconf 85' lang='lat' dir='ltr'>duximus</span> <span class='ocrx_word' id='word_1_243' title='bbox 1448 3480 1564 3540; x_wconf 88' lang='lat' dir='ltr'>appen-</span> 
     </span>
     <span class='ocr_line' id='line_1_28' title="bbox 301 3573 1563 3648; baseline -0.002 -16"><span class='ocrx_word' id='word_1_244' title='bbox 301 3573 446 3632; x_wconf 89' lang='lat' dir='ltr'>dendum.</span> <span class='ocrx_word' id='word_1_245' title='bbox 469 3574 585 3632; x_wconf 92' lang='lat' dir='ltr'>Datum</span> <span class='ocrx_word' id='word_1_246' title='bbox 609 3575 640 3632; x_wconf 93' lang='lat' dir='ltr'>in</span> <span class='ocrx_word' id='word_1_247' title='bbox 664 3573 743 3632; x_wconf 83' lang='lat' dir='ltr'>testo</span> <span class='ocrx_word' id='word_1_248' title='bbox 765 3575 863 3632; x_wconf 88' lang='lat' dir='ltr'>sancti</span> <span class='ocrx_word' id='word_1_249' title='bbox 886 3575 1001 3632; x_wconf 85' lang='lat' dir='ltr'>Mathei</span> <span class='ocrx_word' id='word_1_250' title='bbox 1024 3575 1159 3648; x_wconf 90' lang='lat' dir='ltr'>apostoli</span> <span class='ocrx_word' id='word_1_251' title='bbox 1182 3579 1211 3632; x_wconf 90' lang='lat' dir='ltr'>et</span> <span class='ocrx_word' id='word_1_252' title='bbox 1234 3573 1439 3646; x_wconf 83' lang='lat' dir='ltr'>ewangeliste.</span> <span class='ocrx_word' id='word_1_253' title='bbox 1475 3573 1563 3630; x_wconf 84' lang='lat' dir='ltr'>Anno</span> 
     </span>
    </p>
   </div>
   <div class='ocr_carea' id='block_1_3' title="bbox 300 3679 1330 3754">
    <p class='ocr_par' dir='ltr' id='par_1_3' title="bbox 300 3679 1330 3754">
     <span class='ocr_line' id='line_1_29' title="bbox 300 3679 1330 3754; baseline -0.002 -14"><span class='ocrx_word' id='word_1_254' title='bbox 300 3681 419 3740; x_wconf 89' lang='lat' dir='ltr'>domini</span> <span class='ocrx_word' id='word_1_255' title='bbox 441 3679 612 3739; x_wconf 88' lang='lat' dir='ltr'>millesimo</span> <span class='ocrx_word' id='word_1_256' title='bbox 636 3680 941 3754; x_wconf 89' lang='lat' dir='ltr'>quadringentesimo</span> <span class='ocrx_word' id='word_1_257' title='bbox 964 3679 1203 3754; x_wconf 86' lang='lat' dir='ltr'>quadragesimo</span> <span class='ocrx_word' id='word_1_258' title='bbox 1226 3681 1330 3738; x_wconf 89' lang='lat' dir='ltr'>tercio.</span> 
     </span>
    </p>
   </div>
   <div class='ocr_carea' id='block_1_4' title="bbox 300 3787 1561 3932">
    <p class='ocr_par' dir='ltr' id='par_1_4' title="bbox 300 3787 1561 3932">
     <span class='ocr_line' id='line_1_30' title="bbox 405 3787 1561 3855; baseline 0 -15"><span class='ocrx_word' id='word_1_259' title='bbox 405 3793 428 3840; x_wconf 90' lang='lat' dir='ltr'><strong>E</strong></span> <span class='ocrx_word' id='word_1_260' title='bbox 447 3797 607 3855; x_wconf 84' lang='lat' dir='ltr'>transumpto</span> <span class='ocrx_word' id='word_1_261' title='bbox 626 3806 690 3840; x_wconf 87' lang='lat' dir='ltr'>saec.</span> <span class='ocrx_word' id='word_1_262' title='bbox 709 3791 805 3839; x_wconf 88' lang='lat' dir='ltr'>XVII.</span> <span class='ocrx_word' id='word_1_263' title='bbox 833 3791 865 3838; x_wconf 93' lang='lat' dir='ltr'>In</span> <span class='ocrx_word' id='word_1_264' title='bbox 884 3789 998 3838; x_wconf 84' lang='lat' dir='ltr'>archivio</span> <span class='ocrx_word' id='word_1_265' title='bbox 1016 3805 1086 3854; x_wconf 84' lang='lat' dir='ltr'>regn.</span> <span class='ocrx_word' id='word_1_266' title='bbox 1116 3790 1200 3840; x_wconf 86' lang='lat' dir='ltr'>Crout.</span> <span class='ocrx_word' id='word_1_267' title='bbox 1226 3787 1295 3840; x_wconf 87' lang='lat' dir='ltr'>Slav.</span> <span class='ocrx_word' id='word_1_268' title='bbox 1319 3789 1404 3840; x_wconf 83' lang='lat' dir='ltr'>Dalm.</span> <span class='ocrx_word' id='word_1_269' title='bbox 1425 3791 1486 3840; x_wconf 90' lang='lat' dir='ltr'>Act.</span> <span class='ocrx_word' id='word_1_270' title='bbox 1505 3791 1561 3854; x_wconf 86' lang='lat' dir='ltr'>Jes.</span> 
     </span>
     <span class='ocr_line' id='line_1_31' title="bbox 300 3880 543 3932; baseline 0.012 -4"><span class='ocrx_word' id='word_1_271' title='bbox 300 3880 361 3931; x_wconf 80' lang='lat' dir='ltr'>fasc.</span> <span class='ocrx_word' id='word_1_272' title='bbox 384 3881 423 3932; x_wconf 88' lang='lat'>18.</span> <span class='ocrx_word' id='word_1_273' title='bbox 442 3896 480 3932; x_wconf 90' lang='lat' dir='ltr'>ur.</span> <span class='ocrx_word' id='word_1_274' title='bbox 501 3892 543 3932; x_wconf 88' lang='lat'>20.</span> 
     </span>
    </p>
   </div>
   <div class='ocr_carea' id='block_1_5' title="bbox 405 4027 970 4185">
    <p class='ocr_par' dir='ltr' id='par_1_5' title="bbox 405 4027 970 4185">
     <span class='ocr_line' id='line_1_32' title="bbox 893 4027 970 4096; baseline 0 -2"><span class='ocrx_word' id='word_1_275' title='bbox 893 4027 970 4096; x_wconf 78' lang='lat'>139.</span> 
     </span>
     <span class='ocr_line' id='line_1_33' title="bbox 405 4121 581 4185; baseline 0.011 -3"><span class='ocrx_word' id='word_1_276' title='bbox 405 4121 485 4168; x_wconf 76' lang='lat' dir='ltr'>Anno</span> <span class='ocrx_word' id='word_1_277' title='bbox 507 4131 581 4185; x_wconf 86' lang='lat'>1445·</span> 
     </span>
    </p>
   </div>
   <div class='ocr_carea' id='block_1_6' title="bbox 299 4219 1566 4929">
    <p class='ocr_par' dir='ltr' id='par_1_6' title="bbox 299 4219 1566 4929">
     <span class='ocr_line' id='line_1_34' title="bbox 405 4219 1562 4293; baseline -0.003 -13"><span class='ocrx_word' id='word_1_278' title='bbox 405 4222 556 4280; x_wconf 90' lang='lat' dir='ltr'>Gverales</span> <span class='ocrx_word' id='word_1_279' title='bbox 589 4221 711 4279; x_wconf 90' lang='lat' dir='ltr'>litterae</span> <span class='ocrx_word' id='word_1_280' title='bbox 741 4220 939 4292; x_wconf 86' lang='lat' dir='ltr'>magistratus</span> <span class='ocrx_word' id='word_1_281' title='bbox 973 4219 1107 4278; x_wconf 88' lang='lat' dir='ltr'>civitatis</span> <span class='ocrx_word' id='word_1_282' title='bbox 1138 4221 1251 4278; x_wconf 89' lang='lat' dir='ltr'>montis</span> <span class='ocrx_word' id='word_1_283' title='bbox 1283 4219 1444 4278; x_wconf 88' lang='lat' dir='ltr'>Grecensis</span> <span class='ocrx_word' id='word_1_284' title='bbox 1467 4235 1562 4293; x_wconf 89' lang='lat' dir='ltr'>super</span> 
     </span>
     <span class='ocr_line' id='line_1_35' title="bbox 299 4323 1563 4401; baseline -0.003 -13"><span class='ocrx_word' id='word_1_285' title='bbox 299 4330 390 4388; x_wconf 91' lang='lat' dir='ltr'>vinea</span> <span class='ocrx_word' id='word_1_286' title='bbox 406 4329 567 4388; x_wconf 84' lang='lat' dir='ltr'>Ambrosii</span> <span class='ocrx_word' id='word_1_287' title='bbox 590 4328 746 4398; x_wconf 91' lang='lat' dir='ltr'>institoris,</span> <span class='ocrx_word' id='word_1_288' title='bbox 769 4327 829 4384; x_wconf 89' lang='lat' dir='ltr'>filii</span> <span class='ocrx_word' id='word_1_289' title='bbox 849 4325 984 4398; x_wconf 89' lang='lat' dir='ltr'>Georgii,</span> <span class='ocrx_word' id='word_1_290' title='bbox 1009 4327 1086 4385; x_wconf 92' lang='lat' dir='ltr'>civis</span> <span class='ocrx_word' id='word_1_291' title='bbox 1109 4327 1141 4384; x_wconf 92' lang='lat' dir='ltr'>in</span> <span class='ocrx_word' id='word_1_292' title='bbox 1164 4327 1319 4384; x_wconf 88' lang='lat' dir='ltr'>territorio</span> <span class='ocrx_word' id='word_1_293' title='bbox 1335 4323 1473 4401; x_wconf 86' lang='lat' dir='ltr'>ejusdem</span> <span class='ocrx_word' id='word_1_294' title='bbox 1489 4326 1563 4384; x_wconf 89' lang='lat' dir='ltr'>civi·</span> 
     </span>
     <span class='ocr_line' id='line_1_36' title="bbox 299 4431 1563 4506; baseline -0.005 -12"><span class='ocrx_word' id='word_1_295' title='bbox 299 4437 370 4494; x_wconf 88' lang='lat' dir='ltr'>tatis</span> <span class='ocrx_word' id='word_1_296' title='bbox 393 4436 509 4506; x_wconf 90' lang='lat' dir='ltr'>habita,</span> <span class='ocrx_word' id='word_1_297' title='bbox 532 4435 627 4492; x_wconf 90' lang='lat' dir='ltr'>simul</span> <span class='ocrx_word' id='word_1_298' title='bbox 649 4449 721 4491; x_wconf 91' lang='lat' dir='ltr'>curn</span> <span class='ocrx_word' id='word_1_299' title='bbox 744 4433 877 4504; x_wconf 91' lang='lat' dir='ltr'>stabulo,</span> <span class='ocrx_word' id='word_1_300' title='bbox 905 4432 1085 4506; x_wconf 89' lang='lat' dir='ltr'>cunctisque</span> <span class='ocrx_word' id='word_1_301' title='bbox 1100 4431 1238 4490; x_wconf 89' lang='lat' dir='ltr'>eiusdem</span> <span class='ocrx_word' id='word_1_302' title='bbox 1255 4432 1362 4490; x_wconf 89' lang='lat' dir='ltr'>vineae</span> <span class='ocrx_word' id='word_1_303' title='bbox 1377 4431 1563 4489; x_wconf 88' lang='lat' dir='ltr'>utilitatibus</span> 
     </span>
     <span class='ocr_line' id='line_1_37' title="bbox 299 4536 1564 4612; baseline -0.004 -13"><span class='ocrx_word' id='word_1_304' title='bbox 299 4540 461 4600; x_wconf 89' lang='lat' dir='ltr'>Leonardo</span> <span class='ocrx_word' id='word_1_305' title='bbox 484 4541 582 4598; x_wconf 93' lang='lat' dir='ltr'>sutori</span> <span class='ocrx_word' id='word_1_306' title='bbox 605 4545 635 4598; x_wconf 89' lang='lat' dir='ltr'>et</span> <span class='ocrx_word' id='word_1_307' title='bbox 650 4541 792 4598; x_wconf 89' lang='lat' dir='ltr'>Emerico</span> <span class='ocrx_word' id='word_1_308' title='bbox 805 4539 959 4612; x_wconf 87' lang='lat' dir='ltr'>agricolae</span> <span class='ocrx_word' id='word_1_309' title='bbox 976 4537 1065 4596; x_wconf 87' lang='lat' dir='ltr'>tratri</span> <span class='ocrx_word' id='word_1_310' title='bbox 1082 4537 1230 4610; x_wconf 89' lang='lat' dir='ltr'>eiusdem,</span> <span class='ocrx_word' id='word_1_311' title='bbox 1246 4537 1320 4595; x_wconf 90' lang='lat' dir='ltr'>filiis</span> <span class='ocrx_word' id='word_1_312' title='bbox 1336 4537 1457 4595; x_wconf 89' lang='lat' dir='ltr'>Nicolai</span> <span class='ocrx_word' id='word_1_313' title='bbox 1473 4536 1564 4612; x_wconf 89' lang='lat' dir='ltr'>fabri,</span> 
     </span>
     <span class='ocr_line' id='line_1_38' title="bbox 299 4643 1563 4717; baseline -0.005 -11"><span class='ocrx_word' id='word_1_314' title='bbox 299 4647 444 4706; x_wconf 90' lang='lat' dir='ltr'>similiter</span> <span class='ocrx_word' id='word_1_315' title='bbox 467 4647 588 4706; x_wconf 90' lang='lat' dir='ltr'>civibus</span> <span class='ocrx_word' id='word_1_316' title='bbox 611 4650 801 4704; x_wconf 87' lang='lat' dir='ltr'>memoratae</span> <span class='ocrx_word' id='word_1_317' title='bbox 824 4645 967 4717; x_wconf 89' lang='lat' dir='ltr'>civitatis,</span> <span class='ocrx_word' id='word_1_318' title='bbox 990 4645 1068 4702; x_wconf 85' lang='lat' dir='ltr'>alias</span> <span class='ocrx_word' id='word_1_319' title='bbox 1090 4644 1217 4702; x_wconf 92' lang='lat' dir='ltr'>sororiis</span> <span class='ocrx_word' id='word_1_320' title='bbox 1233 4643 1306 4701; x_wconf 91' lang='lat' dir='ltr'>dicti</span> <span class='ocrx_word' id='word_1_321' title='bbox 1322 4643 1491 4714; x_wconf 86' lang='lat' dir='ltr'>Ambrosii,</span> <span class='ocrx_word' id='word_1_322' title='bbox 1507 4659 1563 4716; x_wconf 92' lang='lat' dir='ltr'>per</span> 
     </span>
     <span class='ocr_line' id='line_1_39' title="bbox 299 4747 1564 4828; baseline -0.005 -16"><span class='ocrx_word' id='word_1_323' title='bbox 299 4753 434 4827; x_wconf 89' lang='lat' dir='ltr'>illosque</span> <span class='ocrx_word' id='word_1_324' title='bbox 467 4753 608 4828; x_wconf 92' lang='lat' dir='ltr'>ipsorum</span> <span class='ocrx_word' id='word_1_325' title='bbox 638 4751 825 4810; x_wconf 90' lang='lat' dir='ltr'>haeredibus</span> <span class='ocrx_word' id='word_1_326' title='bbox 858 4767 917 4825; x_wconf 90' lang='lat' dir='ltr'>pro</span> <span class='ocrx_word' id='word_1_327' title='bbox 952 4750 1129 4823; x_wconf 89' lang='lat' dir='ltr'>quindecim</span> <span class='ocrx_word' id='word_1_328' title='bbox 1163 4749 1227 4808; x_wconf 84' lang='lat' dir='ltr'>flor.</span> <span class='ocrx_word' id='word_1_329' title='bbox 1261 4750 1337 4818; x_wconf 86' lang='lat' dir='ltr'>auri,</span> <span class='ocrx_word' id='word_1_330' title='bbox 1374 4750 1462 4807; x_wconf 91' lang='lat' dir='ltr'>salvo</span> <span class='ocrx_word' id='word_1_331' title='bbox 1496 4747 1564 4825; x_wconf 86' lang='lat' dir='ltr'>jure</span> 
     </span>
     <span class='ocr_line' id='line_1_40' title="bbox 299 4855 1566 4929; baseline -0.003 -11"><span class='ocrx_word' id='word_1_332' title='bbox 299 4865 446 4918; x_wconf 89' lang='lat' dir='ltr'>montano</span> <span class='ocrx_word' id='word_1_333' title='bbox 481 4861 513 4919; x_wconf 93' lang='lat' dir='ltr'>in</span> <span class='ocrx_word' id='word_1_334' title='bbox 546 4873 600 4916; x_wconf 85' lang='lat' dir='ltr'>sex</span> <span class='ocrx_word' id='word_1_335' title='bbox 634 4859 757 4916; x_wconf 91' lang='lat' dir='ltr'>cubulis</span> <span class='ocrx_word' id='word_1_336' title='bbox 790 4857 1009 4916; x_wconf 89' lang='lat' dir='ltr'>colendissimo</span> <span class='ocrx_word' id='word_1_337' title='bbox 1045 4857 1227 4914; x_wconf 89' lang='lat' dir='ltr'>Latinorum</span> <span class='ocrx_word' id='word_1_338' title='bbox 1258 4855 1395 4929; x_wconf 89' lang='lat' dir='ltr'>parocho</span> <span class='ocrx_word' id='word_1_339' title='bbox 1418 4855 1566 4914; x_wconf 86' lang='lat' dir='ltr'>videlicet</span> 
     </span>
    </p>
   </div>
   <div class='ocr_carea' id='block_1_7' title="bbox 299 4962 1473 5037">
    <p class='ocr_par' dir='ltr' id='par_1_7' title="bbox 299 4962 1473 5037">
     <span class='ocr_line' id='line_1_41' title="bbox 299 4962 1473 5037; baseline -0.007 -12"><span class='ocrx_word' id='word_1_340' title='bbox 299 4965 360 5024; x_wconf 91' lang='lat' dir='ltr'>vici</span> <span class='ocrx_word' id='word_1_341' title='bbox 383 4966 564 5025; x_wconf 90' lang='lat' dir='ltr'>Latinorum</span> <span class='ocrx_word' id='word_1_342' title='bbox 587 4980 685 5023; x_wconf 90' lang='lat' dir='ltr'>annue</span> <span class='ocrx_word' id='word_1_343' title='bbox 708 4964 895 5036; x_wconf 87' lang='lat' dir='ltr'>obtingente,</span> <span class='ocrx_word' id='word_1_344' title='bbox 920 4963 1126 5037; x_wconf 88' lang='lat' dir='ltr'>perennaliter</span> <span class='ocrx_word' id='word_1_345' title='bbox 1150 4962 1283 5034; x_wconf 87' lang='lat' dir='ltr'>vendita,</span> <span class='ocrx_word' id='word_1_346' title='bbox 1308 4973 1473 5019; x_wconf 84' lang='lat' dir='ltr'>emanatae.</span> 
     </span>
    </p>
   </div>
   <div class='ocr_carea' id='block_1_8' title="bbox 405 5069 1504 5194">
    <p class='ocr_par' dir='ltr' id='par_1_8' title="bbox 405 5069 1504 5194">
     <span class='ocr_line' id='line_1_42' title="bbox 405 5069 1504 5136; baseline -0.006 -11"><span class='ocrx_word' id='word_1_347' title='bbox 405 5075 466 5127; x_wconf 85' lang='lat' dir='ltr'>Act.</span> <span class='ocrx_word' id='word_1_348' title='bbox 486 5091 555 5128; x_wconf 86' lang='lat' dir='ltr'>mon.</span> <span class='ocrx_word' id='word_1_349' title='bbox 575 5077 680 5125; x_wconf 86' lang='lat' dir='ltr'>Remet.</span> <span class='ocrx_word' id='word_1_350' title='bbox 700 5074 775 5124; x_wconf 83' lang='lat' dir='ltr'>Fusc.</span> <span class='ocrx_word' id='word_1_351' title='bbox 793 5075 824 5122; x_wconf 91' lang='lat'>11</span> <span class='ocrx_word' id='word_1_352' title='bbox 851 5089 888 5124; x_wconf 84' lang='lat' dir='ltr'>nr.</span> <span class='ocrx_word' id='word_1_353' title='bbox 909 5083 951 5126; x_wconf 79' lang='lat'>22.</span> <span class='ocrx_word' id='word_1_354' title='bbox 970 5074 1002 5122; x_wconf 90' lang='lat' dir='ltr'>Iu</span> <span class='ocrx_word' id='word_1_355' title='bbox 1020 5073 1117 5126; x_wconf 83' lang='lat' dir='ltr'>archiv.</span> <span class='ocrx_word' id='word_1_356' title='bbox 1136 5087 1206 5136; x_wconf 83' lang='lat' dir='ltr'>regn.</span> <span class='ocrx_word' id='word_1_357' title='bbox 1226 5074 1311 5122; x_wconf 69' lang='lat' dir='ltr'>trost.</span> <span class='ocrx_word' id='word_1_358' title='bbox 1332 5070 1400 5122; x_wconf 87' lang='lat' dir='ltr'>Slav.</span> <span class='ocrx_word' id='word_1_359' title='bbox 1419 5069 1504 5118; x_wconf 88' lang='lat' dir='ltr'>Dalm.</span> 
     </span>
     <span class='ocr_line' id='line_1_43' title="bbox 1457 5159 1475 5194; baseline 0 0"><span class='ocrx_word' id='word_1_360' title='bbox 1457 5159 1475 5194; x_wconf 69' lang='lat' dir='ltr'>s</span> 
     </span>
    </p>
   </div>
   <div class='ocr_carea' id='block_1_9' title="bbox 0 0 1970 5802">
    <p class='ocr_par' dir='ltr' id='par_1_9' title="bbox 0 0 1970 5802">
     <span class='ocr_line' id='line_1_44' title="bbox 0 0 1970 5802; baseline 0 0"><span class='ocrx_word' id='word_1_361' title='bbox 0 0 1970 5802; x_wconf 95' lang='lat' dir='ltr'> </span> 
     </span>
    </p>
   </div>
  </div>
 </body>
</html>
