3804 5858
672 577 745 636 Doc.
762 585 834 654 327.
866 607 902 620 -
925 575 981 633 An.
1006 570 1095 652 [481.
1440 593 1502 654 4¹⁷

244 795 470 871 praescriptam
509 793 731 851 limitacionem
770 791 846 849 tales
884 791 1001 849 denarii
1035 806 1091 864 per
1124 791 1303 849 tributarios
1336 790 1507 862 exigantur,

244 915 377 975 quorum
401 899 592 956 centenarius
614 912 762 955 numerus
785 895 858 954 facit
880 911 976 954 unum
1001 894 1151 954 florenum
1167 897 1243 968 auri,
1259 900 1312 953 aut
1331 896 1440 954 valore
1455 895 1506 952 de·

242 1007 403 1066 uariorum
438 1004 620 1062 eorumdem
650 1003 816 1074 declarato,
847 1001 931 1076 quod
962 1003 1140 1076 ubicunque
1169 1003 1201 1061 in
1224 1002 1451 1078 principalibus
1477 1006 1507 1058 et

243 1111 429 1186 capitalibus
452 1109 577 1167 tributis
599 1109 719 1166 solucio
742 1107 823 1166 iacta
846 1106 948 1178 fuerit,
972 1107 1017 1166 ibi
1040 1109 1072 1166 in
1094 1107 1246 1168 filialibus
1269 1109 1394 1166 tributis
1409 1107 1506 1165 nichil

243 1219 393 1290 exigatur,
417 1221 446 1273 et
469 1231 486 1272 e
509 1229 659 1273 converso
666 1233 673 1284 ;
697 1220 727 1271 et
751 1213 835 1287 quod
858 1213 1013 1273 tributarii
1037 1214 1069 1271 in
1092 1214 1339 1288 possessionibus
1361 1220 1391 1271 et
1414 1213 1505 1271 terris

243 1324 375 1382 aliorum
400 1322 554 1380 nobilium
575 1336 675 1395 neque
698 1321 814 1379 tributa
837 1321 957 1390 tollere,
981 1336 1080 1393 neque
1102 1319 1335 1394 progredientes
1358 1324 1388 1378 et
1410 1318 1506 1394 profi-

241 1431 388 1488 ciscentes
422 1443 495 1486 cum
528 1427 622 1485 rebus
656 1427 821 1486 venalibus
857 1425 1079 1500 quoquomodo
1112 1425 1267 1501 impedire
1297 1431 1327 1483 et
1359 1425 1505 1484 infestare

239 1535 381 1592 audeant.
414 1532 495 1590 Cum
529 1533 634 1605 itaque
657 1533 726 1606 ipsa
748 1531 965 1590 moderacione
988 1547 1041 1590 seu
1065 1533 1255 1590 limitacione
1278 1531 1359 1590 facta
1381 1537 1411 1589 et
1433 1548 1505 1606 per·

239 1645 307 1698 acta
329 1655 398 1698 eam
421 1643 664 1713 preattactorum
681 1638 918 1696 commitatuum
934 1637 1094 1695 nobilibus
1110 1638 1142 1696 in
1158 1637 1323 1713 publicum
1338 1637 1505 1697 ridendam

240 1746 425 1820 prebuimus
460 1751 490 1802 et
520 1759 625 1802 coram
657 1745 700 1802 eis
730 1745 794 1816 legi
825 1749 855 1802 et
878 1745 910 1802 in
933 1744 1078 1802 omnibus
1102 1745 1199 1818 ipsius
1223 1744 1394 1816 particulis,
1418 1743 1502 1801 clau-

239 1853 317 1912 sulis
339 1858 370 1910 et
392 1851 532 1909 articulis
555 1851 669 1924 exponi
692 1849 830 1921 fecimus,
855 1851 1000 1908 omnibus
1030 1865 1174 1922 congrua,
1205 1856 1392 1923 competens
1417 1849 1503 1908 utilis

243 1963 274 2016 et
296 1955 499 2015 accommoda
529 1956 596 2014 risa
626 1956 749 2027 exstitit,
781 1956 885 2029 agnita
907 1961 938 2013 et
960 1956 1103 2030 probata,
1129 1970 1224 2029 quam
1247 1957 1279 2014 in
1303 1955 1422 2014 litteras
1445 1971 1500 2015 no·

243 2069 323 2122 siras
346 2063 446 2135 redigi
477 2067 507 2120 et
537 2063 569 2120 in
598 2063 715 2135 scripto
745 2076 804 2135 pro
834 2061 986 2120 memoria
1009 2067 1038 2120 et
1062 2062 1210 2120 firmitate
1232 2062 1421 2136 sempiterna
1443 2077 1501 2136 per

242 2185 298 2227 nos
321 2170 382 2228 sibi
403 2168 539 2242 concedi,
562 2168 638 2241 dari,
658 2169 835 2227 accuracius
858 2173 1005 2242 optarunt
1027 2173 1120 2241 atque
1143 2169 1309 2242 pecierunt.
1342 2167 1406 2225 Nos
1429 2182 1505 2226 vero

242 2275 280 2334 de
313 2273 496 2335 huiusmodi
526 2273 708 2332 eorumdem
738 2274 956 2332 universorum
987 2273 1142 2331 nobilium
1172 2279 1236 2331 tam
1259 2273 1383 2347 placito,
1408 2287 1503 2346 quam

239 2382 408 2452 voluntate,
431 2387 466 2440 ut
489 2382 558 2456 ipsa
578 2395 703 2455 semper
725 2395 785 2455 pro
801 2381 960 2439 communi
974 2381 1058 2438 bono
1074 2381 1105 2438 in
1121 2395 1177 2438 suo
1193 2381 1300 2454 vigore
1316 2386 1505 2454 permaneat,

238 2489 403 2547 statuimus
437 2493 467 2546 et
501 2487 660 2545 sanximus
696 2501 732 2544 ac
766 2487 947 2544 auctoritate
982 2501 1000 2544 a
1036 2486 1118 2544 dicto
1149 2485 1276 2545 domino
1299 2493 1406 2544 nostro
1429 2501 1502 2559 rege

239 2595 330 2654 nobis
353 2593 504 2652 attributa
527 2593 731 2664 decrevimus,
755 2597 790 2650 ut
813 2592 1002 2666 quicumque
1023 2592 1177 2650 nobilium
1197 2592 1427 2665 regnicolarum
1450 2593 1505 2650 tri·

237 2701 314 2759 buta
336 2699 531 2771 habencium,
555 2699 634 2756 hanc
662 2705 801 2756 nostram
832 2697 1083 2789 disposicionem,
1113 2697 1358 2771 ordinacionem,
1385 2697 1499 2756 limita·

238 2808 358 2865 cionem
389 2812 419 2864 et
449 2805 701 2863 moderacionem
731 2818 790 2877 pro
813 2800 981 2862 universali
1005 2803 1171 2862 commodo
1194 2809 1225 2861 et
1247 2803 1389 2876 utilitate,
1412 2801 1499 2880 justi·

237 2914 347 2986 ciaque
382 2912 540 2970 communi
575 2926 631 2984 per
660 2925 716 2967 nos
751 2909 845 2967 modo
877 2911 1030 2984 premisso
1063 2909 1168 2980 factas,
1184 2907 1358 2982 superfluis,
1380 2909 1502 2984 ineptis,

239 3019 421 3092 illicitisque
443 3022 474 3075 et
496 3017 616 3075 iniustis
639 3017 830 3074 tributorum
853 3016 1069 3074 exaccionibus
1098 3015 1281 3087 transgressi
1312 3013 1435 3086 fuerint,
1459 3013 1505 3073 in·

239 3123 387 3198 fregerint
410 3139 463 3181 seu
488 3122 675 3180 violaverint
697 3127 728 3180 et
755 3123 815 3180 hoc
846 3126 954 3180 contra
984 3122 1061 3180 tales
1084 3121 1136 3178 vel
1166 3121 1271 3192 talem,
1302 3121 1501 3179 attestacione

238 3229 374 3288 veridica
396 3229 571 3286 vicinorum
595 3233 625 3285 et
648 3233 933 3285 commetaneorum
956 3243 991 3285 ac
1014 3227 1168 3285 nobilium
1192 3226 1504 3300 comprovincialium

238 3335 391 3407 legittime
423 3333 623 3407 comprobari
654 3333 777 3407 poterit,
809 3348 883 3390 mox
914 3333 991 3391 tales
1021 3339 1051 3391 et
1080 3333 1151 3390 talis
1184 3337 1426 3404 transgressores
1450 3347 1504 3390 seu

237 3446 448 3513 transgressor
473 3441 505 3496 in
528 3445 680 3513 perpetua
702 3439 903 3497 ammissione
925 3437 1107 3498 huiusmodi
1130 3438 1178 3496 sui
1202 3438 1312 3497 tributi
1335 3437 1387 3495 vel
1406 3437 1503 3496 tribu·

237 3551 342 3605 torum
365 3546 427 3604 sint
458 3546 510 3602 vel
539 3545 579 3603 sit
609 3545 743 3602 convicti
766 3559 820 3602 seu
851 3546 1018 3617 convictus,
1042 3549 1072 3602 et
1095 3543 1220 3615 eisdem,
1243 3541 1427 3619 juribusque
1449 3544 1503 3602 tri·

240 3652 389 3710 butorum
413 3665 523 3709 eorum
547 3653 578 3709 in
602 3665 695 3708 evum
719 3651 834 3724 privati
858 3666 893 3708 ac
917 3651 1056 3710 destituti
1079 3649 1263 3709 habeantur.
1294 3650 1329 3708 ln
1349 3650 1436 3708 cuius
1458 3651 1504 3708 rei

238 3758 450 3816 testimonium
475 3762 632 3831 presentes
655 3756 775 3814 litteras
797 3763 918 3814 nostras
948 3757 1024 3831 ipsis
1047 3756 1208 3814 nobilibus
1231 3756 1319 3830 regni
1341 3754 1504 3814 Sclauonie

237 3869 268 3921 et
290 3865 489 3921 comitatibus
513 3862 660 3937 predictis
676 3862 822 3920 duximus
838 3861 1056 3920 concedendas.
1080 3861 1195 3918 Datum
1213 3861 1304 3919 Crisii
1320 3859 1504 3919 duodecimo

239 3969 289 4027 die
311 3975 494 4028 octavarum
518 3968 588 4026 festi
611 3968 694 4026 beati
715 3967 842 4041 Georgii
866 3967 1003 4026 martiris
1024 3967 1244 4041 predictarum.
1269 3969 1361 4025 Anno
1385 3966 1503 4026 domini

238 4075 409 4133 millesimo
433 4073 738 4147 quadringentesimo
762 4075 972 4146 octuagesimo
995 4074 1107 4168 primo.

343 4213 366 4259 E
387 4217 547 4275 transumpto
567 4209 681 4274 Capituli
699 4209 800 4274 zagrab.
819 4225 886 4258 anuo
909 4210 983 4272 1832.
1004 4209 1072 4258 iacto
1085 4215 1111 4257 et
1123 4209 1307 4258 authenticato.
1327 4209 1462 4273 Originale
1476 4209 1503 4258 iu

238 4299 308 4353 arch.
328 4299 481 4363 regnicolari
501 4299 653 4362 Zagrabiae:
672 4297 812 4362 Pririlegia
830 4298 903 4362 regni
921 4313 958 4346 nr.
979 4309 1020 4362 50.
1042 4325 1072 4334 —
1084 4298 1148 4346 Ivau
1161 4297 1332 4362 Kukuljevid.
1343 4297 1409 4361 Jure
1420 4298 1502 4362 regni.
1522 4319 1525 4328 ·

238 4389 299 4440 Vol.
319 4390 342 4439 1.
362 4403 420 4453 pag.
441 4397 590 4453 217—220.
608 4393 647 4436 sat
665 4402 778 4439 erronee.

342 4709 423 4758 Anno
445 4708 519 4770 1481.
541 4705 688 4770 Zugrabiae.
833 4617 917 4685 32⁷·

342 4817 529 4877 Statuton'ae
552 4816 682 4891 capituli
696 4814 904 4888 zagrabiensis
926 4829 1039 4889 puram
1061 4814 1258 4873 statutionem
1284 4829 1341 4888 pro
1363 4814 1503 4897 Johanne

237 4925 355 4982 lectore
378 4929 408 4981 et
431 4923 578 4982 canonico
608 4922 757 4980 ecclesiae
779 4920 995 4994 zagrabiensis,
1020 4936 1081 4994 qua
1105 4926 1223 4978 rectore
1245 4919 1353 4978 altaris
1377 4919 1406 4978 b.
1430 4919 1503 4978 Hie-

234 5031 360 5104 ronymi
383 5031 415 5088 in
438 5029 547 5088 eadem
577 5029 706 5088 ecclesia
730 5027 851 5085 fundati
873 5027 905 5085 in
928 5027 1152 5102 septemdecim
1173 5027 1362 5084 sessionibus
1383 5022 1503 5100 jobagi·

1400 5146 1437 5200 27
