3736 5826
412 505 451 546 ιο
826 489 898 544 Doc.
922 501 969 544 [ο.
993 520 1036 529 -
1060 488 1115 545 An.
1139 484 1232 565 1406.

407 705 569 775 sequentis.
593 703 810 777 supplicantes
833 703 943 760 exinde
966 704 1095 761 culmini
1109 709 1216 762 nostro
1232 704 1417 771 nominibus,
1434 704 1554 776 quibus
1579 714 1710 774 supra,

408 809 567 867 humiliter
601 814 631 866 et
665 809 788 884 devote,
822 815 857 867 ut
889 811 994 884 ipsum
1029 811 1232 884 privilegium
1265 817 1367 867 ratum
1404 809 1551 868 habendo
1594 813 1709 878 atque

406 920 531 988 gratum
553 930 612 989 pro
633 916 710 988 ipsis
733 917 855 974 civibus
878 917 991 974 nostris
1015 915 1053 973 de
1076 921 1180 974 monte
1204 915 1351 974 Grecensi
1374 916 1468 973 simul
1485 931 1562 972 cum
1585 914 1704 971 liber·

407 1021 530 1092 tatibus,
555 1021 722 1080 donacione
745 1029 826 1081 terre
850 1022 1020 1096 pretate-et
1041 1022 1111 1079 aliis
1132 1022 1163 1080 in
1186 1037 1222 1080 eo
1246 1022 1404 1094 contentis,
1428 1021 1534 1096 ipsum
1558 1017 1702 1078 nostris

408 1127 520 1185 litteris
551 1128 642 1185 inseri
667 1127 808 1186 faciendo
832 1130 1027 1199 verbotenus,
1047 1128 1194 1186 innovare
1225 1134 1255 1185 et
1286 1135 1437 1202 perpetuo
1467 1127 1700 1200 dignaremur

406 1233 575 1290 valiturum
599 1233 791 1292 confirmare.
815 1233 909 1291 Cuius
933 1239 1020 1292 tenor
1045 1235 1114 1293 talis
1138 1240 1183 1292 est
1206 1241 1236 1292 et
1260 1251 1316 1308 per
1339 1235 1444 1292 omnia
1472 1234 1634 1306 sequitur
1662 1231 1698 1289 in

405 1341 461 1396 hec
486 1341 598 1397 verba:
623 1332 789 1417 (videvol.
815 1340 835 1397 l.
859 1341 932 1398 Doc.
961 1341 1029 1398 128.
1065 1341 1103 1399 de
1133 1357 1212 1400 anno
1250 1355 1340 1415 1324.
1378 1339 1407 1401 8.
1443 1335 1570 1416 martii).
1618 1339 1694 1396 Nos

406 1445 500 1518 igitur
523 1451 740 1503 annotatorum
757 1447 836 1504 Petri
853 1446 962 1504 iudicis
986 1463 1103 1506 necnon
1118 1446 1226 1506 Choon
1243 1455 1272 1504 et
1286 1447 1435 1530 Johannis
1451 1447 1571 1504 civium
1590 1446 1690 1504 dicte

407 1552 539 1609 civitatis
562 1559 665 1609 nostre
688 1551 726 1609 de
750 1559 854 1610 monte
877 1551 1023 1611 Grecensi
1039 1553 1322 1627 supplicacionibus
1338 1551 1481 1610 antefatis
1498 1569 1555 1626 per
1570 1554 1686 1626 ipsos,

404 1658 582 1715 nominibus
605 1658 719 1730 quibus
742 1673 845 1732 supra,
869 1665 972 1716 nostre
995 1661 1131 1717 subiecte
1153 1660 1268 1717 oblatis
1290 1660 1453 1731 maiestati,
1476 1659 1561 1731 regia
1584 1658 1688 1716 beni·

403 1763 518 1834 gnitate
542 1762 694 1820 exauditis
717 1769 747 1820 et
771 1764 939 1822 clementer
962 1764 1105 1824 admissis
1122 1743 1331 1840 prescriptum
1347 1766 1551 1841 privilegium
1567 1765 1683 1840 ipsius

403 1867 533 1926 condam
566 1868 684 1926 domini
714 1869 824 1928 Karoli
853 1871 936 1943 regis
968 1887 1028 1930 non
1062 1873 1218 1943 abrasum,
1240 1887 1302 1930 non
1325 1872 1533 1930 cancellatum
1556 1888 1619 1930 nec
1646 1871 1681 1929 in

402 1974 508 2048 aliqua
531 1975 579 2033 sui
601 1980 690 2048 parte
714 1981 892 2050 suspectum
918 1977 971 2036 sed
995 1993 1123 2052 prorsus
1145 1978 1230 2036 omni
1260 1978 1474 2051 ambiguitatis
1505 1984 1536 2035 et
1567 1977 1682 2050 suspi-

402 2081 498 2138 cionis
521 2082 670 2155 scrupulo
694 2097 810 2150 carens,
834 2099 942 2154 ymmo
966 2085 1083 2142 sincere
1108 2085 1246 2143 veritatis
1266 2084 1441 2158 integritate
1473 2084 1677 2158 prepollens,

402 2187 597 2259 presentibus
621 2188 809 2246 verbotenus
839 2190 957 2262 absque
989 2191 1128 2264 qualibet
1151 2191 1333 2258 variacione,
1364 2189 1575 2249 diminucione
1612 2205 1676 2248 sen

402 2299 569 2364 augmento
593 2294 625 2351 in
647 2295 862 2367 superioribus
884 2296 1043 2368 insertum,
1075 2296 1178 2370 quoad
1210 2311 1317 2354 omnes
1347 2311 1418 2354 suas
1449 2297 1674 2366 continencias,

402 2399 558 2458 clausulas
581 2405 611 2458 et
633 2401 780 2459 articulos
795 2408 1001 2476 acceptamus,
1018 2403 1232 2476 approbamus
1247 2407 1279 2460 et
1293 2402 1484 2461 ratificamus
1499 2418 1536 2460 ac
1560 2403 1673 2477 ipsum

401 2520 460 2580 pro
483 2507 686 2566 fidelitatibus
710 2513 740 2566 et
761 2508 858 2581 gratis
881 2509 1105 2582 obsequiorum
1121 2509 1241 2567 meritis
1257 2509 1397 2583 ipsorum
1414 2509 1531 2568 civium
1548 2515 1580 2566 et
1595 2509 1674 2566 hos·

401 2612 503 2686 pitum
527 2628 584 2687 pro
607 2614 802 2688 utilitateque
816 2620 845 2672 et
856 2615 1022 2674 commodo
1032 2631 1068 2674 ac
1091 2617 1343 2688 augmentacione
1359 2614 1512 2673 antedicte
1527 2615 1669 2674 civitatis

401 2725 504 2778 nostre
539 2721 578 2778 de
613 2727 717 2779 monte
752 2721 899 2780 Grecensi
933 2722 1028 2780 simul
1063 2737 1135 2778 curn
1168 2721 1328 2780 tenoribus
1363 2721 1604 2795 privilegiorum
1628 2737 1668 2778 ac

401 2828 517 2884 cunctis
532 2827 738 2900 libertatibus,
751 2827 992 2900 condicionibus,
1008 2827 1344 2901 consuetudinibusque
1359 2843 1476 2886 necnon
1493 2828 1670 2901 prescripta

401 2939 484 2991 terra
499 2935 580 2991 circa
595 2938 734 2992 montem
750 2933 852 2991 Grech
870 2933 1070 3008 eiusdemque
1087 2935 1185 3006 metis,
1202 2933 1445 2992 limitacionibus
1461 2939 1490 2991 et
1507 2933 1668 2992 distanciis

400 3040 542 3113 superius
564 3041 596 3098 in
619 3039 736 3098 eisdem
760 3040 919 3098 tenoribus
941 3039 1074 3114 limpide
1104 3040 1275 3113 explicatis,
1298 3039 1431 3112 aliisque
1466 3040 1597 3113 singulis
1634 3041 1669 3098 in

400 3147 476 3220 ipsis
499 3147 657 3218 contentis
681 3162 768 3204 mera
791 3147 973 3205 auctoritate
995 3147 1080 3220 regia
1103 3152 1134 3205 et
1156 3147 1317 3220 potestatis
1340 3146 1534 3221 plenitudine
1567 3163 1603 3204 ac
1627 3147 1668 3205 de

399 3261 482 3312 certa
505 3253 636 3311 sciencia
658 3259 761 3310 nostre
785 3253 962 3325 maiestatis,
986 3254 1242 3327 prelatorumque
1269 3258 1298 3311 et
1313 3253 1469 3311 baronum
1484 3260 1667 3311 nostrorum

400 3365 579 3434 prematuro
603 3359 731 3416 consilio
755 3375 812 3433 pro
836 3360 911 3433 ipsis
934 3360 1063 3430 civibus,
1087 3359 1272 3433 hospitibus,
1297 3373 1469 3432 eorumque
1501 3360 1667 3432 posterita-

398 3467 482 3524 tibus
505 3473 534 3523 et
557 3466 784 3524 successoribus
807 3466 1007 3538 quibuslibet,
1037 3465 1118 3524 dicta
1153 3481 1277 3539 quoque
1310 3466 1443 3538 civitate,
1478 3467 1663 3524 innovantes

398 3578 550 3647 perpetuo
574 3571 745 3628 valiturum
770 3572 945 3630 testimonio
979 3573 1173 3645 presencium
1207 3571 1438 3642 confirmamus,
1473 3572 1562 3629 salvo
1596 3570 1667 3648 jure

399 3679 509 3736 alieno
534 3678 568 3735 ln
592 3679 680 3735 cuius
709 3679 754 3736 rei
786 3679 970 3736 memoriam
1005 3684 1251 3752 perpetuamque
1286 3679 1468 3737 firmitatem
1502 3687 1664 3753 presentes

399 3783 515 3842 eisdem
539 3785 745 3842 concessimus
769 3784 886 3842 litteras
909 3789 1029 3842 nostras
1052 3785 1264 3857 privilegiales
1287 3784 1449 3859 pendentis
1472 3789 1502 3842 et
1518 3787 1667 3844 autentici

398 3891 494 3964 sigilli
518 3891 615 3948 nostri
642 3891 715 3948 novi
747 3890 903 3963 dupplicis
934 3891 1103 3949 munimine
1126 3893 1296 3950 roboratas.
1321 3892 1436 3949 Datum
1460 3907 1517 3965 per
1549 3907 1661 3950 manus

397 3996 559 4056 reverendi
575 3997 606 4054 in
624 3995 748 4054 Christo
765 3997 864 4070 patris
881 3995 998 4054 domini
1015 3996 1188 4055 Eberhardi
1204 3997 1341 4071 episcopi
1358 3997 1575 4070 zagrabiensis,
1592 3999 1664 4057 aule

396 4111 500 4161 nostre
523 4103 662 4176 sumpmi
685 4104 869 4172 cancellarii,
893 4103 996 4161 fidelis
1019 4105 1116 4161 nostri
1140 4103 1252 4162 dilecti.
1283 4106 1374 4162 Anno
1406 4105 1524 4164 domini
1560 4107 1663 4165 mille·

396 4211 475 4268 simo
497 4209 800 4283 quadringentesimo
824 4217 919 4281 sext0,
943 4215 1054 4284 quarto
1078 4210 1147 4268 idus
1170 4208 1308 4285 januarii.
1332 4211 1429 4284 Regni
1445 4219 1549 4271 autern
1565 4214 1666 4271 nostri

396 4331 476 4372 anno
511 4315 632 4376 decimo
662 4324 782 4374 octavo.
817 4317 1056 4374 Venerabilibus
1086 4318 1117 4375 in
1148 4316 1272 4374 Christo
1294 4319 1437 4391 patribus
1457 4323 1487 4376 et
1510 4319 1646 4377 dominis

397 4421 562 4480 Valentino
586 4423 669 4480 tituli
692 4429 795 4480 sancte
825 4421 937 4480 Sabine
968 4429 1161 4481 sacrosancte
1185 4438 1312 4482 romane
1335 4425 1463 4482 ecclesie
1486 4425 1663 4497 presbitero

395 4527 552 4586 cardinale
576 4534 606 4586 et
628 4530 756 4587 ecclesie
788 4529 1117 4602 quinqueecclesiensis
1140 4531 1356 4602 gubernatore,
1388 4530 1526 4613 Johanne
1549 4531 1662 4602 strigo-

394 4635 500 4706 niensi,
537 4636 689 4694 colocensi
725 4641 755 4693 et
788 4611 923 4711 jadrensi
956 4636 1081 4694 sedibus
1116 4637 1307 4708 vacantibus,
1333 4635 1457 4696 Andrea
1479 4636 1659 4710 spalatensi,

393 4740 492 4798 altero
516 4741 640 4799 Andrea
663 4743 842 4814 ragusiensi,
875 4743 1130 4816 archiepiscopis;
1161 4743 1243 4800 Luca
1274 4742 1468 4816 waradiensi,
1499 4741 1658 4816 Stephano

394 4847 594 4919 transilvano‚
607 4847 716 4905 eodem
733 4847 859 4905 domino
874 4849 1053 4907 Eberhardo
1069 4849 1269 4922 zagrabiensi‚
1282 4851 1416 4922 agriensi
1432 4849 1504 4907 sede
1522 4856 1660 4922 vacante,

393 4954 532 5037 Johanne
556 4954 710 5026 bonnensi,
735 4955 961 5034 vesprimiensi
985 4954 1057 5016 sede
1082 4961 1217 5028 vacante,
1248 4957 1389 5040 Johanne
1419 4953 1574 5032 jauriensi,
1604 4971 1658 5012 va·
