3804 5858
610 589 684 647 Dor.
702 598 778 667 347.
801 621 844 634 -
867 589 924 649 An.
949 583 1045 667 1488.
1390 595 1453 672 463

191 804 337 863 frumenti
368 802 485 863 eisdem
515 805 673 863 actoribus
703 803 741 862 de
771 810 854 864 terra
887 805 981 864 tercie
1003 806 1117 880 partis,
1142 821 1237 880 quam
1260 805 1457 866 incoluerunt

188 907 377 985 jobagioues,
400 911 542 985 parcium
566 910 699 970 duarum
730 912 898 986 superioris
925 913 1125 985 possessionis
1149 911 1315 986 Zthupnyk
1335 919 1457 985 vocate,

192 1016 340 1090 recipiet
364 1031 423 1090 pro
458 1033 490 1074 se
520 1018 590 1091 ipso
623 1019 768 1091 usurpari
798 997 935 1076 iecisset¹
950 1019 1091 1092 potencia
1122 1017 1284 1078 mediante.
1307 1019 1345 1077 Et
1368 1019 1453 1093 quod

189 1122 271 1180 circa
294 1120 407 1180 festum
437 1122 521 1180 beati
552 1120 717 1180 Colomani
747 1124 891 1194 martiris,
914 1123 1060 1181 similiter
1095 1131 1167 1182 tunc
1189 1125 1334 1198 proxime
1357 1133 1458 1198 prete·

161 1250 164 1258 ·
190 1229 294 1302 ritum,
318 1228 402 1287 idern
425 1229 580 1312 Johannes
603 1229 753 1287 Horwatb
766 1229 919 1303 prefatam
943 1229 1071 1287 terciam
1087 1237 1210 1303 partem
1233 1229 1314 1288 dicte
1336 1215 1455 1305 posses·

189 1333 284 1392 sionis
306 1335 447 1408 ipsorum
470 1338 610 1392 actorum
635 1332 791 1408 Zthupnilr
814 1340 922 1392 vocate
944 1335 975 1392 in
998 1335 1147 1393 comitatu
1170 1336 1362 1408 zagrabiensi
1386 1352 1450 1410 pre·

192 1440 275 1498 dicto
298 1441 464 1510 existentis,
484 1455 546 1498 non
561 1445 668 1498 curato
684 1455 729 1512 eo,
742 1439 826 1514 quod
843 1441 905 1498 iam
930 1454 988 1514 pro
1011 1439 1133 1512 duabus
1148 1441 1292 1515 partibus
1315 1441 1454 1500 eiusdem

190 1546 392 1620 possessionis
415 1545 533 1604 dudum
556 1545 587 1603 iu
611 1545 699 1603 litem
729 1561 786 1619 per
816 1547 901 1620 ipsos
931 1551 1050 1604 actores
1080 1551 1229 1606 attractus
1252 1545 1368 1620 fuisset,
1392 1563 1451 1622 pro

190 1667 222 1709 se
245 1653 315 1725 ipso
339 1653 442 1710 minus
464 1650 544 1726 juste
566 1657 597 1709 et
612 1650 748 1710 indebite
764 1659 952 1726 occupasset,
969 1652 1095 1711 eosdem
1111 1659 1230 1710 actores
1253 1652 1292 1711 de
1314 1653 1454 1714 dominio

189 1756 326 1815 eiusdem
351 1756 543 1816 excludendo
568 1757 710 1829 potencia
741 1756 958 1828 mediantem
990 1757 1196 1832 preludicium
1227 1763 1258 1816 et
1281 1757 1454 1833 dampnum

192 1863 375 1921 eorumdem
406 1868 546 1921 actorum
582 1870 612 1921 et
646 1877 703 1937 per
737 1877 927 1936 consequens
960 1861 1035 1922 dic'ti
1064 1859 1196 1922 claustri
1221 1863 1305 1922 beati
1334 1864 1455 1924 Nicolai

191 1969 331 2042 episcopi
354 1969 447 2027 valde
470 1983 626 2041 magnum.
649 1969 687 2026 Et
710 1969 783 2042 quia
805 1984 844 2028 ex
860 1970 998 2042 graciosa
1014 1970 1184 2029 annuencia
1207 1977 1237 2028 et
1260 1971 1456 2031 concessione

190 2075 273 2148 regie
305 2075 473 2134 maiestatis
504 2075 646 2132 universe
678 2089 769 2132 cause
804 2075 948 2133 brevium
978 2077 1199 2134 evocacionum
1222 2077 1254 2134 in
1277 2075 1336 2134 hoc
1357 2093 1455 2150 regno

189 2181 374 2254 emergende
397 2196 453 2253 per
474 2195 531 2238 nos
554 2180 672 2254 possint
696 2180 826 2239 iudicari
848 2187 942 2255 atque
972 2183 1140 2253 terminari,
1163 2197 1224 2256 pro
1253 2197 1291 2240 eo
1313 2191 1451 2242 vestram

189 2288 362 2346 amiciciam
386 2285 568 2345 litteratorie
591 2287 783 2360 pecieramus
806 2286 979 2360 diligenter,
1012 2293 1163 2362 quatenus
1186 2295 1327 2347 vestrum
1351 2290 1454 2348 mitte·

187 2394 261 2452 retis
284 2394 443 2452 hominem
466 2408 524 2467 pro
549 2393 721 2451 testimonio
744 2393 945 2468 fidedignum,
970 2409 1032 2468 quo
1056 2401 1197 2468 presente
1220 2395 1318 2452 hono
1337 2401 1451 2468 noster,

187 2500 267 2558 inira
289 2499 502 2570 declarandus
519 2501 593 2558 scita
615 2500 703 2574 prius
717 2501 941 2574 premissorum
967 2516 1056 2559 mera
1071 2501 1208 2572 veritate,
1224 2507 1368 2560 evocaret
1383 2517 1454 2576 pre·

186 2605 285 2664 iatum
306 2606 478 2690 Johannem
501 2606 653 2663 Horwath
669 2605 707 2663 de
730 2605 840 2678 Olrycb
860 2611 967 2665 contra
989 2613 1151 2666 annotatos
1165 2613 1285 2666 actores
1301 2591 1341 2665 ad
1364 2608 1453 2666 trice·
1513 2650 1516 2656 .

186 2714 300 2770 simum
323 2711 494 2770 secundum
518 2711 613 2783 diem,
635 2727 657 2770 a
677 2711 727 2769 die
749 2712 929 2772 huiusmodi
951 2721 1054 2772 vestre
1076 2714 1287 2786 inquisicionis
1321 2718 1351 2771 et
1381 2729 1454 2772 evo-

187 2819 319 2876 cacionis
341 2817 524 2876 immediate
545 2817 764 2890 computando,
780 2824 920 2876 nostram
942 2820 974 2877 in
998 2820 1189 2892 presenciam
1209 2819 1242 2877 in
1265 2819 1370 2877 sedem
1394 2814 1454 2877 cri-

185 2924 327 2996 siensem,
350 2923 505 2982 racionem
539 2923 577 2980 de
606 2923 767 2997 premissis
789 2924 984 2982 redditurum
1008 2924 1176 2994 efficacem,
1200 2925 1264 2984 litis
1287 2925 1461 3000 pendente,¹

184 3030 294 3105 siqua
318 3029 398 3089 foret
429 3031 510 3088 inter
539 3029 636 3103 ipsos,
669 3045 731 3087 non
765 3031 915 3102 obstante,
945 3031 1130 3089 insinuando
1152 3031 1270 3090 ibidem
1293 3031 1396 3090 eidem
1418 3041 1453 3090 ut

184 3138 250 3195 sive
275 3137 393 3210 ipsein
423 3135 505 3194 dicto
529 3136 662 3194 termino
686 3151 791 3194 curam
814 3137 905 3194 nobis
927 3143 1123 3211 compareret
1146 3138 1212 3195 sive
1235 3153 1305 3208 non,
1328 3153 1385 3195 nos
1407 3138 1447 3195 ad

187 3244 287 3316 partis
318 3243 526 3315 comparentis
557 3242 738 3299 instanciam
761 3241 792 3299 id
826 3241 998 3300 faceremus
1021 3242 1052 3300 in
1083 3243 1251 3316 premissis,
1276 3242 1360 3316 quod
1391 3241 1452 3318 juri

186 3349 346 3406 videretur
369 3346 526 3422 expedire,
561 3355 591 3405 et
622 3352 692 3420 post
721 3345 777 3404 hec
808 3347 988 3405 huiusmodi
1018 3347 1236 3421 inquisicionis,
1260 3350 1454 3408 evocacionis

183 3463 212 3512 et
226 3455 443 3512 insinuacionis
467 3455 579 3511 seriem
595 3469 666 3510 cum
684 3455 803 3512 evocati
819 3455 952 3525 nomine,
969 3455 1163 3527 terminoque
1179 3455 1333 3526 assignato
1354 3455 1453 3528 nubis,

183 3576 271 3619 more
296 3562 390 3619 solito
414 3560 631 3618 rescriberetis.
664 3559 727 3616 Vos
750 3559 845 3632 igitur
868 3560 1088 3618 amicabilibus
1110 3561 1316 3633 peticionibus
1338 3561 1451 3620 uostris

181 3674 348 3725 annuentes
372 3681 506 3724 unacum
530 3665 660 3723 Nicolao
682 3665 880 3738 Iwanowych
903 3665 942 3724 de
966 3666 1173 3738 Brezowycza,
1191 3667 1316 3725 homine
1338 3672 1453 3738 nostro,

184 3779 324 3830 vestrum
362 3773 521 3830 hominem
556 3771 725 3829 discretum
767 3769 912 3830 videlicet
949 3770 1135 3844 Gregorium
1172 3773 1380 3846 presbiterum
1415 3771 1453 3830 de

181 3878 316 3952 Maglalr,
340 3879 427 3936 chori
451 3883 594 3935 annotate
610 3877 737 3934 ecclesie
757 3881 860 3934 vestre
882 3875 1134 3950 prebendarium,
1151 3877 1190 3934 ad
1204 3879 1355 3952 premissa
1378 3877 1453 3936 fide·

184 3985 258 4043 liter
279 3983 456 4058 peragenda
492 3989 596 4040 vestro
631 3997 689 4056 pro
721 3983 897 4042 testimonio
927 3979 991 4041 fide
1014 3982 1143 4056 dignum
1174 3983 1339 4042 duxissetis
1363 3983 1452 4042 desti·

179 4090 330 4148 nandum.
364 4089 427 4162 Qui
457 4089 583 4148 tandem
614 4089 725 4148 exinde
754 4089 794 4147 ad
824 4105 881 4148 nos
903 4091 1019 4147 reversi
1042 4089 1132 4150 nobis
1155 4089 1349 4148 concorditer
1372 4099 1454 4148 retu·

181 4197 299 4268 iissent,
323 4211 360 4255 eo
391 4197 496 4268 modo,
532 4195 690 4269 quomodo
721 4196 781 4269 ipsi
813 4195 890 4254 feria
920 4203 1031 4268 quarta
1063 4197 1207 4269 proxima
1239 4201 1309 4268 post
1339 4194 1454 4254 festum

180 4302 265 4360 beati
289 4303 386 4362 Marci
408 4302 615 4375 ewangeliste,
639 4307 712 4360 tunc
742 4303 886 4376 proxime
909 4303 1092 4375 preteritum
1117 4302 1233 4376 pariter
1257 4299 1453 4374 procedendo

178 4409 219 4465 ab
243 4409 388 4467 omnibus
411 4415 442 4467 et
457 4410 596 4482 singulis,
621 4409 735 4482 quibus
751 4407 901 4466 decuisset
925 4414 955 4465 et
967 4407 1103 4465 licuisset
1119 4408 1225 4480 palam
1241 4414 1271 4465 et
1280 4407 1400 4466 occulte
1414 4407 1453 4464 de

181 4507 343 4588 premissis
358 4515 522 4588 diligenter
539 4514 724 4588 inquirendo
740 4514 843 4571 omnia
860 4515 1011 4587 premissa
1027 4517 1058 4571 et
1073 4513 1183 4586 quevis
1207 4514 1454 4586 prescriptorum

178 4621 301 4693 singula
332 4622 376 4678 sic
409 4629 438 4679 et
470 4622 580 4679 eodem
609 4620 704 4679 modo
740 4619 820 4678 facta
855 4619 921 4677 fore
951 4625 981 4676 et
1004 4623 1181 4693 perpetrata
1213 4619 1305 4677 fuisse
1337 4625 1367 4676 et
1389 4635 1455 4677 esse

176 4727 379 4799 rescivissent,
404 4735 496 4802 prout
518 4729 609 4786 nobis
632 4727 713 4784 dicta
740 4733 770 4783 et
786 4727 925 4798 exposita
942 4725 1112 4784 extitissent
1131 4732 1161 4782 et
1185 4723 1455 4798 quemadmodum

177 4841 264 4892 tenor
279 4835 453 4892 litterarum
466 4839 641 4892 nostrarum
650 4847 706 4905 per
718 4832 822 4890 omnia
835 4832 1003 4889 contineret
1017 4830 1235 4903 predictarum.
1245 4831 1336 4888 Facta
1349 4829 1455 4902 itaque

176 4939 356 4998 huiusmodi
373 4940 575 5014 inquisicione
589 4938 672 4996 idem
688 4938 784 4995 homo
799 4942 903 4996 noster
917 4937 987 5010 ipso
1002 4943 1106 4994 vestro
1123 4936 1299 4996 testimonio
1315 4943 1456 5008 presente

177 5045 288 5103 eodem
318 5046 368 5104 die
399 5047 609 5120 inquisicionis
632 5051 841 5102 memoratum
853 5044 1026 5127 Johannem
1050 5044 1200 5101 Horwath
1216 5041 1376 5114 deOkych
1398 5055 1456 5116 per
