3828 5822
686 577 759 635 Doc.
782 573 858 652 298.
881 611 924 620 -
947 577 1004 636 An.
1028 588 1116 656 1475.

842 780 930 853 298.

353 927 434 978 Anno
456 939 531 994 1475,
553 941 592 980 11.
610 928 692 992 Junii.
711 929 809 980 Budae.

247 1055 395 1126 Mathias,
415 1057 594 1130 Hungarr'ac
613 1063 662 1127 etc,
685 1074 749 1126 rex,
771 1056 918 1114 comitatui
936 1055 1054 1130 zograb.
1072 1055 1224 1131 praecipit,
1246 1063 1281 1114 ut
1299 1075 1404 1118 murus
1422 1057 1514 1117 mum'·

450 1163 535 1220 nonu
557 1163 686 1222 cr’ur'tatis
707 1164 811 1220 montis
839 1161 991 1221 Grecensis
1012 1162 1128 1222 dirutus
1150 1164 1309 1238 reficiatur.

884 1303 926 1352 De
944 1302 1126 1352 commissione
1144 1302 1248 1367 propria
1267 1302 1365 1352 domini
1383 1302 1459 1366 regis.

349 1413 482 1472 Mathias
506 1413 556 1473 dei
576 1413 681 1487 gracia
696 1429 752 1472 rex
774 1414 944 1487 Hungarie,
965 1415 1112 1472 Bohemie
1136 1419 1190 1473 etc.
1213 1414 1383 1473 Fidelibus
1397 1415 1511 1473 nostris

244 1520 397 1578 universis
418 1526 450 1578 et
471 1520 603 1594 singulis
621 1521 782 1584 nobilibus
794 1527 825 1579 et
847 1521 975 1580 alterius
995 1521 1133 1579 cuiusvis
1154 1526 1250 1580 status
1274 1522 1510 1595 possessionatis

243 1627 423 1686 hominibus
437 1627 477 1686 ad
492 1627 598 1686 sedem
614 1628 846 1702 zagrabiensem
858 1628 1071 1702 spectantibus
1086 1633 1116 1686 et
1128 1627 1365 1703 pertinentibus,
1378 1628 1511 1686 salutem

243 1737 274 1791 et
296 1734 440 1806 graciam.
463 1733 510 1792 Ex
540 1733 691 1792 relatibus
714 1733 857 1792 fidelium
879 1740 1059 1792 nostrorum
1083 1739 1238 1792 certorum
1262 1734 1380 1792 civium
1402 1739 1433 1792 et
1459 1735 1506 1793 in·

242 1839 454 1898 habitatorum
478 1841 611 1899 civitatis
627 1845 731 1899 nostre
746 1841 954 1914 zagrabiensis
970 1840 1190 1912 intelleximus,
1214 1839 1373 1914 quomodo
1397 1841 1506 1900 civitas

242 1946 311 2020 ipsa
327 1952 458 2023 propter
472 1947 694 2020 necessitatem,
711 1963 805 2022 quam
823 1947 1035 2023 precedenter‚
1050 1952 1117 2005 tum
1134 1963 1190 2022 per
1213 1946 1369 2005 assiduam
1387 1952 1509 2021 pestem

242 2055 310 2109 tum
333 2067 409 2110 vero
431 2069 490 2128 per
511 2054 652 2113 incursus
674 2055 849 2114 Turcomm
871 2069 963 2129 passa
978 2059 1032 2127 est,
1055 2054 1088 2112 in
1111 2059 1229 2112 tantam
1252 2053 1391 2126 inopiam
1415 2053 1508 2112 deve·

242 2159 345 2230 nisset,
378 2159 461 2233 quod
493 2176 603 2219 murus
632 2161 732 2236 ipsius
760 2161 893 2220 civitatis
923 2159 987 2220 fere
1018 2160 1050 2219 in
1080 2159 1248 2232 nonaginta
1277 2175 1332 2217 ser
1361 2160 1508 2218 ulnamm

242 2263 444 2339 longitudine,
475 2282 557 2326 nunc
585 2267 710 2326 ruinam
740 2271 906 2343 pateretur,
930 2267 963 2326 in
985 2273 1110 2326 centum
1132 2280 1209 2324 vero
1231 2270 1261 2324 et
1285 2265 1507 2340 quinquaginta

241 2371 355 2430 cubitis
377 2371 416 2430 de
439 2371 489 2430 die
511 2375 543 2432 in
566 2373 631 2432 dies
657 2389 745 2433 casus
761 2373 901 2432 eiusdem
922 2374 1120 2448 prestolatur,
1143 2379 1174 2430 et
1196 2388 1274 2430 cum.
1289 2373 1373 2445 regie
1388 2373 1509 2432 intersit

243 2477 419 2537 celsitudini
446 2479 580 2538 comodo
603 2480 763 2540 civitatum
787 2495 914 2538 suarum
938 2485 969 2538 et
991 2479 1156 2554 presertim
1179 2479 1347 2537 municioni
1369 2479 1506 2552 illarum,

242 2597 376 2657 quarum
410 2585 500 2644 ruina
531 2586 671 2661 periculo
694 2587 858 2646 inmineret
880 2585 1047 2658 intendere,
1078 2586 1231 2659 vobisque
1253 2599 1388 2644 unacum
1409 2585 1503 2644 rebus

240 2696 271 2748 et
293 2685 383 2750 bonis
405 2706 442 2750 ac
471 2692 581 2751 liberis
603 2694 716 2752 vestris
737 2699 879 2768 tempore
909 2692 1043 2752 insultus
1065 2692 1300 2751 sevissimorum
1323 2691 1504 2763 Turcorum,

239 2809 303 2855 non
324 2797 403 2856 alias
433 2799 494 2858 nisi
515 2800 547 2857 in
570 2799 671 2874 ipsam
694 2798 852 2873 refugium
875 2813 940 2860 esse
963 2803 1073 2872 potest,
1095 2797 1167 2856 ideo
1189 2797 1333 2856 fidelitati
1354 2797 1505 2856 universi·

239 2904 312 2962 tatis
340 2909 443 2963 vestre
465 2910 496 2964 et
517 2905 683 2964 cuiuslibet
705 2908 843 2963 restrum
867 2905 980 2962 harum
1004 2904 1083 2963 serie
1105 2903 1285 2964 firmissime
1300 2903 1504 2978 precipientes

239 3010 433 3085 mandamus,
468 3016 619 3085 quatenus
661 3011 794 3086 receptis
827 3011 1032 3086 presentibus,
1063 3009 1195 3068 dumet
1224 3009 1504 3083 quocienscumque

238 3131 296 3190 per
324 3116 434 3177 fideles
465 3124 588 3176 nostros
618 3117 848 3176 christoforum
882 3117 1077 3191 capitaneum
1113 3115 1194 3174 dicte
1231 3116 1365 3174 civitatis
1400 3120 1504 3174 nostre

237 3225 454 3298 zagrabiensis‚
478 3231 531 3283 aut
553 3222 633 3283 alios
656 3225 833 3298 capitaneos
855 3224 888 3282 in
910 3221 1052 3282 futurum
1067 3221 1297 3282 constituendos
1322 3220 1360 3279 ad
1377 3221 1503 3279 labores

237 3329 337 3404 ipsius
358 3331 500 3402 civitatis,
531 3330 834 3404 reformacionesque
858 3330 940 3387 muri
965 3328 1104 3387 eiusdem
1135 3328 1275 3402 requisiti
1297 3325 1426 3400 fueritis,
1449 3327 1503 3384 ho

237 3436 336 3494 mines
366 3443 486 3496 vestros
519 3437 552 3495 in
581 3435 756 3494 subsidium
788 3435 877 3508 dare,
909 3441 962 3493 aut
989 3435 1015 3492 si
1045 3449 1167 3492 necesse
1189 3439 1277 3506 esset,
1299 3432 1505 3508 personaliter

238 3541 418 3601 huiusmodi
441 3542 660 3602 reformacioni
682 3543 829 3601 interesse
860 3541 1018 3611 debeatis;
1040 3540 1179 3613 alioquin
1202 3540 1228 3598 si
1247 3554 1335 3598 secus
1357 3538 1499 3612 feceritis,

238 3653 350 3707 extunc
373 3650 587 3708 commisimus
611 3655 641 3708 et
664 3649 860 3723 presencium
883 3647 963 3706 serie
996 3646 1136 3705 striccius
1167 3646 1398 3704 committimus
1421 3645 1503 3703 dicto

237 3754 409 3814 Cristoforo
433 3761 599 3830 capetaneo
621 3770 659 3813 ac
680 3757 778 3814 eciam
802 3755 872 3812 aliis
894 3755 927 3812 in
956 3753 1098 3812 futurum
1131 3752 1362 3825 constituendis,
1386 3759 1419 3811 ut
1442 3752 1503 3826 ipsi

238 3875 293 3918 vos
316 3867 346 3920 et
369 3862 542 3936 quemlibet
564 3867 704 3920 vestrum
719 3859 760 3919 ad
775 3860 952 3919 subsidium
974 3857 1210 3918 reformacionis
1235 3859 1388 3934 premisse
1403 3857 1502 3917 eciam

236 3981 306 4024 cum
330 3969 565 4040 gravaminibus
596 3969 708 4026 vestris
731 3969 832 4026 arcius
862 3967 1054 4041 compellant
1076 3971 1107 4024 et
1128 3966 1298 4039 astringant
1322 3965 1502 4024 auctoritate

234 4078 341 4131 nostra
374 4075 459 4146 regia
493 4076 690 4148 presentibus
713 4076 789 4149 ipsis
812 4075 844 4132 in
866 4075 925 4132 hac
947 4079 1036 4148 parte
1058 4073 1207 4132 attributa
1230 4071 1392 4131 mediante.
1408 4070 1502 4130 Secus

233 4179 294 4237 sub
322 4181 452 4238 obtentu
481 4182 584 4253 gracie
613 4186 717 4239 nostre
746 4195 808 4240 non
839 4179 959 4239 facturi.
991 4180 1189 4239 Presentibus
1212 4178 1366 4254 perlectis,
1390 4177 1496 4250 sigillo

233 4290 340 4344 nostro
363 4287 484 4344 anulari
515 4286 710 4360 consignatis,
734 4287 893 4345 exhibenti
915 4286 1073 4344 restitutis.
1101 4285 1219 4342 Datum
1240 4283 1325 4342 Bude
1355 4285 1388 4342 in
1418 4282 1498 4341 festo

233 4391 317 4450 beati
350 4391 491 4451 Barnahe
525 4393 667 4467 apostoli.
710 4394 801 4452 Anno
835 4392 955 4450 domini
988 4391 1158 4450 millesimo
1193 4389 1498 4464 quadringentesimo

231 4481 461 4573 septuagesimo
484 4499 600 4572 quinto.
616 4499 796 4572 Regnorum
818 4503 997 4556 nostrornm
1020 4512 1101 4556 anno
1123 4497 1287 4570 Hungarie
1309 4504 1357 4556 etc
1379 4495 1501 4554 decimo

231 4609 351 4678 octavo,
374 4603 522 4664 Bohemie
545 4619 621 4666 vero
644 4607 787 4680 septimo.

335 4757 470 4824 Originale
488 4760 516 4809 in
534 4759 631 4814 charta.
648 4760 681 4808 In
699 4758 814 4824 margine
833 4757 949 4810 inferiori
969 4759 1142 4826 imppressum
1160 4763 1200 4808 est
1218 4755 1342 4822 sigillum.
1372 4757 1406 4805 In
1429 4755 1498 4808 arch.

227 4845 287 4899 incl.
307 4847 393 4902 Aean
413 4847 483 4899 Sciet
501 4848 600 4905 Slsvor.
619 4847 709 4901 merid.
