3948 5804
728 583 800 640 Doc.
819 596 874 659 32.
894 613 934 626 -
957 582 1015 641 An.
1039 595 1128 659 1422.
1516 594 1554 655 35

293 801 435 875 ipsorum
460 799 643 860 crudelitate
666 804 697 857 et
718 814 868 857 manuum
891 813 1019 856 suarum
1041 798 1251 855 violentarum
1274 811 1310 854 ac
1336 797 1559 871 sacrilegarum

293 908 462 968 inieccione
485 906 672 966 vulneribus
695 907 864 964 affecerunt
887 910 917 963 et
939 909 1107 978 postremo,
1133 901 1228 960 modo
1261 903 1365 974 simili,
1397 903 1428 960 in
1458 903 1560 976 ipsam

293 1014 530 1088 zagrabiensem
552 1011 714 1070 ecclesiam
738 1025 886 1086 sponsam
900 1015 1047 1082 nostram,
1064 1015 1197 1068 matrem
1214 1010 1364 1082 ipsorum,
1380 1008 1559 1068 huiusmodi

292 1120 464 1193 sepissimis
488 1118 608 1177 iniuriis
631 1119 773 1192 ipsorum
796 1131 831 1174 ac
854 1115 1031 1190 inpulsibus
1054 1114 1221 1173 hostilibus
1252 1115 1427 1174 lascesitam
1451 1114 1558 1174 medu-

292 1225 367 1284 litus
392 1230 422 1284 et
445 1229 492 1284 tot
515 1225 694 1283 enormibus
718 1223 862 1281 collisam
878 1221 1013 1298 jacturis,
1030 1227 1064 1280 ut
1080 1223 1184 1280 hostes
1200 1222 1265 1279 eius
1282 1221 1449 1280 efficaciter
1464 1221 1559 1291 modo

294 1330 376 1403 facti,
401 1331 479 1389 alias
502 1331 566 1388 cari
588 1331 687 1404 ipsius
711 1345 747 1387 ac
769 1329 862 1388 vicini
886 1333 917 1388 et
939 1329 994 1402 qui
1016 1329 1114 1403 ipsius
1138 1332 1290 1386 suxerunt
1311 1329 1409 1386 ubera
1439 1328 1480 1385 ab
1503 1327 1559 1385 illa

293 1437 398 1510 sepius
421 1437 511 1494 lactis
534 1434 642 1496 refecti
666 1433 839 1506 dulcedine,
865 1435 981 1508 quique
1015 1433 1172 1498 fecundati
1202 1449 1259 1508 per
1289 1434 1391 1507 ipsam
1422 1434 1559 1506 amplius

293 1542 460 1616 grandium
484 1542 626 1599 ubertate
650 1541 804 1598 bonorum
827 1555 896 1598 eam
929 1539 1145 1598 amaritudinis
1177 1541 1306 1597 calicem
1338 1540 1436 1613 procli
1469 1538 1560 1598 dolor

294 1648 453 1722 degustari
487 1646 713 1722 compellendo,
748 1646 895 1720 pluribus
928 1645 1047 1718 sagittis
1082 1645 1202 1702 emissis
1233 1649 1263 1702 et
1285 1644 1440 1702 hostiliter
1463 1645 1505 1701 ob
1528 1649 1559 1702 et

294 1753 496 1830 inpugnando
518 1753 695 1812 subintrare
719 1757 750 1810 et
773 1753 893 1810 curiam
925 1756 1065 1810 nostram
1088 1751 1300 1824 episcopalem
1323 1749 1445 1808 fortiter
1467 1751 1554 1824 inpe-

292 1866 357 1918 tere
390 1861 492 1919 conati
526 1865 597 1918 sunt
630 1865 722 1934 atque
758 1860 833 1931 ausi,
857 1864 888 1916 et
909 1857 1039 1916 eandem
1074 1858 1181 1930 utique
1204 1857 1408 1915 subintrando
1433 1856 1552 1914 confre-

293 1967 409 2040 gissent
432 1973 462 2024 et
484 1965 677 2041 spoliassent,
701 1966 727 2023 si
748 1970 824 2023 nutu
848 1964 954 2023 divino
978 1969 1008 2022 et
1031 1963 1176 2036 sufragiis
1207 1967 1394 2035 sanctorum,
1416 1977 1558 2037 quorum

293 2073 371 2131 inibi
393 2087 480 2130 sacre
501 2073 701 2146 requiescunt
720 2071 860 2145 reliquie,
884 2085 993 2130 eorum
1016 2085 1109 2128 ausus
1132 2069 1276 2141 sacrilegi
1300 2073 1332 2126 et
1354 2073 1481 2128 conatus
1512 2070 1557 2128 iu·

292 2183 426 2252 portuno
449 2185 480 2238 et
503 2183 679 2253 opportune
701 2192 763 2236 non
786 2176 916 2235 fuissent
938 2177 1033 2236 cicius
1064 2177 1241 2250 propulsati
1249 2195 1257 2246 ;
1284 2175 1472 2250 tandemque
1496 2177 1556 2251 ipsi

293 2285 336 2343 sic
358 2285 478 2361 repulsi
499 2289 530 2342 et
552 2285 584 2343 in
607 2285 746 2358 maligno
769 2283 911 2357 ipsorum
934 2284 1097 2358 proposito
1119 2282 1251 2356 inpediti
1272 2288 1303 2341 et
1326 2284 1414 2341 eiecti
1437 2284 1552 2341 instan-

292 2391 411 2450 tissime
434 2390 473 2448 ad
497 2391 626 2466 pulsum
648 2390 793 2449 similiter
808 2404 960 2463 campane
973 2390 1115 2464 ipsorum
1131 2387 1270 2464 predicte
1285 2388 1559 2462 validissimosque

296 2497 457 2569 clamores,
492 2497 631 2568 latratus,
665 2501 701 2554 ut
734 2511 832 2568 canes,
866 2495 1050 2570 vispiliones
1073 2495 1197 2566 ebriosi,
1229 2494 1355 2568 publice
1377 2493 1558 2552 huiusmodi

298 2602 397 2661 verba
419 2602 608 2676 clamantest
630 2603 777 2661 audacter
799 2606 829 2660 et
853 2602 915 2660 cito
938 2601 1080 2660 festinate
1102 2601 1133 2658 in
1157 2599 1347 2673 presbiteros
1373 2599 1556 2657 maledictos

295 2714 326 2768 et
348 2709 485 2781 clericos,
501 2708 633 2783 predam
649 2708 758 2782 tollite,
775 2709 885 2783 capite,
905 2707 1079 2776 vulnerate,
1096 2705 1266 2777 interficite,
1290 2705 1431 2776 detinete,
1446 2705 1556 2776 libros,

296 2813 407 2874 calices
431 2821 461 2873 et
483 2819 665 2890 paramenta
689 2815 818 2872 ecclesie
840 2813 938 2872 sancti
961 2811 1109 2886 Stephani
1132 2817 1162 2868 et
1185 2811 1403 2870 canonicorum
1419 2809 1559 2868 eiusdem

299 2921 398 2996 rapite
432 2936 468 2978 ac
502 2921 603 2979 tollite
638 2925 668 2978 et
699 2921 864 2977 vobiscum
898 2924 1092 2993 ausportate;
1114 2917 1291 2975 dividamus
1312 2917 1422 2990 spolia,
1449 2931 1558 2976 eorum

294 3027 388 3086 rebus
411 3031 533 3085 nostras
555 3026 628 3084 edes
651 3026 849 3100 impleamus,
874 3025 988 3098 quibus
1004 3029 1038 3082 ut
1054 3023 1132 3082 alias
1155 3025 1294 3081 animum
1311 3024 1461 3098 principis
1477 3029 1558 3084 terre

293 3149 329 3191 ac
351 3134 450 3192 nostri
473 3132 603 3191 dominii
625 3132 804 3206 simplicem
827 3137 857 3189 et
881 3132 1036 3190 insontem
1059 3133 1174 3188 iterum
1196 3145 1277 3188 nunc
1308 3129 1468 3203 placemus
1491 3145 1559 3188 san·

290 3240 384 3312 guine
407 3239 607 3297 innocentum
627 3243 659 3296 et
680 3239 854 3297 occisorum
877 3238 998 3312 plateas
1020 3252 1091 3294 suas
1115 3242 1145 3294 et
1168 3251 1277 3294 eorum
1294 3235 1505 3310 purpurando,
1529 3240 1560 3292 et

294 3344 402 3420 plures
436 3361 475 3403 ex
510 3344 628 3403 eisdem
661 3344 858 3404 verberando
890 3345 1002 3402 acriter
1034 3349 1065 3401 et
1095 3343 1267 3402 detinendo.
1291 3343 1452 3416 Multaque
1475 3341 1559 3400 mala

289 3450 427 3510 inaudita
450 3466 558 3524 ymmo
581 3452 706 3526 piarum
729 3451 854 3510 aurium
877 3451 1030 3508 offensiva
1064 3449 1289 3508 committendo
1320 3453 1351 3506 et
1381 3449 1556 3523 plurimum

290 3555 481 3630 scandalosa,
504 3572 566 3632 que
588 3563 745 3632 nequeunt
768 3556 859 3615 facile
881 3573 936 3614 nec
960 3557 1080 3630 possint
1103 3556 1142 3614 ad
1166 3557 1296 3630 plenum
1326 3556 1367 3612 ob
1391 3556 1439 3612 sui
1462 3555 1558 3630 proli·

291 3663 420 3722 ritatem
455 3664 548 3724 brevi
576 3664 649 3724 stilo
673 3664 803 3735 exarari,
833 3679 867 3720 se
890 3664 980 3720 novis
1003 3663 1166 3722 sentenciis
1189 3664 1304 3720 iterum
1325 3676 1486 3720 sacrorum
1508 3676 1558 3720 ca·

293 3783 412 3827 nonum
435 3769 467 3827 in
490 3769 568 3827 tales
591 3770 708 3843 scripto
730 3767 798 3846 jure
822 3769 1031 3842 promulgatis
1065 3769 1256 3842 inplicantes.
1290 3767 1491 3841 Quapropter
1521 3767 1559 3825 de

291 3875 360 3948 ipso
383 3874 598 3934 amaritudinis
619 3875 715 3933 calice
739 3891 801 3934 non
823 3875 935 3933 merito
960 3875 1110 3946 bibentes,
1138 3889 1201 3948 quo
1223 3875 1290 3948 ipse
1310 3873 1479 3946 sacrilegus
1503 3887 1557 3946 po·

291 3980 386 4055 pulus
408 3981 505 4039 nostri
528 3981 560 4038 in
583 3981 727 4038 absencia
750 3987 837 4038 tanta
860 3980 979 4040 infinita
1003 3981 1086 4038 mala
1104 3980 1304 4054 perpetravit,
1322 3984 1357 4036 ut
1372 3979 1449 4036 dum
1467 3971 1557 4038 nobis

291 4085 330 4144 de
352 4087 446 4160 regiis
469 4086 608 4144 serviciis
631 4086 841 4158 redeuntibus,
865 4087 910 4145 ibi
934 4087 1006 4160 plus
1031 4085 1234 4144 desolacionis
1256 4083 1435 4142 audivimus
1451 4090 1481 4142 et
1496 4084 1558 4150 fide

292 4193 416 4251 oculata
439 4191 576 4251 vidimus
599 4194 656 4252 ubi
678 4193 751 4268 plus
774 4193 1117 4266 solacii'sperabamus;
1141 4197 1171 4250 et
1203 4190 1279 4248 dum
1311 4191 1469 4248 christiani
1504 4205 1557 4249 no·

291 4299 383 4357 minis
406 4300 562 4358 vocabulo
586 4301 756 4373 insignitos
780 4299 879 4356 sicin
902 4295 1094 4372 'profundum
1125 4297 1283 4354 malorum
1314 4295 1459 4354 festinare
1488 4311 1560 4354 con-

291 4403 450 4476 spicimus,
475 4417 555 4477 quos
576 4419 633 4462 nos
663 4404 787 4463 Christo
818 4403 1000 4461 lucrifacere
1030 4403 1244 4477 sperabamus.
1274 4401 1556 4476 Adtendentesque,

291 4507 376 4581 quod
399 4510 431 4568 in
454 4510 571 4570 talibus
593 4527 649 4569 nec
673 4509 776 4568 ordini
799 4526 855 4567 nec
878 4508 983 4566 officio
1007 4509 1155 4582 parcitur,
1190 4525 1246 4566 nec
1281 4497 1354 4566 etati'
1389 4513 1442 4566 aut
1476 4515 1559 4567 certe

290 4613 435 4686 dignitati
458 4614 605 4687 defertur,
629 4616 685 4673 ubi
708 4631 766 4690 per
788 4615 971 4673 facilitatem
994 4613 1083 4670 venie
1104 4619 1188 4670 tanta
1203 4605 1333 4670 nocendi
1350 4588 1503 4686 potestate
1519 4612 1559 4669 ad

294 4720 417 4794 iniquos
440 4720 603 4794 transfusa,
638 4737 732 4796 super
765 4725 882 4778 sortem
915 4717 1070 4795 justorum
1104 4719 1220 4792 inpune
1254 4720 1345 4791 virga
1379 4717 1559 4776 extenditur

291 4831 500 4899 peccatorum,
523 4843 639 4886 nervus
660 4827 824 4901 discipline
847 4827 1057 4900 obrumpitur,
1092 4825 1285 4882 rectitudinis
1319 4822 1471 4898 judicium
1505 4840 1560 4897 pe·

291 4933 373 4990 nitus
396 4932 556 5006 religatur,
580 4931 701 5009 justicie
722 4938 827 5007 partes
849 4933 987 4991 totaliter
1009 4932 1255 5007 proscribuntur,
1286 4923 1456 5002 negligitur
1489 4930 1559 5004 pius

292 5043 389 5112 pater,
412 5039 466 5112 qui
489 5039 623 5112 tollerat,
647 5054 755 5113 ymmo
778 5041 804 5098 si
827 5040 920 5098 nimis
942 5044 1092 5113 expectat,
1115 5037 1345 5110 contempnitur
1374 5034 1476 5112 justus
1505 5035 1560 5092 do-

1455 5139 1472 5177 *
