3804 5858
372 491 432 554 472
783 475 856 530 Dor.
873 484 947 549 352.
974 506 1013 516 —
1038 474 1095 530 An.
1121 468 1214 550 1489.

371 695 401 748 et
435 689 685 747 differenciarum
718 690 896 748 huiusmodi
927 692 1143 766 complanacio
1178 691 1258 748 facta
1292 688 1406 748 fuisset.
1450 687 1550 762 Super
1575 703 1641 760 qua

371 795 576 870 disposicione
598 801 680 852 certe
702 795 805 853 littere
828 803 858 853 et
874 797 1020 854 litteralia
1037 797 1240 856 instrumenta
1256 795 1470 854 efficacissima
1494 799 1641 854 emanata

372 902 551 972 extitissent,
583 917 716 974 quarum
751 903 880 976 paribus
916 905 982 976 ipse
1012 905 1188 978 prepositus
1219 909 1249 960 et
1280 901 1443 960 canonicus
1466 900 1641 958 antedictus

372 1009 521 1082 precipue
545 1022 602 1081 pro
625 1007 778 1065 abolenda
803 1009 937 1081 quadam
962 1009 1089 1068 infamia
1106 1009 1220 1068 nedum
1237 1008 1366 1083 propria
1382 1007 1436 1065 sed
1450 1013 1480 1064 et
1495 1008 1639 1081 ipsorum

372 1114 488 1172 civium
512 1115 661 1184 omnium,
685 1113 886 1187 filiorumque
909 1115 1090 1173 eorumdem
1115 1123 1348 1190 procreatorum
1373 1119 1403 1171 et
1434 1114 1464 1170 in
1496 1111 1639 1169 futurum

372 1219 636 1294 procreandorum
660 1224 690 1276 et
713 1219 874 1277 formanda
899 1222 959 1278 sibi
983 1223 1180 1292 consciencia,
1202 1222 1256 1295 qui
1278 1223 1357 1279 inter
1380 1221 1465 1294 ipsos
1481 1220 1573 1288 cives,
1591 1219 1638 1276 in-

373 1326 457 1383 colas
480 1323 560 1382 dicte
583 1325 716 1382 civitatis
739 1327 853 1382 montis
877 1325 1039 1385 Grecensls
1062 1335 1152 1386 natus
1182 1334 1212 1386 et
1241 1333 1421 1400 procreatus
1452 1325 1562 1394 existit,
1596 1323 1639 1380 ad

371 1447 498 1506 presens
520 1431 693 1506 plurimum
719 1430 820 1490 forent
842 1435 1020 1491 necessaria.
1044 1433 1259 1506 Quamobrem
1284 1434 1394 1490 vestris
1410 1431 1640 1489 dileccionibus

372 1539 553 1596 auctoritate
575 1537 743 1620 legacionis
766 1543 878 1608 nostre,
902 1547 1006 1596 tenore
1030 1541 1225 1612 presencium
1247 1542 1279 1598 in
1303 1540 1417 1602 virtute
1433 1543 1536 1596 sancte
1560 1537 1640 1595 obe-

373 1642 490 1701 diencie
513 1647 543 1700 et
565 1644 624 1699 sub
648 1659 727 1716 pena
750 1645 1080 1704 excommunicacionis
1111 1647 1224 1704 harum
1250 1647 1329 1704 serie
1360 1644 1584 1702 committimus
1607 1651 1642 1702 et

372 1747 566 1820 mandamus,
590 1755 740 1823 quatenus
762 1749 866 1807 statim
897 1750 1011 1810 habitis
1037 1753 1233 1826 presentibus
1263 1767 1299 1810 ac
1329 1751 1406 1808 dum
1437 1755 1467 1808 et
1499 1749 1639 1824 quando,

373 1870 445 1912 curn
468 1855 661 1928 presentibus
681 1853 802 1912 fueritis
825 1857 973 1927 requisiti,
998 1858 1231 1930 pronominatos
1254 1859 1345 1930 cives,
1368 1857 1493 1928 incolas,
1509 1855 1633 1914 inhabi-

372 1951 486 2017 tatores
508 1975 544 2018 ac
568 1965 664 2017 totam
688 1961 942 2020 communitatem
966 1963 1046 2021 dicte
1069 1964 1202 2022 civitatis
1225 1965 1338 2022 montis
1370 1961 1532 2021 Grecensis
1565 1977 1639 2034 per·

373 2066 521 2124 sonaliter
543 2065 704 2136 accedatis,
729 2065 907 2140 eisdemque
930 2069 961 2126 in
985 2049 1123 2142 persona
1138 2075 1242 2127 nostra
1265 2070 1324 2128 sub
1354 2068 1509 2128 interdicti
1539 2067 1638 2125 eccle·

372 2171 486 2230 siastici
507 2187 564 2230 nec
585 2187 647 2230 non
669 2173 877 2246 suspensionis
899 2189 917 2231 a
941 2174 1064 2245 divinis,
1096 2177 1192 2250 penis,
1224 2176 1256 2234 in
1279 2191 1356 2249 quas
1380 2190 1473 2248 penas
1495 2175 1581 2248 ipsos
1606 2181 1637 2230 et

373 2277 545 2362 quemlibet
568 2279 707 2352 ipsorum
731 2279 868 2352 singulas
891 2297 1046 2354 personas,
1070 2283 1325 2340 communitatem
1357 2295 1431 2338 vero
1462 2279 1638 2354 predictam

373 2382 441 2458 ipso
464 2382 545 2441 sacto
568 2385 725 2459 incurrere
748 2384 903 2458 volumus,
926 2387 985 2445 nisi
1008 2387 1145 2461 fecerint,
1170 2403 1230 2461 que
1244 2388 1321 2462 ipsis
1338 2386 1530 2460 presentibus
1547 2399 1637 2442 man-

374 2487 494 2560 damus,
517 2505 555 2547 ex
577 2505 658 2548 nunc
680 2496 773 2563 prout
797 2508 834 2550 ex
856 2497 937 2564 tunc,
961 2501 991 2550 et
1014 2501 1140 2552 extunc
1163 2499 1257 2566 prout
1279 2510 1317 2552 ex
1339 2509 1428 2564 nunc,
1450 2491 1530 2549 dicta
1546 2505 1639 2548 cano·

372 2595 442 2652 nica
464 2595 637 2654 monicione
660 2597 821 2670 premissa,
846 2598 974 2657 ferimus
998 2601 1030 2658 in
1052 2601 1112 2658 hiis
1143 2600 1266 2673 scriptis
1296 2615 1332 2657 ac
1362 2599 1459 2656 eciam
1491 2597 1635 2672 promul-

373 2715 491 2774 gamus,
515 2707 549 2758 ut
571 2701 632 2775 ipsi
655 2703 734 2760 intra
749 2719 803 2760 sex
819 2703 938 2762 dierum
955 2705 1094 2779 spacium
1114 2721 1131 2762 a
1148 2704 1197 2762 die
1213 2704 1415 2763 exhibicionis
1432 2703 1638 2777 presencium,

373 2807 449 2881 ipsis
478 2806 589 2866 fiendis
619 2814 844 2883 computamus,
875 2811 905 2868 in
937 2813 1077 2885 ipsorum
1107 2812 1236 2882 scriniis,
1260 2809 1506 2880 conservatoriis,
1530 2808 1636 2880 cystis,

373 2915 565 2987 prothocolis
588 2930 624 2973 ac
646 2915 729 2974 libro
753 2917 887 2976 civitatis
910 2917 1047 2992 prefatas
1070 2919 1188 2977 litteras
1211 2924 1241 2976 et
1262 2917 1414 2976 litteraria
1430 2916 1637 2974 instrumenta

373 3031 468 3093 super
489 3021 668 3080 huiusmodi
692 3022 896 3097 disposicione
919 3041 990 3083 cum
1021 3026 1168 3100 predictis
1197 3024 1331 3082 dominis
1362 3022 1498 3096 capitulo
1530 3034 1637 3092 ragra-

372 3125 472 3185 biensi
494 3125 589 3186 factas
613 3127 777 3200 diligenter
799 3133 989 3204 perquirant,
1012 3133 1197 3204 inventaque
1219 3136 1249 3188 et
1278 3135 1400 3206 reperta
1432 3129 1496 3186 sine
1527 3127 1636 3200 aliqua

373 3230 579 3292 diminucione
611 3235 698 3307 paria
722 3236 861 3309 ipsarum
889 3237 1009 3311 pretato
1041 3239 1190 3310 magistro
1220 3235 1378 3310 Stephano
1411 3234 1568 3309 preposito
1604 3237 1637 3290 et

373 3338 519 3396 canonico
542 3339 662 3413 prefate
684 3342 811 3400 ecclesie
834 3349 888 3401 aut
909 3359 964 3401 suo
988 3345 1142 3417 legittimo
1166 3343 1361 3418 procuratori
1383 3343 1441 3401 sub
1462 3340 1589 3415 publica
1604 3345 1637 3396 et

373 3444 547 3502 authentica
578 3461 671 3504 manu
702 3449 735 3506 in
765 3455 960 3525 transumpto
991 3451 1167 3509 litterarum
1197 3465 1325 3509 suarum
1349 3448 1423 3507 dare
1446 3448 1580 3505 debeant
1604 3451 1637 3503 et

373 3553 540 3609 teneantur.
575 3551 811 3614 committentes
845 3557 1066 3616 nichilominus
1098 3559 1214 3617 eisdem
1245 3559 1367 3616 civibus
1397 3556 1478 3614 dicte
1500 3553 1635 3612 civitatis

372 3657 487 3715 montis
510 3657 673 3719 Grecensis
696 3663 784 3736 penis
807 3664 866 3721 sub
890 3665 1049 3738 premissis
1071 3681 1109 3724 ne
1133 3667 1165 3724 in
1187 3666 1244 3724 hac
1268 3669 1356 3738 parte
1379 3662 1465 3720 fraus
1488 3666 1518 3718 et
1542 3659 1635 3718 dolus

372 3761 492 3820 eveniat
515 3764 666 3838 aliqualis.
690 3768 727 3826 Et
749 3775 820 3841 post
842 3771 899 3828 hec
920 3771 1099 3831 huiusmodi
1121 3779 1222 3831 vestre
1245 3770 1437 3830 execucionis
1460 3767 1571 3826 seriem
1596 3781 1633 3823 ac

372 3867 515 3942 quitquid
538 3871 570 3928 in
592 3875 751 3946 premissis
776 3874 917 3949 feceritis,
940 3879 1031 3937 nobis
1053 3871 1109 3936 suo
1134 3878 1228 3936 modo
1250 3877 1387 3936 fideliter
1418 3881 1448 3932 et
1478 3873 1632 3932 conscien-

371 3973 453 4032 ciose
475 3979 659 4052 rescribatis,
682 3991 839 4055 presentes
861 3984 892 4042 iu
916 3986 1019 4059 specie
1040 3986 1235 4043 remittentes.
1259 3985 1376 4041 Datum
1400 3981 1483 4040 Bude
1513 3980 1562 4038 die
1586 3979 1633 4036 vi·

371 4081 488 4152 gesima
510 4091 619 4142 octava
642 4087 756 4146 mensis
785 4091 979 4162 septembris.
1014 4093 1103 4149 Anno
1140 4090 1258 4148 domini
1288 4088 1458 4146 millesimo
1488 4085 1633 4160 quadrin-

370 4187 540 4259 gentesimo
564 4195 773 4266 octuagesimo
796 4212 883 4256 nono.

476 4424 609 4489 Originale
628 4426 655 4476 in
674 4425 762 4474 charta
787 4426 819 4473 Iu
838 4423 952 4473 archivio
971 4440 1028 4476 ven.
1048 4424 1132 4488 Capit.
1152 4423 1214 4474 eccl.
1234 4424 1415 4488 aagrabiensis.
1430 4423 1483 4473 Act
1503 4439 1558 4490 cap.
1578 4431 1630 4476 ant.

369 4518 431 4568 fasc.
454 4528 492 4575 10,
512 4530 549 4566 nr.
574 4527 612 4577 14.
