3804 5858
636 486 711 546 Doc.
730 480 808 560 366.
831 517 876 528 —
898 485 955 544 An.
979 499 1070 563 1492.
1418 492 1480 564 487

221 592 393 600 —.---..-—

213 701 346 760 condam
368 701 484 760 nobilis
508 701 629 758 Marcus
658 700 696 759 de
729 700 856 769 Chavva,
892 700 967 759 dum
998 700 1100 760 adhuc
1126 703 1157 760 in
1187 703 1331 762 humanis
1362 703 1479 778 fuisset,

214 809 291 866 duas
314 807 407 866 villas
441 823 520 878 suas,
555 806 700 864 videlicet
741 806 904 879 Korythno
936 809 967 866 in
1003 807 1184 866 dombrensi
1214 823 1251 866 ac
1281 809 1423 883 Nowairy
1446 814 1477 870 in

213 915 314 972 insula
339 914 484 985 lwanych
515 905 738 992 (comitatibus)
770 913 892 971 habitas
925 921 954 971 et
977 914 1150 986 existentes,
1175 929 1232 987 pro
1263 916 1362 974 salute
1378 917 1480 976 anime

214 1035 276 1090 sue,
299 1034 490 1092 suorumque
514 1018 758 1092 progenitorum,
783 1018 931 1077 fratribus
955 1019 1203 1078 predicatoribus
1226 1019 1377 1078 dictorum
1410 1037 1481 1080 con·

214 1131 365 1183 ventuum
391 1139 449 1198 pro
473 1125 686 1182 celebracione
709 1125 873 1183 missarum
898 1133 1120 1200 perpetuarum
1146 1125 1257 1184 futuris
1285 1126 1480 1201 temporibus

215 1246 271 1304 per
292 1231 377 1304 ipsos
401 1229 575 1288 fiendarum
599 1231 630 1288 in
654 1238 837 1304 perpetuam
862 1231 1065 1289 elemosinam
1088 1239 1118 1288 et
1142 1232 1365 1304 patrimonium
1383 1235 1479 1292 cruci-

214 1336 269 1394 fixi
292 1336 434 1394 donasset
457 1343 487 1394 et
510 1340 737 1409 perpetuasset;
775 1341 879 1394 tamen
909 1336 1098 1394 reverendus
1130 1336 1274 1396 dominus
1305 1337 1479 1411 Oswaldus,

216 1443 380 1516 episcopus
403 1442 619 1514 zagrabiensis,
643 1441 739 1499 dictas
771 1443 978 1515 possessiones
1008 1451 1114 1500 contra
1144 1441 1213 1518 jura
1242 1449 1272 1502 et
1302 1444 1478 1504 voluntates

217 1547 370 1605 dictorum
394 1546 526 1605 fratrum
551 1547 592 1604 ab
615 1548 701 1604 annis
724 1547 859 1606 sedecim
883 1549 1029 1606 anteactis
1051 1549 1104 1606 vel
1127 1549 1204 1606 citra
1227 1549 1288 1608 sibi
1310 1550 1371 1624 ipsi
1386 1564 1476 1608 occu·

215 1655 284 1728 pari
306 1653 436 1726 iecisset,
460 1660 686 1728 occupatusque
709 1655 806 1714 teneri
830 1656 950 1714 iecisset
972 1655 1069 1714 eciam
1101 1655 1139 1713 de
1163 1657 1297 1730 presenti
1320 1635 1352 1714 iu
1375 1657 1478 1730 prein-

214 1760 330 1818 dicium
353 1767 383 1818 et
406 1759 555 1819 damnum
578 1759 760 1818 eorumdem
783 1761 876 1818 valde
899 1776 1066 1833 magnum
1092 1777 1164 1819 cum
1186 1767 1291 1820 tamen
1314 1761 1398 1820 idem
1421 1762 1477 1821 do·

213 1867 317 1924 minus
347 1867 512 1940 episcopus
546 1882 618 1924 cum
649 1867 809 1925 nobilibus
844 1868 892 1926 sui
915 1867 1111 1942 episcopatus
1135 1867 1232 1927 dictas
1256 1867 1472 1942 possessiones,

213 1971 420 2030 mediantibus
451 1973 562 2030 litteris
592 1973 655 2031 suis
676 1970 916 2048 adjudicatoriis,
947 1973 1065 2032 eisdem
1099 1972 1248 2031 fratribus
1271 1973 1477 2033 adiudicasset

213 2084 243 2134 et
277 2082 499 2152 perpetuasset.
531 2078 621 2137 Unde
652 2078 734 2138 facta
763 2079 942 2138 huiusmodi
966 2080 1190 2153 protestacione
1215 2078 1356 2153 prefatus
1381 2079 1478 2139 frater

212 2185 366 2267 Johannes
383 2183 517 2242 doctoris
530 2181 593 2258 (sici
611 2186 642 2242 in
666 2199 721 2268 sua
741 2200 776 2242 ac
792 2189 1001 2244 conventuum
1017 2185 1230 2259 predictorum
1243 2186 1421 2244 nominibus
1445 2192 1476 2245 et

212 2279 352 2363 personis
376 2296 583 2348 memoratum
597 2291 758 2349 dominum
775 2291 955 2349 Oswaldum
969 2293 1159 2366 episcopum,
1173 2307 1307 2365 suosque
1336 2289 1477 2350 homines

213 2402 243 2454 et
266 2395 417 2454 officiales
431 2397 527 2470 ipsius
539 2397 671 2467 nomine,
696 2403 748 2454 aut
761 2398 840 2455 alios
857 2398 1014 2472 quoslibet
1026 2399 1066 2454 ab
1080 2397 1257 2455 huiusmodi
1275 2398 1377 2456 minus
1397 2396 1478 2474 justa

214 2503 421 2576 occupacione
443 2509 472 2560 et
496 2503 674 2560 detencione
696 2503 850 2562 dictarum
875 2505 1104 2578 possessionum
1127 2520 1160 2560 se
1191 2519 1286 2577 quam
1315 2505 1346 2562 in
1378 2503 1478 2563 domi·

211 2610 298 2666 nium
321 2607 489 2666 earundem
512 2609 740 2667 intromissione
762 2618 815 2667 aut
838 2610 1077 2682 statuiiaccione,
1101 2608 1318 2668 usufructuum
1355 2615 1385 2668 et
1401 2627 1478 2685 qua-

213 2715 364 2772 rumlibet
386 2715 555 2772 utilitatum
580 2714 749 2772 earundem
780 2717 983 2790 percepcione
1013 2732 1065 2774 seu
1107 2715 1380 2790 percipiiaccionc;
1409 2717 1479 2775 loca

213 2836 287 2879 vero
322 2821 506 2894 capitularia
542 2826 572 2878 et
603 2821 832 2900 conventualis
854 2823 894 2878 ab
926 2821 1143 2880 extradacione
1166 2830 1196 2878 et
1220 2821 1478 2881 emanarifacione

211 2927 387 2984 litterarum
410 2925 704 2984 introductoriarum
729 2933 759 2983 et
783 2927 1015 2984 statutoriarum
1040 2927 1277 3001 quomodolibet
1308 2927 1397 2986 iactis
1427 2929 1479 2986 vel

212 3032 322 3090 fiendis
356 3033 518 3107 prohibuit
551 3031 791 3090 contradicendo
826 3040 855 3090 et
890 3033 1077 3090 contradixit
1100 3032 1269 3090 inhibendo
1293 3034 1422 3108 publice
1446 3041 1476 3092 et

212 3137 373 3196 manifeste
396 3153 502 3196 coram
533 3138 634 3196 nobis.
666 3138 783 3196 Datum
815 3139 865 3196 die
897 3139 1052 3196 dominica
1083 3139 1226 3212 proxima
1257 3145 1329 3212 post
1361 3139 1476 3197 festum

212 3245 424 3319 concepcionis
447 3245 537 3302 beate
560 3246 656 3303 Marie
691 3245 827 3317 virginis¹
862 3248 949 3304 Auno
981 3245 1100 3303 domini
1131 3244 1300 3303 millesimo
1331 3245 1476 3319 quadrin-

210 3331 380 3423 gentesimo
403 3351 603 3419 nonagesimo
627 3350 773 3409 secundo.

317 3487 450 3550 Originale
469 3487 495 3535 in
514 3486 609 3537 charta.
629 3487 656 3534 A
676 3493 748 3549 tergo
767 3486 904 3549 vestigium
923 3485 1042 3550 impressi
1060 3484 1149 3548 sigilii.
1175 3487 1207 3534 In
1225 3485 1340 3535 archivio
1359 3485 1405 3538 lib.
1425 3501 1479 3550 reg,

211 3576 258 3626 civ.
279 3576 378 3638 zagrab.

799 3769 888 3835 366.

316 3876 396 3922 Anno
421 3886 494 3936 1492.
514 3873 661 3936 Zagrabiue.

217 4004 334 4073 Gallus,
359 4003 474 4060 institor
495 4009 523 4059 et
543 4003 613 4060 civis
636 4002 752 4075 zagrab.
778 4002 939 4072 Iohannem
969 4003 1126 4060 Corvinum
1149 4003 1246 4060 ducem
1270 4010 1347 4073 orat,
1362 4010 1396 4060 ut
1408 4004 1477 4060 civi-

210 4110 279 4166 tutis
301 4109 443 4182 deputatu
464 4107 586 4176 mandet,
610 4114 646 4165 ut
664 4107 698 4164 dc
720 4125 819 4177 causa,
848 4127 935 4182 quam
966 4126 1027 4165 cum
1057 4107 1227 4181 quibusdam
1259 4109 1369 4166 civibus
1400 4110 1473 4182 agt't,

698 4215 865 4270 servientium
881 4215 994 4288 ferant.

314 4358 526 4416 illustrissime
557 4358 702 4431 princeps
735 4365 765 4415 et
793 4357 925 4428 domine,
957 4358 1081 4416 domine
1104 4359 1339 4431 graciosissime.
1364 4357 1476 4416 Gallus

209 4465 330 4522 institor
354 4464 430 4522 civis
452 4464 544 4521 huius
567 4463 701 4521 civitatis
715 4469 816 4521 vestre
840 4464 953 4522 montis
976 4463 1138 4522 Grecensis
1155 4464 1263 4536 quales
1286 4469 1316 4520 et
1340 4469 1473 4538 quantas

208 4571 376 4642 molestias,
398 4569 627 4640 tribulaciones‚
650 4568 796 4627 infamias
820 4575 850 4628 et
881 4569 1072 4628 calamitates
1096 4585 1114 4627 a
1138 4569 1327 4644 quibusdam
1350 4569 1475 4627 duobus

208 4676 386 4734 concivibus
419 4676 490 4746 suis,
525 4675 669 4732 videlicet
694 4675 871 4734 Valenchek
902 4681 933 4734 et
955 4675 1075 4733 Lucam
1100 4671 1276 4748 Rybarych,
1311 4674 1412 4732 adhuc
1441 4675 1473 4732 in

208 4782 272 4840 vita
306 4781 404 4838 felicis
434 4781 662 4839 recordacionis
691 4782 843 4840 carissimi
874 4783 1023 4855 genitoris
1046 4789 1148 4840 vestre
1174 4781 1384 4840 illustrissime
1416 4780 1471 4839 do·

209 4888 389 4946 minacionis
413 4887 557 4945 videlicet
579 4888 767 4946 serenissimi
791 4888 908 4946 domini
932 4889 1038 4960 nostri,
1063 4888 1195 4947 condam
1220 4887 1339 4945 domini
1358 4887 1472 4945 Mathie

207 4993 366 5067 Hungarie
388 4993 469 5066 regis
491 4999 546 5051 etc.
569 4994 747 5068 susceperit,
770 4994 901 5068 longum
917 4999 996 5053 esset
1012 5009 1118 5053 coram
1141 4995 1177 5052 V.
1200 4992 1221 5052 I.
1245 4993 1282 5050 D.
1305 4993 1475 5069 explicare,
