3932 5806
610 581 613 588 ·
705 542 779 599 Doc.
803 509 871 598 eor.
897 573 938 584 -
961 541 1018 599 An.
1043 536 1134 618 1458.
1482 544 1542 617 263

279 759 424 830 senciam,
448 757 655 815 exhibuerunt
676 757 767 815 nobis
791 755 942 830 quasdam
965 756 1084 814 litteras
1108 756 1295 816 serenissimi
1311 754 1444 814 condam
1460 757 1544 830 prin·

279 864 357 938 cipis
380 869 410 921 et
434 863 562 934 domini,
586 861 705 921 domini
727 861 873 935 Ladislai,
897 861 948 920 dei
970 862 1074 936 gracia
1097 863 1265 936 Hungarie,
1288 861 1443 934 Bohemie,
1465 863 1540 920 Dal·

278 971 385 1038 macie,
409 969 537 1028 Croacie
561 973 616 1028 etc.
638 969 730 1042 regis,
754 968 940 1042 Austrieque
960 974 991 1026 et
1013 966 1106 1026 Stirie
1138 967 1234 1040 ducis,
1264 982 1382 1026 necnon
1413 968 1546 1027 marchi-

280 1076 347 1133 onis
371 1075 508 1133 Morauie
541 1079 595 1132 etc.
630 1073 749 1132 domini
771 1074 869 1132 nostri
894 1075 1054 1145 naturalis,
1078 1079 1218 1149 patenter
1241 1073 1403 1147 confectas,
1428 1075 1543 1133 tenoris

278 1181 474 1255 infrascripti,
499 1185 636 1254 petentes
658 1195 714 1237 nos
736 1194 793 1238 suo
817 1188 847 1238 et
867 1180 1053 1251 nominibus,
1088 1180 1201 1253 quibus
1235 1195 1339 1254 supra,
1371 1180 1544 1254 diligenter,

278 1296 312 1344 ut
335 1287 460 1344 easdem
483 1286 602 1344 litteras
626 1285 664 1343 de
687 1286 785 1344 verbo
808 1285 1006 1345 adverbum
1029 1287 1253 1361 transsumpmi
1275 1293 1305 1345 et
1328 1287 1493 1346 transcribi
1509 1303 1545 1346 ac

278 1393 390 1451 litteris
420 1393 532 1450 nostris
567 1391 711 1450 similiter
743 1392 920 1466 patentibus
954 1393 1047 1450 inseri
1070 1391 1225 1465 iacientes,
1248 1397 1386 1451 tenorem
1408 1399 1439 1452 et
1461 1400 1544 1452 tran·

280 1505 442 1572 sumptum
465 1497 646 1557 earumdem
668 1497 745 1570 ipsis
768 1503 798 1555 et
820 1498 899 1569 aliis,
923 1498 1037 1571 quibus
1060 1512 1164 1572 supra,
1188 1497 1263 1556 dare
1286 1497 1486 1570 dignaremur
1502 1499 1543 1558 ad

280 1605 441 1664 cautelam.
473 1604 614 1678 Quarum
649 1607 738 1662 tenor
769 1603 841 1662 talis
875 1609 936 1663 est:
968 1596 1054 1682 (vide
1081 1604 1155 1662 Doc.
1191 1619 1261 1678 192.
1292 1618 1371 1662 anno
1398 1618 1489 1680 1457.
1517 1621 1542 1664 t.

278 1702 487 1784 septembris).
524 1710 587 1768 Nos
616 1709 721 1784 itaque
752 1711 912 1785 premissis
942 1707 1032 1786 justis
1063 1715 1094 1768 et
1124 1708 1185 1786 juri
1220 1711 1360 1768 consonis
1395 1712 1541 1784 precibus

278 1817 493 1891 predictorum
516 1817 685 1876 Clementis
708 1821 738 1875 et
769 1816 934 1875 Laurencii
956 1816 1048 1874 nobis
1071 1830 1127 1874 suo
1160 1821 1190 1873 et
1212 1816 1399 1889 nominibus,
1430 1818 1544 1891 quibus

278 1937 382 1996 supra,
405 1922 499 1980 modo
523 1922 687 1996 prehabito
717 1923 878 1996 porrectis,
908 1927 1083 1994 annuentes,
1113 1921 1267 1996 predictas
1297 1922 1417 1981 litteras
1448 1924 1546 1997 ipsius

278 2027 410 2086 condam
433 2027 552 2086 domini
573 2027 711 2085 Ladislai
732 2027 814 2100 regis
837 2026 876 2085 de
899 2028 997 2086 verbo
1027 2026 1067 2085 ad
1099 2027 1232 2085 verbum
1262 2027 1381 2101 absque
1412 2027 1545 2086 diminu-

278 2134 365 2192 cione
388 2139 418 2191 et
441 2141 607 2206 augmento
630 2133 761 2207 aliquali
783 2134 991 2208 transumpmi
1022 2139 1053 2192 et
1087 2133 1252 2192 transcribi
1282 2147 1318 2192 ac
1348 2135 1543 2208 presentibus

277 2241 389 2299 litteris
411 2241 524 2299 nostris
547 2231 750 2320 (patentibus)
774 2246 912 2298 tenorem
936 2243 966 2298 et
996 2243 1228 2313 transumptum
1259 2240 1441 2299 earumdem
1472 2257 1544 2316 pre·

277 2347 416 2405 sentibus
439 2347 628 2404 verbotenus
651 2347 825 2418 inserentes
849 2345 966 2404 eisdem
989 2345 1143 2404 Clementi
1165 2353 1195 2404 et
1218 2347 1388 2406 Laurencio
1411 2362 1447 2404 ac
1462 2347 1541 2420 aliis,

277 2454 391 2526 quibus
422 2467 526 2528 supra,
557 2452 704 2510 duximus
736 2451 972 2511 concedendum
1003 2451 1042 2511 ad
1065 2453 1227 2512 cautelam.
1260 2453 1380 2522 ¹Datum
1410 2453 1542 2512 sabbato

277 2561 423 2633 proximo
446 2563 517 2632 post
539 2558 654 2616 testum
678 2559 767 2617 beate
787 2557 953 2617 Scolastice
970 2559 1107 2632 virginis.
1131 2560 1221 2616 Anno
1237 2558 1355 2617 domini
1372 2559 1541 2618 millesimo

277 2664 582 2739 quadringentesimo
606 2665 863 2738 quinquagesimo
886 2669 1004 2722 octavo.

383 2799 515 2864 Originale
533 2801 561 2850 in
581 2800 675 2858 charta,
694 2800 771 2849 valde
789 2816 902 2853 exesum.
929 2804 952 2850 A
981 2808 1053 2864 tergo
1082 2801 1218 2865 vestigium
1244 2801 1363 2866 impressi
1391 2800 1479 2866 sigilli.
1510 2801 1543 2849 In

276 2887 391 2938 archivio
409 2889 455 2942 lib.
475 2905 527 2952 reg.
547 2889 616 2940 civit.
635 2888 817 2952 zagrabiensis.

869 3117 953 3184 201.

381 3260 461 3309 Anno
482 3259 557 3324 1458,
578 3259 601 3311 8.
621 3259 713 3311 martii.
733 3259 831 3310 Budas.

274 3367 418 3440 Mathias,
440 3368 622 3447 Hungan'ae
651 3374 702 3430 etc.
735 3385 797 3439 rex,
824 3368 963 3426 Thomam
988 3369 1082 3440 chel,
1113 3370 1257 3428 Auranae
1273 3371 1413 3444 pn'orem,
1435 3389 1464 3430 se
1488 3370 1539 3429 ad-

474 3475 682 3532 ministrationi
703 3477 911 3534 communitatis
934 3477 1060 3534 civitatts
1082 3475 1236 3534 immiscere
1260 3483 1344 3534 octat.

380 3619 511 3678 Mathias
535 3619 584 3678 dei
606 3621 710 3697 gracia
733 3637 788 3678 rex
811 3621 977 3694 Hungarie,
1001 3620 1170 3689 Dalmacie‚
1195 3619 1321 3678 Croacie
1351 3627 1405 3681 etc.
1438 3620 1540 3682 Fideli

160 3739 164 3752 ·
273 3731 380 3785 nostro
410 3727 582 3784 venerabili
606 3732 635 3784 et
666 3726 832 3800 magnifico
863 3727 984 3786 Thome
1013 3703 1105 3785 Zelrei
1128 3727 1167 3784 de
1189 3725 1417 3800 Zenthgyurgh,
1441 3729 1540 3802 priori

273 3835 406 3906 Aurane,
430 3833 563 3891 salutem
586 3839 615 3891 et
638 3833 784 3906 graciam.
808 3833 1021 3892 Intelleximus
1038 3832 1295 3892 certitudinaliter
1318 3847 1374 3891 vos
1390 3833 1538 3893 fidelibus

272 3940 385 3998 nostris
399 3937 501 4014 judici,
524 3937 696 4015 juratisque
719 3939 840 3997 civibus
862 3939 995 3998 civitatis
1019 3945 1123 3998 nostre
1154 3938 1367 4012 Zagrabiensis
1389 3940 1534 4015 pluribus

273 4044 337 4121 jam
362 4045 484 4103 vicibus
506 4045 661 4116 invitasse,
685 4051 719 4102 ut
742 4045 858 4103 dictam
881 4046 1040 4104 civitatem
1061 4049 1202 4104 nostram
1225 4045 1265 4103 ad
1289 4061 1398 4104 manus
1418 4052 1537 4105 vestras

275 4150 396 4209 tradere
419 4157 449 4208 et
474 4123 630 4223 asiignare
654 4150 810 4224 deberent,
835 4153 908 4224 quia
929 4157 1032 4210 autem
1056 4166 1111 4210 nos
1135 4151 1226 4210 certis
1250 4158 1279 4210 et
1294 4152 1536 4211 racionabilibus

274 4273 312 4314 ex
343 4256 442 4314 causis
473 4257 668 4316 decrevimus
698 4265 728 4316 et
764 4257 909 4316 volumus
942 4259 1043 4332 ipsam
1075 4259 1232 4317 civitatem
1263 4264 1401 4316 nostram
1425 4258 1535 4332 Zagra-

274 4363 412 4420 biensem
430 4361 514 4436 apud
530 4379 640 4421 manus
656 4363 760 4422 fidelis
776 4365 874 4422 nostri
889 4365 1047 4437 magnifici
1061 4365 1120 4448 Jan
1144 4363 1325 4437 Bythowecz
1349 4363 1388 4422 de
1411 4362 1536 4422 Grebeu

273 4469 346 4526 bani
369 4469 456 4540 regni
480 4469 578 4527 nostri
600 4467 764 4529 Sclauonie
799 4485 967 4543 remanere,
1000 4470 1070 4528 ideo
1107 4469 1252 4528 fidelitati
1287 4475 1388 4528 vestre
1421 4470 1534 4527 harum

272 4575 350 4632 serie
372 4575 505 4632 firmiter
528 4576 733 4649 precipientes
757 4577 949 4648 mandamus,
974 4587 1124 4650 quatenus
1147 4577 1262 4636 habitis
1285 4577 1480 4651 presentibus
1495 4577 1536 4634 ad

273 4681 389 4738 dictam
412 4681 569 4738 civitatem
592 4689 730 4740 nostram
761 4681 998 4756 Zagrabiensem
1030 4683 1083 4741 sed
1118 4699 1174 4740 nec
1203 4682 1242 4740 ad
1273 4683 1361 4754 alias,
1393 4699 1453 4756 que
1477 4684 1536 4741 sub

272 4789 387 4844 banatu
411 4787 485 4844 dicti
516 4789 602 4860 regni
626 4790 722 4847 nostri
746 4788 907 4848 Sclauonie
938 4791 1079 4861 existunt,
1104 4805 1214 4847 manus
1245 4795 1363 4847 vestras
1393 4790 1534 4863 ingerere

272 4910 328 4951 nec
351 4894 555 4952 intromittere
578 4895 799 4969 quoquomodo
834 4896 1029 4970 presumatis,
1046 4895 1100 4954 sed
1124 4911 1158 4954 ea
1182 4895 1222 4954 ad
1246 4911 1307 4970 que
1329 4911 1402 4954 cum
1425 4895 1535 4954 eodem

271 5001 333 5084 Jan
355 5000 538 5074 Bythowecz
561 5016 621 5076 pro
643 5003 880 5076 recuperacione
903 5007 1074 5061 castrorum
1098 5007 1128 5060 et
1162 5001 1373 5060 dominiorum
1409 5001 1529 5076 predic-
