3804 5858
406 498 470 576 4⁶4
814 495 887 556 Duc.
905 504 979 573 347.
1007 527 1044 538 -
1068 489 1247 571 An.1488.

405 709 575 786 quemdam
588 709 726 768 iwanum
743 709 926 784 Drempych
941 709 1068 779 dictum,
1090 706 1288 782 iobagionern
1306 725 1406 780 suurn,
1423 710 1455 768 in
1478 710 1674 783 possessione

404 815 544 878 eiusdem
574 817 678 876 Obres
704 826 823 887 uocata,
850 815 891 874 ad
921 815 1038 874 dictum
1062 816 1252 874 tricesimum
1277 815 1448 874 secundum
1471 815 1554 875 diem
1576 831 1596 874 a
1617 815 1671 874 die

404 923 616 996 inquisicionis
645 923 796 998 premisse
824 921 1043 996 computando,
1066 929 1173 980 contra
1203 929 1365 980 annotatos
1387 929 1508 980 actores
1529 929 1670 980 nostram

404 1037 563 1086 evocasset
591 1029 623 1086 in
654 1027 849 1101 presenciam
879 1027 912 1086 in
934 1026 1040 1084 sedem
1070 1027 1242 1097 crisienem,
1265 1029 1423 1086 racionem
1446 1027 1485 1086 de
1507 1028 1672 1101 premissis

404 1133 599 1192 redditurum
628 1132 799 1204 efficacem,
830 1133 894 1191 litis
928 1132 1089 1206 pendente,
1120 1131 1147 1189 si
1176 1148 1239 1205 qua
1270 1131 1351 1190 soret
1380 1134 1459 1191 inter
1489 1133 1583 1206 ipsos,
1605 1147 1670 1190 non

405 1240 555 1312 obstante,
579 1240 823 1312 insinuassetque
847 1238 966 1296 ibidem
988 1238 1099 1310 eidem,
1123 1247 1157 1296 ut
1179 1239 1246 1296 sive
1278 1238 1347 1311 ipse
1370 1238 1508 1296 indicto
1539 1239 1674 1297 termino

405 1359 508 1404 coram
534 1345 626 1404 nobis
648 1350 843 1418 compareret
874 1345 939 1402 sive
960 1359 1031 1414 non,
1060 1358 1118 1400 nos
1140 1343 1179 1401 ad
1203 1344 1302 1416 partis
1322 1343 1534 1418 comparentis
1557 1345 1674 1404 instan-

405 1451 484 1510 ciam
507 1451 540 1509 id
563 1450 736 1509 faceremus
757 1451 790 1508 in
814 1449 982 1524 premissis,
1005 1447 1091 1522 quod
1107 1446 1170 1524 juri
1191 1449 1352 1508 ridebitur
1372 1449 1520 1523 expedire
1542 1451 1571 1508 A
1592 1463 1673 1523 quo·

408 1557 536 1630 quidem
560 1557 693 1615 termino
725 1556 891 1630 prescripti
912 1555 1057 1614 tricesimi
1089 1554 1216 1614 secundi
1236 1555 1301 1614 diei
1320 1571 1414 1614 causa
1437 1557 1578 1630 parcium
1602 1571 1674 1630 pre·

404 1661 519 1736 scripta
543 1668 647 1736 partes
676 1663 758 1721 inter
780 1662 906 1721 easdem
929 1663 1068 1720 seriebus
1091 1663 1266 1720 litterarum
1288 1671 1465 1722 nostrarum
1489 1668 1674 1736 prorogato·

403 1768 520 1826 riarum
543 1769 701 1840 ventilata,
724 1772 882 1843 presentes
905 1774 1029 1826 octavas
1045 1767 1116 1826 iesti
1133 1767 1381 1841 Epiphaniamm
1396 1767 1514 1826 domiui
1537 1767 1672 1826 dilative

404 1873 570 1947 attigisset,
593 1874 631 1932 ad
657 1889 734 1947 quas
769 1873 895 1932 tandem
928 1879 1054 1932 octavas
1086 1879 1250 1932 annotatus
1282 1873 1430 1956 Joaunes·
1446 1873 1598 1932 Horwath
1632 1872 1668 1930 in

403 1995 528 2039 causam
543 1985 691 2040 attractus
706 1995 763 2054 per
778 1978 935 2054 prefatum
954 1979 1151 2038 Valentinum
1170 1979 1261 2037 Patffi
1277 1979 1316 2038 de
1333 1979 1555 2050 Zenthmichal,
1576 1979 1672 2051 legit·

403 2087 515 2144 timum
532 2075 765 2160 procuratorem
780 2086 936 2146 dictorum
950 2091 1101 2159 actorum,
1116 2085 1147 2144 in
1163 2087 1303 2160 personis
1315 2086 1498 2144 eorumdem
1521 2085 1671 2160 congruis

404 2191 516 2250 diebus
537 2193 678 2266 ipsarum
710 2198 892 2250 octavarum
921 2206 1028 2250 coram
1058 2192 1149 2250 nobis
1183 2199 1362 2266 expectatus
1383 2201 1521 2252 nostram
1543 2193 1575 2252 in
1598 2205 1672 2265 pre-

403 2297 539 2356 senciam
571 2313 634 2356 non
668 2299 752 2358 venit
785 2313 885 2371 neque
919 2289 1027 2376 (misit,
1060 2296 1114 2356 sed
1149 2291 1194 2374 se)
1228 2298 1437 2358 mediantibus
1460 2299 1530 2358 aliis
1553 2297 1671 2356 litteris

403 2405 516 2462 nostris
527 2401 726 2479 judicialibus
739 2404 828 2462 eride
839 2403 986 2465 coniectis
998 2403 1029 2462 in
1041 2401 1156 2479 judicio
1167 2405 1333 2477 aggravari
1346 2405 1495 2479 permisit,
1505 2403 1671 2478 postulans

405 2508 544 2584 prefatus
560 2516 743 2585 procurator
759 2509 914 2568 dictorum
924 2517 1067 2568 actorum
1082 2511 1114 2568 in
1128 2511 1269 2584 personis
1284 2511 1465 2570 eorumdem
1489 2510 1606 2570 eisdem
1629 2552 1637 2566 .
1662 2555 1670 2566 .

404 2659 596 2674 .......
627 2616 659 2674 in
672 2615 806 2674 'causam
829 2615 959 2686 attracti,
983 2631 1040 2689 per
1069 2631 1126 2674 nos
1155 2617 1187 2675 in
1210 2617 1370 2692 premissis
1392 2615 1469 2692 juris
1490 2618 1672 2692 eruitatem,

358 2765 362 2776 .
405 2720 588 2798 justicieque
610 2723 746 2796 rigorem
763 2723 941 2796 impertiri.
973 2723 1092 2781 Verum
1126 2725 1198 2797 quia
1229 2731 1370 2798 tempore
1405 2725 1437 2782 in
1460 2722 1600 2797 predicto
1635 2722 1669 2780 in

404 2828 544 2902 personis
567 2827 720 2886 dictorum
744 2826 877 2885 fratrum
892 2833 923 2885 et
946 2829 1044 2886 tocius
1074 2833 1242 2888 conventus
1274 2825 1361 2907 (dicti
1384 2828 1509 2898 ordinis,
1532 2820 1670 2905 racione)

404 2940 434 2992 et
457 2939 600 3008 pretextu
623 2933 813 3007 recepcionis
834 2939 865 2991 et
887 2935 1101 3008 usurpacionis
1117 2937 1334 2994 universorum
1350 2935 1556 3007 terragiorum
1580 2933 1671 2990 bladi

404 3045 434 3099 et
456 3039 604 3098 frumenti
626 3032 758 3118 (eisdem
781 3039 939 3097 actoribus
963 3038 1001 3096 de
1024 3033 1118 3117 terra)
1131 3041 1224 3098 tercie
1240 3041 1336 3114 partis
1359 3039 1440 3098 dicte
1463 3039 1667 3113 possessionis

404 3137 571 3221 Zthupnyk
603 3145 698 3204 modo
728 3145 881 3219 premisso
912 3138 1178 3223 protveniencium
1200 3193 1207 3204 .
1231 3191 1238 3204 .
1261 3191 1268 3205 .
1292 3192 1298 3206 .
1322 3139 1389 3224 per)
1421 3145 1586 3204 iamiatum
1615 3145 1670 3228 Jo-

403 3254 537 3312 hannem
561 3252 711 3310 Horwath
734 3250 870 3310 indebite
899 3257 930 3309 et
952 3253 1055 3310 minus
1085 3253 1169 3312 licite
1200 3259 1428 3326 perceptorum,
1452 3253 1668 3326 premisseque

405 3359 591 3432 potenciarie
613 3357 828 3430 occupacionis
850 3357 889 3414 de
912 3362 994 3416 terra
1017 3358 1110 3416 tercie
1126 3359 1222 3432 partis
1246 3357 1326 3416 dicte
1349 3359 1551 3432 possessionis
1574 3357 1663 3416 Zthu·

406 3463 491 3538 pnyk
513 3480 570 3537 per
593 3463 725 3521 eundem
750 3463 844 3520 modo
872 3465 1026 3537 premisso
1048 3463 1136 3536 facte,
1160 3479 1306 3538 processu
1328 3459 1371 3542 (in
1396 3457 1539 3542 persona)
1563 3474 1667 3522 nostra

405 3575 511 3628 contra
533 3575 563 3627 et
585 3569 735 3627 adversus
758 3569 862 3644 ipsum
877 3569 1051 3652 Johannem
1067 3571 1219 3629 Horwath
1241 3571 1291 3628 die
1313 3577 1346 3630 et
1369 3571 1439 3628 ioco
1463 3571 1492 3628 in
1518 3569 1666 3644 predictis

405 3677 496 3734 nobis
520 3681 664 3749 porrecto
688 3675 847 3748 extittisse,
870 3675 1016 3748 idemque
1038 3675 1193 3758 Johannes
1223 3677 1373 3735 Horwath
1399 3693 1455 3750 per
1478 3683 1668 3734 memoratus

404 3787 546 3840 nostrum
562 3789 592 3839 et
609 3787 748 3840 vestrum
763 3781 904 3840 homines
918 3783 1069 3856 premissa
1083 3781 1306 3842 informacione
1318 3783 1480 3841 subsecuta
1498 3783 1666 3841 terminum

406 3887 445 3944 ad
463 3886 619 3961 prefatum
644 3902 701 3961 pro
714 3886 849 3946 redendn
858 3889 981 3946 racione
994 3875 1218 3962 premissorum
1232 3875 1337 3947 contra
1350 3897 1379 3946 et
1392 3888 1541 3946 adversus
1557 3887 1669 3946 iratres

406 3992 561 4066 predictos
584 3999 722 4051 nostram
745 3994 777 4051 in
800 3994 993 4066 presenciam
1017 3994 1168 4067 legittime
1185 4000 1329 4053 evocatus
1345 4000 1375 4052 et
1393 4009 1484 4078 causa
1508 3995 1577 4068 ipsa
1597 4009 1671 4066 pre·

407 4099 532 4172 scripta,
555 4091 779 4172 prorogacione
802 4099 1031 4170 interveniente,
1063 4099 1103 4158 ad
1126 4076 1223 4158 dictas
1257 4077 1415 4174 presentes
1448 4108 1574 4182 octavas
1597 4097 1668 4158 festi

405 4204 650 4278 Epiphaniarum
682 4203 801 4261 domini
832 4203 964 4262 detenta
994 4205 1140 4276 extitisse,
1162 4213 1288 4264 octavas
1319 4204 1358 4262 ad
1382 4204 1505 4263 easdem
1529 4213 1666 4264 nostram

405 4309 491 4368 vetut
513 4307 625 4385 judicis
656 4310 706 4366 sui
739 4309 889 4367 ordinarii
911 4311 942 4368 in
974 4311 1166 4384 presenciam
1188 4311 1294 4370 venire
1317 4310 1369 4368 sei
1393 4310 1515 4369 mittere
1539 4311 1666 4368 minime

405 4421 549 4486 curasset,
574 4415 628 4474 sed
649 4431 682 4472 se
705 4416 737 4474 in
754 4431 808 4474 sue
824 4415 1050 4489 culpabilitatis
1066 4415 1214 4474 evindens
1229 4417 1377 4476 indicium
1401 4433 1419 4474 a
1442 4417 1518 4475 facie
1541 4415 1618 4492 juris
1634 4425 1665 4476 et

405 4519 523 4598 justicie
548 4523 668 4596 penitus
689 4522 891 4595 absentand0,
908 4523 1053 4580 oneribus
1068 4527 1279 4596 protectorum
1292 4521 1479 4597 judiciorum
1501 4523 1669 4595 aggravari

405 4627 584 4702 permisisse
605 4644 645 4686 ex
678 4629 837 4702 premissis
866 4627 1090 4686 adv'eniebatur
1114 4627 1304 4698 luculenter;
1321 4633 1449 4702 propter
1479 4627 1563 4701 quod
1597 4643 1667 4701 pre·

405 4734 521 4808 scripta
545 4736 639 4793 tercia
663 4750 734 4808 pars
768 4733 902 4792 antetate
932 4735 1134 4808 possessionis
1164 4733 1331 4820 zthupnyi
1360 4735 1391 4792 in
1415 4733 1496 4792 dicto
1517 4734 1667 4792 comitatu

405 4841 596 4912 aagrabiensi
611 4841 744 4899 existens
761 4849 791 4898 et
814 4841 919 4899 habita
933 4840 1029 4920 simui
1046 4856 1116 4898 curn
1132 4839 1278 4914 pretectis
1302 4840 1505 4914 proventibus
1528 4837 1666 4896 eiusdem

406 4945 534 5018 prefatis
556 4945 707 5006 fratribus
718 4948 875 5005 actoribus
890 4945 1077 5035 rediudicari
1089 4954 1118 5004 et
1135 4947 1263 5019 restitui,
1279 4945 1317 5003 de
1340 4947 1521 5020 prescriptis
1544 4959 1668 5020 quoque
