3828 5822
821 565 894 622 Duc.
912 578 988 641 301.
1015 597 1055 609 —
1079 566 1136 623 An.
1159 561 1249 642 1476.

1003 933 1086 1001 301.

514 1125 596 1176 Anno
617 1127 692 1191 1476,
713 1139 753 1190 14.
771 1127 845 1192 Julii.
864 1127 962 1179 Budae.

409 1305 553 1378 Mathens,
584 1307 761 1382 Hungariae
789 1315 838 1366 etc.
869 1327 932 1379 rex,
955 1308 1055 1366 abbati
1078 1308 1197 1384 Cysterc.
1220 1308 1339 1384 zagrab.
1363 1306 1496 1381 mandat,
1521 1318 1556 1368 ut
1575 1311 1671 1385 emp

409 1431 484 1488 tuane
510 1431 671 1490 Turturum
698 1433 859 1490 imminente
887 1432 1048 1490 demantur
1076 1434 1205 1506 auguria,
1234 1433 1287 1492 sub
1316 1435 1486 1493 monaster-n
1507 1435 1576 1506 sita,
1595 1453 1672 1510 quae

878 1557 974 1630 facile
995 1557 1197 1619 accendantur.

522 1749 654 1808 Mathias
677 1749 727 1809 dei
748 1751 854 1824 gracia
883 1767 939 1809 rex
969 1752 1136 1826 Hungarie,
1167 1753 1314 1812 Bohemie
1344 1757 1399 1814 etc.
1429 1753 1530 1814 Fideli
1559 1760 1667 1814 nostro

408 1855 554 1928 religioso
585 1857 654 1914 viro
684 1856 792 1915 abbati
821 1859 999 1916 monasterii
1029 1860 1119 1918 beate
1150 1861 1247 1920 Marte
1277 1860 1407 1934 virginis
1437 1859 1476 1918 de
1507 1861 1669 1934 Zagrabia‚

407 1961 541 2020 salutem
570 1966 601 2019 et
629 1963 775 2036 graciam
806 1963 992 2038 Expositum
1021 1965 1123 2024 extitit
1152 1966 1305 2024 maiestati
1335 1972 1441 2024 nostre
1472 1967 1504 2025 in
1526 1967 1667 2041 personis

408 2067 550 2126 fidelium
572 2073 750 2127 nostrorum
773 2070 966 2129 honorabilis
982 2072 1110 2144 capituli
1126 2072 1253 2130 ecclesie
1268 2072 1485 2146 zagrabiensis,
1508 2072 1668 2147 quomodo

408 2188 465 2231 vos
488 2180 518 2232 et
547 2175 653 2248 ipsum
683 2177 906 2234 monasterium
930 2181 1069 2235 vestrum
1091 2179 1150 2236 sub
1181 2179 1354 2237 municione
1376 2177 1516 2238 eiusdem
1537 2179 1669 2252 capituli

407 2280 562 2338 haberetis
592 2282 624 2338 in
650 2281 771 2348 ¹vilibus
802 2280 947 2340 domibus
977 2290 1008 2340 et
1030 2283 1168 2356 tuguriis,
1192 2284 1360 2358 cespitibus
1383 2285 1545 2358 coopertis,
1568 2291 1670 2343 certos

408 2385 591 2446 domicellus
613 2403 667 2445 seu
690 2387 880 2482 jobagiones,
903 2389 985 2447 unde
1008 2395 1039 2447 et
1061 2389 1100 2448 de
1116 2389 1230 2465 quibus
1246 2389 1440 2464 temporibus
1456 2389 1666 2448 incursionum

408 2491 604 2552 Thurcorum
626 2509 684 2569 per
705 2495 847 2554 incendia
869 2501 934 2554 tam
965 2496 1103 2571 capitulo
1127 2511 1222 2570 quam
1245 2496 1363 2554 civitati
1384 2493 1576 2570 zagrabiensi
1599 2510 1669 2568 gra-

407 2600 459 2658 via
482 2605 663 2660 vererentur
691 2602 816 2660 evenire
846 2617 937 2677 posse
968 2602 1108 2677 pericula
1139 2607 1170 2660 et
1200 2603 1345 2676 dampna,
1377 2601 1590 2676 supplicantes
1613 2617 1670 2675 per

406 2706 600 2766 maiestatem
621 2713 761 2767 nostram
783 2709 822 2767 de
845 2707 983 2768 remedio
1006 2707 1173 2783 provideri.
1192 2708 1273 2766 Cum
1295 2713 1399 2766 autem
1421 2707 1587 2766 commoda
1610 2707 1669 2765 rei·

405 2813 532 2886 publice
554 2815 685 2889 privatis
708 2815 884 2890 quibusque
915 2815 1053 2889 preferri,
1085 2820 1116 2872 et
1150 2814 1236 2888 prius
1267 2813 1305 2872 de
1335 2813 1477 2888 periculo
1501 2812 1663 2889 provideri

407 2917 548 2992 debeant,
576 2935 671 2995 quarn
694 2922 845 2993 eveniant,
876 2921 1020 2980 fidelitati
1050 2922 1155 2995 itaque
1185 2926 1287 2978 vestre
1315 2919 1448 2978 firmiter
1475 2917 1667 2993 precipimus

407 3030 438 3106 et
459 3026 653 3098 mandamus,
684 3033 836 3101 quatenus
866 3027 972 3086 statim
1001 3027 1135 3102 acceptis
1165 3026 1370 3100 presentibus,
1392 3025 1465 3084 illas
1494 3025 1615 3083 casulas
1638 3032 1669 3082 et

406 3133 531 3205 tuguria
554 3131 791 3194 domicellarum
808 3139 942 3206 tuorum,
959 3134 1045 3190 omni
1060 3133 1219 3190 occasione
1235 3135 1265 3190 et
1287 3131 1453 3190 renitencia
1478 3129 1669 3205 postpositis,

406 3237 546 3298 funditus
576 3238 707 3298 distrahi
737 3245 768 3297 et
798 3239 913 3314 deponi
940 3239 1049 3311 facere,
1072 3238 1252 3312 incolasque
1274 3237 1348 3296 illos
1371 3237 1451 3296 intra
1474 3233 1668 3296 fortalicium

405 3360 461 3402 seu
490 3345 699 3402 municionem
730 3345 862 3419 capituli
892 3351 1064 3420 pretactam
1094 3345 1198 3403 locare
1229 3343 1376 3416 debeatis,
1400 3341 1539 3416 alioquin
1562 3347 1666 3400 aucto·

404 3451 530 3510 ritatem
553 3451 726 3525 plenariam
742 3451 885 3510 dedimus
901 3452 989 3510 banis
1012 3451 1064 3510 vel
1087 3450 1245 3510 vicebanis
1267 3449 1354 3523 regni
1376 3449 1473 3507 nostri
1495 3447 1669 3520 Sclauonie,

405 3565 440 3615 ut
461 3558 522 3632 ipsi
553 3571 609 3616 vos
641 3557 681 3616 ad
712 3559 967 3616 observacionem
997 3556 1176 3617 huiusmodi
1206 3555 1345 3615 mandati
1366 3553 1463 3613 nostri
1485 3570 1542 3630 per
1565 3555 1671 3612 omnia

405 3670 582 3738 opportuna
610 3666 795 3738 gravamina
817 3670 921 3724 vestra
944 3665 1134 3739 compellere
1164 3663 1296 3722 debeant
1319 3667 1349 3721 et
1371 3662 1549 3734 astringant
1574 3658 1668 3718 Secus

404 3785 479 3844 ergo
501 3785 564 3829 non
592 3769 711 3830 facturi
733 3771 893 3830 Presentes
916 3776 1020 3829 autem
1042 3777 1113 3845 post
1137 3771 1289 3828 lecturam
1312 3784 1428 3839 earum,
1451 3766 1572 3826 reddite
1595 3781 1667 3840 pre·

404 3879 545 3936 sententi.
575 3877 692 3936 Datum
715 3877 800 3938 Bude
834 3878 911 3936 feria
934 3885 1045 3951 quarta
1068 3879 1212 3952 proxima
1242 3880 1313 3935 ante
1336 3875 1451 3934 festum
1473 3875 1563 3932 beate
1590 3873 1671 3930 Mar·

401 3985 532 4056 garethe
555 3985 684 4057 virginis
706 3990 736 4041 et
751 3985 896 4043 martiris.
913 3985 1003 4042 Anno
1027 3983 1146 4042 domini
1169 3983 1339 4041 millesimo
1363 3979 1669 4056 quadringentesimo

396 4091 634 4166 ,septuagesimo
658 4096 753 4149 sexto.
776 4091 957 4164 Regnorum
980 4097 1157 4149 nostrorum
1181 4104 1262 4148 anno
1285 4089 1444 4162 Hungarie
1467 4093 1522 4146 etc.
1546 4085 1668 4144 decimo

402 4211 495 4268 nono,
517 4195 665 4255 Bohemie
688 4212 764 4256 vero
788 4203 908 4256 octavo.

394 4491 395 4496 ,
510 4436 644 4502 originale
672 4437 699 4486 in
722 4435 818 4488 charta.
837 4439 870 4486 In
888 4436 1002 4500 margine
1019 4436 1136 4486 inferiori
1155 4437 1306 4501 impressum
1326 4440 1366 4484 est
1383 4431 1506 4498 sigillum.
1525 4432 1557 4482 In
1575 4429 1670 4480 archiv.

404 4540 460 4576 ven.
480 4525 557 4590 capit.
577 4525 678 4590 zagrab.
698 4523 760 4576 Act.
780 4527 857 4590 capit.
876 4533 929 4578 ant.
948 4527 1011 4578 fasc.
1033 4537 1072 4591 17.
1092 4541 1130 4578 nr.
1150 4524 1191 4588 96.
