3932 5806
624 532 885 613 Doc.184.185.
912 569 950 578 -
975 537 1032 596 An.
1055 533 1271 616 1455-1456.
1501 557 1561 618 247

891 746 974 814 184

315 957 318 964 ,
401 905 482 956 Anno
504 917 580 972 1455,
601 917 644 969 31.
660 904 813 957 decembris.
832 904 981 969 Zagrabiae.

298 1031 454 1106 Sponsores
477 1032 597 1108 quidam
619 1033 653 1090 ob
675 1040 827 1106 argentum
850 1032 949 1090 datum
971 1034 1061 1093 Petro
1082 1043 1112 1092 et
1135 1034 1286 1094 Benedicta
1316 1034 1480 1110 aurifabris
1503 1043 1571 1109 pro

307 1197 331 1208 Α,
431 1138 512 1196 deca
534 1139 577 1196 ad
595 1109 820 1198 conservandum
835 1141 928 1214 pueri
948 1141 1105 1199 innocentis
1126 1149 1236 1215 corpus,
1260 1141 1459 1216 quietantiam,
1563 1217 1565 1224 Α

308 1302 310 1311 ¹
409 1282 473 1343 Nos
508 1285 680 1360 capitulum
710 1285 837 1344 ecclesie
869 1287 1085 1359 zagrabiensis.
1121 1288 1271 1346 Memorie
1307 1277 1566 1345 commendamus

299 1408 356 1466 per
383 1396 549 1465 presentes,
574 1391 657 1464 quod
681 1391 755 1450 licet
777 1392 903 1466 providi
917 1393 986 1460 viri,
1009 1381 1156 1452 videlicet
1171 1392 1361 1465 Valentinus,
1384 1390 1469 1451 filius
1492 1409 1563 1452 con·

281 1495 370 1556 'dam
394 1497 562 1570 Michaelis,
579 1496 737 1572 Sarouych
761 1499 844 1571 dicti,
876 1497 1022 1557 Nicotaus
1045 1499 1203 1558 aurifaber
1225 1515 1260 1558 ac
1283 1488 1415 1558 condam
1439 1491 1563 1572 Paulus,

297 1603 449 1678 Walpoth
471 1604 579 1676 dictus,
604 1604 688 1662 cives
712 1604 845 1662 civitatis
869 1605 983 1664 montis
999 1605 1184 1664 Grechensis
1206 1604 1244 1663 de
1266 1602 1351 1681 juxta
1368 1605 1565 1679 Zagrabiam,

301 1701 424 1768 racione
447 1709 608 1768 cuiusdam
632 1710 753 1783 argenti
784 1711 890 1783 nostri,
925 1711 1043 1769 scilicet
1077 1711 1189 1784 viginti
1223 1717 1356 1784 quatuor
1386 1727 1563 1770 marcarum

297 1817 551 1890 hungaricalium
574 1821 604 1875 et
635 1823 778 1891 quartam
813 1817 976 1876 dimidiam
1010 1818 1097 1876 uncis
1131 1818 1171 1876 ad
1202 1817 1434 1892 preparandam
1463 1823 1563 1876 tecam

297 1923 336 1980 ad
365 1922 568 1981 deferendum
593 1929 624 1981 et
653 1923 900 1982 conservandum
936 1929 1076 1982 sanctum
1108 1925 1311 1996 innocentem,
1335 1939 1393 1998 per
1414 1923 1564 1998 providos

299 2030 385 2088 uiros
410 2029 543 2088 Paulum
568 2036 599 2087 et
622 2029 820 2088 Benedictum
849 2029 1033 2103 aurifabros,
1063 2031 1146 2090 cives
1178 2029 1257 2088 dicte
1287 2029 1421 2089 civitatis
1450 2031 1565 2090 montis

302 2135 497 2208 Grechensis,
532 2137 584 2209 qui
616 2135 745 2194 eandem
776 2141 876 2194 tecam
910 2136 1102 2209 laborarunt,
1131 2136 1328 2194 fideiussores
1358 2137 1450 2194 nobis
1473 2137 1564 2194 exsti·

297 2243 404 2300 tissent
429 2248 458 2300 et
481 2244 512 2302 in
536 2244 634 2301 robur
648 2241 829 2301 huiusmodi
845 2243 1037 2302 fideiussoris
1053 2243 1207 2301 caucionis
1222 2241 1299 2300 certi
1313 2243 1429 2301 tenoris
1444 2237 1568 2304 litteras'

297 2349 357 2406 sub
381 2349 486 2422 sigillo
517 2349 650 2407 civitatis
679 2350 794 2407 montis
828 2347 1012 2408 Grechensis
1046 2348 1184 2422 predicte
1217 2349 1308 2408 nobis
1341 2336 1569 2422 assignassent,

298 2469 374 2528 quas
398 2454 518 2512 litteras
541 2471 597 2530 per
619 2456 828 2528 negligentem
862 2455 1035 2514 custodiam
1067 2461 1098 2514 et
1130 2455 1399 2514 conservacionem
1431 2455 1563 2514 condam

297 2561 489 2619 honorabilis
514 2562 576 2619 viri
598 2561 739 2634 magistri
762 2562 922 2620 Michaelis
954 2561 992 2620 de
1015 2561 1182 2634 Thosaycz,
1214 2561 1289 2619 socii
1312 2567 1342 2619 et
1366 2562 1561 2620 concanonici

298 2667 404 2740 nostri,
427 2667 642 2740 cognoscimus
667 2666 733 2726 fore
759 2667 951 2743 deperditas;
978 2668 1048 2727 ideo
1071 2681 1137 2739 nos,
1171 2671 1332 2726 annotatos
1353 2659 1562 2740 Valentinum,

297 2773 461 2831 Nicolaum
484 2778 515 2832 et
537 2773 670 2831 condam
687 2773 818 2831 Paulum
834 2774 996 2847 Walpoth,
1020 2775 1143 2834 racione
1165 2773 1345 2832 huiusmodi
1368 2773 1560 2831 fideiussorie

297 2857 450 2938 caucionis
473 2881 601 2954 quietos,
636 2880 782 2955 pacificos
805 2885 835 2938 et
858 2881 960 2939 modis
981 2882 1127 2940 omnibus
1150 2881 1311 2938 absolutos
1331 2873 1558 2959 (reddidimus),

297 2987 394 3045 immo
429 2987 589 3045 reddimus
623 2991 653 3045 et
687 2987 921 3060 committimus,
944 2989 1063 3046 litteras
1086 2988 1181 3046 etiam
1204 2967 1421 3058 fideiussorias,
1445 2987 1489 3045 sic
1512 3001 1561 3044 ca·

297 3094 424 3152 sualiter
456 3092 641 3167 deperditas,
677 3108 782 3165 vanas,
817 3109 919 3152 cassas
953 3100 983 3152 et
1013 3095 1133 3153 viribus
1166 3093 1372 3167 relinquimus
1404 3082 1561 3166 carituras,

297 3201 395 3257 linmo
430 3199 545 3273 ubique
565 3200 741 3258 litterarum
764 3199 931 3258 exhibitori
962 3201 1144 3259 earumdem
1166 3201 1330 3259 nocituras.
1364 3200 1486 3258 Harum
1508 3215 1562 3256 no·

296 3312 432 3363 strarum
455 3306 563 3378 vigore
586 3311 616 3364 et
639 3307 815 3365 testimonio
832 3307 1007 3366 litterarum
1025 3306 1187 3365 mediante.
1211 3307 1326 3371 Datum
1351 3305 1427 3364 feria
1450 3311 1561 3379 quarta

296 3413 441 3498 proxima
464 3415 534 3470 ante
564 3412 677 3470 festum
702 3413 954 3471 circumcisionis
986 3412 1111 3472 domini.
1147 3415 1238 3470 Anno
1261 3411 1400 3470 eiusdem
1423 3413 1561 3470 MCCCC

297 3519 554 3592 quinquagesimo
579 3520 694 3592 quinto.
1571 3511 1572 3514 '

311 3741 313 3747 Ι
402 3673 481 3722 Liber
499 3673 594 3722 rubeus
613 3689 669 3722 ven.
689 3674 796 3738 capituli
815 3674 875 3726 eccl.
903 3675 1084 3738 zagrabiensis.
1104 3677 1136 3724 In
1154 3675 1249 3726 archiv.
1278 3673 1341 3724 incl.
1361 3673 1445 3724 Acad.
1471 3673 1552 3722 scient

297 3761 365 3812 Slav.
386 3763 474 3814 merid.

890 3940 970 4006 185.

402 4100 482 4148 Auno
505 4099 578 4164 1456,
602 4111 622 4148 l.
642 4099 803 4162 septembris.
821 4100 930 4150 Romae.

296 4227 325 4283 Α
353 4227 459 4283 calisto
490 4226 550 4286 Ill.
576 4233 659 4302 papa
680 4233 808 4299 potestas
837 4227 945 4284 duobus
973 4229 1115 4284 canonicis
1144 4228 1268 4306 ragrab.
1292 4227 1388 4296 datur,
1411 4234 1444 4284 ut
1464 4245 1558 4284 onlnes

297 4333 424 4390 detreines
446 4333 584 4403 scelestos,
614 4332 642 4389 si
665 4331 859 4406 possessiones
881 4334 1053 4392 morrastere'o
1074 4353 1096 4391 s.
1122 4333 1247 4403 Nicolai,
1270 4333 1380 4390 ordtids
1403 4333 1560 4391 Praedica-

540 4445 632 4495 torum
654 4427 766 4512 ereptas
788 4457 845 4496 non
868 4439 1050 4509 reddiderint,
1074 4440 1319 4498 excommunicent.

402 4581 536 4640 Calistus
560 4583 725 4657 episcopus
749 4599 857 4641 servus
881 4599 1044 4642 servorum
1068 4583 1126 4642 dei.
1150 4583 1279 4641 Dilectis
1295 4582 1369 4640 filiis
1385 4584 1561 4642 Matheasso

296 4688 334 4745 de
356 4688 509 4746 Chulchet
546 4695 576 4746 et
598 4689 717 4772 Jacobo
751 4689 789 4746 de
812 4689 976 4762 Placentia,
1011 4689 1164 4748 canonicis
1195 4689 1321 4747 ecclesie
1351 4688 1560 4761 zagabriensis

296 4795 431 4852 salutem
465 4801 495 4852 et
530 4795 734 4868 apostolicam
769 4795 1023 4854 benedictionem.
1065 4795 1285 4869 Significarunt
1324 4795 1415 4853 nobis
1455 4793 1562 4852 dilecti

295 4900 354 4959 filii
377 4901 464 4974 prior
494 4907 524 4959 et
558 4901 669 4959 iratres
701 4900 813 4959 domus
848 4903 945 4961 sancti
980 4902 1102 4960 Nicolai
1135 4907 1223 4960 extra
1258 4915 1365 4959 muros
1400 4901 1560 4975 Zagabrie,

296 5006 413 5066 ordinis
443 5006 686 5081 predicatorum,
721 5007 805 5082 quod
835 5009 978 5068 nonnulli
1012 5008 1183 5082 iniquitatis
1217 5007 1285 5080 filii,
1321 5021 1399 5081 quos
1433 5021 1561 5080 prorsus
