3764 5924
650 564 719 622 Dec.
736 573 814 640 395.
839 597 879 608 -
904 565 961 622 An.
984 576 1077 641 1499.
1418 582 1478 635 521

219 781 269 839 rel
290 781 459 854 aliqua-ex
486 781 530 840 eis
564 795 601 839 eo
626 779 721 839 modo
744 795 807 855 quo
829 781 959 854 signavi,
982 781 1090 854 aliqua
1112 793 1204 838 causa
1226 780 1412 839 racionabili
1436 780 1482 838 in·

217 886 635 959 tervenienteordinariseu-
664 885 787 960 disponi
824 901 887 945 non
909 892 1044 961 possent,
1081 893 1193 945 extunc
1230 888 1315 945 iuxta
1339 885 1483 944 discreci-

215 1005 318 1063 onem,
337 993 525 1067 sapienciam
548 998 578 1052 et
610 993 795 1076 industriam
829 992 1011 1052 eorumdem
1040 999 1251 1074 executorum
1277 993 1481 1068 disponantur

217 1103 248 1157 et
266 1097 452 1158 ordinentur
482 1099 651 1160 secundum
679 1099 776 1176 quod.
795 1099 908 1158 melius
931 1099 1090 1158 videbitur
1113 1114 1171 1173 pro
1203 1099 1382 1160 condicione
1403 1103 1482 1157 tem·

217 1204 303 1277 poris
335 1204 507 1264 dummodo
541 1206 581 1265 ad
614 1206 655 1264 id
681 1206 879 1281 propositum
915 1210 944 1264 et
968 1221 1037 1264 eam
1058 1204 1480 1264 intencionemdeducantur

218 1313 312 1382 prout
334 1309 491 1370 declarata
524 1317 609 1383 sunt;
642 1313 669 1372 si
701 1327 774 1370 vero
797 1311 1003 1386 disposicione
1027 1311 1132 1370 divina
1163 1312 1302 1385 aliquem
1326 1311 1481 1370 dictorum

222 1420 421 1474 executorum
445 1417 548 1476 medio
571 1423 712 1493 tempore
735 1434 773 1476 ex
791 1418 851 1476 hoc
865 1418 971 1476 seculo
995 1419 1130 1492 migrare
1146 1419 1344 1492 contingeret,
1369 1421 1482 1476 extunc

220 1520 276 1579 alii
310 1523 489 1597 superstites
528 1524 657 1582 illorum
692 1525 776 1583 vices
808 1531 1008 1598 exequantur,
1040 1525 1154 1598 quibus
1176 1524 1307 1598 singulis
1330 1523 1402 1598 lego
1426 1538 1483 1596 per

219 1624 286 1714 flor,
318 1627 552 1701 quinquaginta.
586 1629 717 1688 Tutores
740 1641 816 1687 vero
839 1635 869 1687 et
892 1628 1068 1688 defensores
1091 1631 1184 1688 buius
1217 1629 1278 1688 mei
1303 1628 1481 1686 testamenti

219 1731 303 1804 eligo
326 1737 356 1790 et
391 1732 501 1792 ordino
539 1734 814 1794 reverendissimos
849 1734 991 1794 dominos
1014 1736 1177 1807 Thomam‚
1209 1735 1480 1808 archiepiscopum

216 1837 452 1910 strigoniensem
476 1845 506 1898 et
540 1841 748 1912 Dominicum‚
782 1841 963 1915 episcopum
998 1841 1126 1900 ecclesie
1147 1839 1376 1910 waradinensis,
1406 1839 1481 1908 item

218 1942 403 2016 magnificos
426 1943 570 2005 dominos
604 1945 769 2004 Nicolaum
792 1945 891 2018 Banfy
914 1955 1108 2020 compatrem
1131 1961 1237 2006 meum
1260 1951 1291 2004 et
1312 1945 1419 2028 Josam
1441 1943 1481 2002 de

218 2046 293 2108 Som
318 2050 464 2109 comitem
495 2053 740 2124 themesiensem‚
772 2067 850 2126 quos
874 2057 904 2110 et
928 2053 1101 2126 quemlibet
1123 2067 1232 2112 eorum
1256 2051 1389 2110 summis
1412 2065 1481 2124 pre-

216 2155 304 2214 cibus
327 2149 423 2214 exoro
446 2157 655 2231 devotissime,
679 2159 814 2218 uthans
837 2173 941 2216 meam
960 2158 1190 2218 ordinacionem
1216 2155 1481 2230 tueri‚deiendere

216 2265 247 2320 et
270 2267 469 2320 manutenere
492 2261 665 2336 dignentur.
681 2265 759 2322 Acta
775 2272 846 2324 sunt
869 2265 926 2322 hec
948 2266 980 2324 in
1003 2264 1140 2340 pallacio
1163 2265 1337 2324 chasmensi
1371 2261 1480 2336 quinta

216 2365 336 2424 decima
359 2366 409 2425 die
432 2370 547 2426 mensis
580 2369 699 2444 aprilis,
729 2384 810 2428 anno
835 2368 953 2428 domini
980 2371 1150 2429 millesimo
1172 2368 1479 2446 quadringentesimo

214 2472 413 2545 nonagesimo
434 2488 524 2534 nono.
535 2475 600 2547 Ego
619 2475 776 2536 Osualdus
791 2477 955 2551 episcopus
967 2477 1175 2550 zagrabiensis
1185 2482 1240 2534 etc.
1256 2475 1316 2534 hoc
1332 2474 1481 2533 ultimum

215 2584 246 2636 et
276 2559 403 2652 presens
438 2585 657 2640 testamentum
691 2581 834 2642 ordinavi
864 2589 895 2641 et
926 2581 1044 2642 confeci
1082 2583 1177 2641 modo
1201 2581 1363 2657 premisso,
1388 2579 1479 2650 Unde

214 2684 359 2758 supplico
393 2687 546 2746 maiestati
579 2688 663 2760 regie
695 2695 726 2747 et
755 2688 890 2746 dominis
913 2689 1036 2760 devote,
1061 2695 1095 2748 ut
1118 2690 1175 2748 hec
1198 2689 1305 2747 omnia
1328 2687 1480 2762 premissa

215 2805 275 2862 pro
305 2789 364 2848 deo
399 2797 429 2849 et
462 2793 602 2854 serviciis
631 2794 710 2852 meis
744 2794 910 2867 dignentur
932 2795 1101 2853 observare
1124 2801 1154 2852 et
1184 2799 1390 2852 manutenere.
1414 2793 1480 2850 Hec

214 2897 341 2978 propria
358 2911 452 2956 manu
466 2898 584 2973 scripsi.
602 2929 637 2941 -
664 2893 773 2980 (Scede
796 2916 871 2959 vero
894 2901 960 2960 sire
983 2907 1066 2959 carte
1088 2908 1176 2960 tenor
1192 2901 1331 2974 sequitur
1343 2900 1375 2958 in
1398 2899 1481 2977 hunc

214 2995 383 3081 modum2)
405 3004 484 3062 ltem
497 3004 625 3063 domum
640 3021 745 3064 meam
759 3006 933 3066 Budensem
956 3007 1136 3081 empticiam
1159 3008 1190 3065 in
1214 3007 1318 3080 platea
1331 3006 1479 3064 Omnium

212 3114 390 3167 sanctorum
420 3110 569 3182 habitam,
599 3112 631 3170 in
661 3127 722 3186 qua
746 3088 822 3170 dum
848 3112 932 3170 Bude
955 3111 1009 3184 fui,
1032 3114 1182 3184 habitavi,
1206 3113 1278 3186 lego
1313 3111 1476 3186 Alphonso

214 3211 279 3270 Tua
302 3220 332 3272 et
367 3213 483 3290 Sophie
506 3218 607 3276 sorori
641 3217 788 3290 eiusdem,
822 3219 902 3277 natis
925 3217 1057 3276 condam
1091 3218 1211 3276 domini
1232 3217 1480 3300 JohannisTua,

214 3317 320 3377 fratris
343 3321 413 3380 mei.
446 3322 602 3382 Osualdus
633 3325 798 3400 episcopus
827 3325 955 3383 ecclesie
984 3325 1200 3397 zagrabiensis,
1226 3339 1319 3382 manu
1343 3325 1479 3398 propria.

320 3457 344 3504 E
363 3462 523 3523 transumpto
541 3459 671 3510 Vladislai
683 3461 752 3525 regis
770 3461 803 3509 de
821 3477 888 3510 anno
910 3474 985 3534 1499.
1006 3463 1068 3514 Act.
1089 3461 1152 3527 Cap.
1171 3469 1225 3515 ant.
1243 3463 1306 3513 iasa
1323 3461 1365 3525 76.
1385 3477 1422 3512 nr.
1438 3472 1479 3524 33.

215 3571 247 3580 -
268 3543 456 3598 Farlati2111ir.
474 3547 544 3600 Sacr.
562 3549 636 3598 Tom.
656 3549 691 3602 V.
709 3565 768 3614 pag.
787 3561 870 3615 509-
876 3562 934 3616 511.

794 3726 878 3792 395.

318 3839 399 3888 Anno
420 3851 494 3902 1499.
518 3850 557 3891 12.
577 3840 646 3890 maii.
666 3841 767 3892 Eudae.

212 3940 241 3996 Α
273 3938 421 3999 Vladislao
450 3941 606 4015 Hungan‘e
627 3948 675 4002 etc.
698 3959 772 4015 rege,
800 3940 924 4000 Osvaldt'
955 3945 1081 4018 episcopi
1101 3944 1305 4018 zagrobr'ensis,
1324 3935 1471 4000 testamen-

592 4055 651 4105 tum
673 4049 757 4122 regia
777 4057 918 4124 potestate
941 4051 1074 4108 sentitur

914 4170 1069 4220 Commissio
1087 4171 1191 4235 propria
1210 4170 1307 4220 domini
1327 4169 1402 4234 regis.

318 4296 382 4354 Nos
415 4297 607 4356 Wladislaus
642 4298 692 4356 dei
722 4301 826 4372 gracia
849 4315 904 4358 rex
928 4301 1086 4373 Hungarie
1108 4305 1139 4358 et
1162 4299 1308 4358 Bohemie
1331 4306 1386 4357 etc.
1410 4299 1473 4355 Me·

211 4401 309 4460 morie
342 4402 597 4462 commendamus
631 4411 737 4462 tenore
768 4406 963 4479 presencium
986 4406 1193 4478 significantes
1216 4405 1330 4478 quibus
1352 4403 1478 4478 expedit

209 4506 375 4566 universis:
410 4507 494 4582 quod
527 4507 637 4568 fideles
670 4511 769 4569 nostri
799 4511 993 4570 venerabiles
1032 4512 1187 4594 Johannes
1227 4509 1411 4584 goriczensis
1446 4514 1477 4567 et

210 4612 356 4671 Nicolaus
391 4613 431 4672 de
469 4614 593 4688 wasia,
628 4617 836 4676 archidiaconi
878 4623 908 4676 et
931 4617 1070 4676 canonici
1103 4618 1326 4691 aagrablenses,
1358 4629 1477 4676 necnon

208 4718 345 4777 Thomas
367 4725 474 4779 cantor
498 4729 528 4780 et
551 4723 715 4782 canonicus
746 4724 936 4782 charmensis
967 4724 1168 4782 ecclesiarum
1191 4729 1221 4782 et
1244 4723 1386 4798 egregius
1421 4721 1476 4805 Jo-

207 4825 326 4883 hannes
359 4825 550 4901 Keglewych
581 4830 673 4888 castri
703 4829 859 4890 inferioris
891 4829 1142 4902 Hrazthowycza‚
1173 4829 1342 4888 maiestatis
1373 4832 1477 4886 nostre

207 4929 364 4988 venientes
381 4932 413 4990 in
434 4934 637 5007 presenciam,
660 4935 839 4994 nominibus
862 4941 892 4993 et
918 4936 950 4994 in
973 4935 1113 5010 personis
1128 4935 1271 4994 fidelium
1294 4940 1473 4994 nostrorum

137 5081 139 5085 ,
208 5036 436 5099 venerabilium
468 5039 591 5098 Andree
614 5039 811 5100 decretorum
835 5040 972 5100 doctoris
994 5039 1194 5113 kathedralis,
1216 5040 1365 5125 Johannis
1388 5039 1478 5113 geri-v
