3948 5804
761 570 835 628 Doe.
859 583 909 646 43.
933 603 975 611 -
998 568 1047 627 An
1079 569 1169 646 1426.

946 780 1010 845 43.

440 921 521 971 Anno
542 921 616 984 1426,
640 934 679 983 19.
698 921 828 974 februarii.
847 921 994 984 Zagrabiae.

339 1048 533 1106 Commoditas
564 1049 688 1108 civitatis
717 1067 813 1106 eornm
842 1050 966 1122 capitulo
996 1051 1113 1123 nogent).
1136 1051 1170 1108 de
1184 1051 1409 1126 possessionibus
1431 1051 1550 1109 Hraie'n
1573 1059 1601 1108 et

336 1155 507 1225 Petrooeno,
529 1173 603 1228 quos
626 1154 835 1229 Sepismeendus
860 1171 915 1212 rex
938 1155 1078 1216 nobilibus
1100 1157 1134 1216 de
1150 1156 1244 1216 Sused
1255 1157 1434 1228 condonavit,
1449 1157 1598 1215 identidem

907 1271 1026 1320 recusat.

437 1407 501 1466 Nos
535 1407 710 1482 capitulum
744 1406 872 1465 ecclesie
906 1409 1122 1481 eagrabiensis.
1152 1408 1304 1467 Memoria
1336 1408 1597 1482 commendantes,

333 1518 438 1571 tenore
461 1514 657 1587 presencium
680 1513 900 1587 significamus,
924 1515 1038 1587 quibus
1069 1514 1197 1589 expedit
1226 1515 1387 1574 universis.
1422 1515 1514 1588 Quod
1537 1515 1598 1573 viri

331 1620 458 1694 providi
481 1626 511 1678 et
533 1621 656 1678 honesti
678 1620 796 1690 Friche,
821 1618 906 1676 filius
927 1620 996 1702 Juri
1019 1627 1050 1678 et
1070 1620 1215 1704 Jacobus,
1242 1620 1327 1678 filius
1349 1621 1498 1704 Johannis
1522 1620 1597 1679 dicti

332 1725 437 1799 Bolye,
461 1725 556 1802 jurati
579 1727 663 1784 cives
687 1725 820 1784 civitatis
844 1727 958 1783 montis
982 1725 1145 1786 Grecensis
1168 1727 1200 1784 in
1223 1728 1366 1813 ipsorum
1389 1735 1418 1784 et
1433 1724 1545 1803 judicis
1561 1741 1597 1784 ac

330 1829 505 1908 juratorum
528 1848 669 1892 necnon
692 1837 722 1889 et
744 1832 962 1890 universorum
986 1833 1104 1892 civium
1127 1813 1267 1892 eiusdem
1298 1834 1433 1892 civitatis
1457 1833 1597 1907 personis

332 1939 371 1996 ad
395 1943 533 1996 nostram
557 1939 763 2012 personaliter
787 1938 939 1996 veniendo
962 1940 1154 2012 presenciam
1177 1940 1268 1998 nobis
1291 1955 1348 2012 per
1371 1937 1502 1997 modum
1525 1953 1597 2013 pro-

333 2045 506 2103 testacionis
530 2049 561 2102 et
582 2044 807 2119 prohibicionis
830 2044 1004 2116 significare
1028 2051 1175 2104 curarunt
1197 2047 1229 2104 in
1244 2047 1327 2103 hunc
1343 2045 1489 2103 modum:
1512 2044 1596 2118 quod

332 2155 427 2224 prout
449 2151 510 2225 ipsi
530 2148 632 2226 judex,
655 2147 747 2224 jurati
770 2154 800 2208 et
821 2151 958 2208 universi
982 2151 1066 2208 cives
1101 2150 1182 2209 dicte
1213 2151 1346 2210 civitatis
1376 2151 1596 2226 percepissent,

332 2256 503 2330 Ladislaus‚
528 2256 612 2315 filius
635 2256 757 2315 Nicolai
781 2256 856 2314 dicti
876 2255 988 2328 Thoth,
1005 2261 1036 2314 et
1057 2257 1221 2340 Johannes,
1245 2256 1329 2315 filius
1360 2257 1531 2329 Laurencii,
1556 2257 1596 2314 si·

332 2363 449 2421 militer
472 2363 575 2422 Thoth
599 2361 681 2434 dicti,
705 2362 743 2420 de
767 2361 977 2434 Zumzedwar,
1001 2361 1154 2436 quasdam
1188 2361 1265 2420 duas
1300 2364 1510 2438 possessiones
1541 2378 1596 2420 seu

334 2469 429 2527 villas
453 2469 618 2528 Petrouina
641 2475 671 2527 et
693 2470 834 2527 Hrascha
867 2476 1002 2542 vocatas,
1038 2470 1069 2528 in
1103 2471 1250 2529 comitatu
1285 2470 1478 2544 zagrabiensi
1511 2470 1596 2528 ultra

332 2576 464 2634 iluvium
490 2576 581 2635 Zawa
604 2581 759 2648 vocatum,
781 2577 904 2634 habitas
927 2581 957 2636 et
990 2577 1164 2650 existentes,
1198 2579 1275 2652 ipsis
1309 2577 1456 2636 videlicet
1490 2575 1597 2652 judici,

331 2680 440 2759 juratis
464 2688 494 2742 et
516 2684 669 2741 uniuersis
694 2684 815 2741 civibus
839 2682 960 2757 prefate
991 2684 1125 2742 civitatis
1160 2685 1238 2742 alias
1273 2683 1392 2742 dudum
1427 2699 1484 2759 per
1515 2699 1595 2742 sere·

331 2790 495 2848 nissimum
517 2790 692 2864 principem
716 2789 878 2848 dominum
902 2789 1137 2864 sigismundum
1161 2790 1212 2848 dei
1246 2791 1351 2864 gracia
1380 2790 1594 2848 Romanorum

331 2911 447 2970 regem,
471 2911 595 2969 semper
619 2901 796 2970 augustum,
817 2912 853 2954 ac
875 2897 1043 2969 Hungarie,
1074 2897 1229 2968 Bohemie‚
1260 2896 1431 2968 Dalmacie‚
1467 2896 1595 2954 Croacie
1659 2963 1664 2974 ¹

332 3011 389 3060 etc.
413 3017 528 3074 regem,
552 3001 714 3060 dominum
737 3006 879 3061 nostrum
901 3003 1085 3074 naturalem,
1108 3017 1168 3076 pro
1191 3002 1338 3060 fidelibus
1370 3003 1509 3060 serviciis
1545 3016 1596 3060 eo·

330 3108 474 3166 cumdem
506 3106 625 3184 judicis,
659 3107 834 3185 juratorum
868 3113 898 3166 et
930 3109 1148 3166 universorum
1184 3109 1300 3167 civium
1331 3109 1454 3183 ipsique
1475 3107 1596 3166 civitati

332 3229 414 3272 nove
438 3213 618 3273 donacionis
641 3215 732 3272 titulo
755 3214 851 3285 datas,
887 3214 1018 3271 collatas
1053 3220 1082 3271 et
1113 3219 1321 3289 perpetuatas,
1356 3215 1485 3272 terciam
1520 3229 1595 3273 vero

331 3321 557 3394 possessionem
581 3337 635 3379 seu
658 3321 770 3379 villam
793 3319 994 3394 Silyakouina
1017 3321 1210 3395 appellatam
1241 3323 1273 3379 in
1303 3321 1415 3380 eodem
1445 3322 1595 3379 comitatu

333 3427 523 3499 zagrabiensi
545 3428 690 3486 similiter
711 3428 795 3486 ultra
818 3427 995 3501 predictum
1018 3427 1149 3485 fluvium
1172 3427 1263 3485 Zawe
1294 3428 1386 3486 sitam
1409 3432 1439 3486 et
1463 3429 1595 3486 existen·

332 3537 403 3604 tem,
426 3534 511 3607 ipsos
535 3533 652 3592 scilicet
674 3532 808 3610 judicem
830 3538 860 3591 et
882 3530 1009 3609 juratos,
1033 3534 1256 3607 universosque
1272 3535 1356 3592 cives
1372 3534 1506 3592 civitatis
1522 3550 1592 3608 pre·

237 3687 240 3695 .
330 3643 434 3697 notate
458 3640 628 3712 empciouis
652 3639 745 3697 titulo
768 3640 951 3698 litteratorie
974 3645 1218 3712 concerneniem‚
1242 3641 1283 3698 ab
1306 3641 1375 3714 ipsa
1397 3642 1483 3713 regia
1514 3656 1595 3698 sere·

331 3745 425 3803 nitate
449 3761 507 3819 pro
531 3762 563 3804 se
587 3747 662 3820 ipsis
686 3763 793 3804 rursus
815 3747 938 3805 racione
961 3747 1139 3805 donacionis
1163 3747 1254 3805 titulo
1277 3747 1415 3804 indebite
1439 3752 1469 3804 et
1492 3747 1595 3804 minus

330 3848 410 3925 juste
426 3853 629 3925 inpetrassent
645 3857 675 3909 et
691 3858 899 3925 occupassent,
916 3855 1134 3927 occupatisque
1155 3858 1316 3912 uterentur
1339 3853 1377 3911 de
1401 3853 1537 3927 presenti
1560 3853 1593 3910 in

331 3957 449 4030 grande
484 3957 692 4032 preiudicium
727 3957 909 4015 eorumdem
943 3957 1071 4034 judicis,
1103 3957 1278 4034 juratorum
1313 3965 1342 4016 et
1376 3959 1595 4017 universorum

331 4065 448 4122 civium
471 4065 609 4138 predicte
632 4065 773 4136 civitatis,
786 4061 925 4138 jurisque
949 4065 1148 4138 dispendium
1172 4070 1265 4138 atque
1289 4065 1477 4138 derogamen
1500 4065 1594 4122 valde

331 4185 488 4243 magnum.
513 4170 602 4229 Unde
626 4170 707 4228 iacta
728 4171 907 4229 huiusmodi
931 4172 1159 4243 protestacione
1175 4171 1271 4228 iidem
1288 4171 1398 4229 Friche
1413 4175 1444 4228 et
1458 4171 1594 4254 Jacobus

329 4275 423 4352 jurati
446 4277 477 4335 in
500 4277 650 4351 ipsorum,
674 4283 708 4334 ut
731 4277 896 4351 prefertur,
919 4277 1193 4351 predictorumque
1216 4275 1335 4352 judicis,
1366 4275 1541 4352 juratorum
1565 4285 1594 4337 et

330 4383 549 4442 universorum
573 4386 689 4442 civium
713 4385 868 4459 prelibata
890 4384 1023 4442 civitatis
1046 4384 1225 4441 nominibus
1249 4390 1278 4441 et
1300 4367 1338 4441 in'
1361 4383 1501 4456 personis
1525 4400 1594 4458 pre·

333 4490 493 4548 titulatum
516 4490 680 4548 dominum
701 4495 843 4548 nostrum
866 4505 972 4563 regem
996 4505 1013 4547 a
1036 4489 1197 4564 premissis
1220 4489 1398 4561 donacione‚
1423 4489 1594 4548 collacione

331 4601 361 4653 et
384 4597 621 4670 perpetuacione
648 4597 858 4671 predictarum
883 4598 978 4654 trium
1003 4596 1234 4671 possessionum
1257 4611 1312 4652 seu
1335 4595 1486 4653 villarum
1518 4596 1594 4672 ipsis

329 4703 475 4760 videlicet
498 4703 642 4761 Ladislao
664 4709 694 4761 et
718 4704 851 4786 Johanni
874 4704 1090 4776 universisque
1113 4702 1281 4760 heredibus
1306 4707 1336 4760 et
1359 4702 1593 4776 posteritatibus

328 4807 510 4866 eorumdem
535 4825 570 4866 ac
592 4809 662 4866 aliis
685 4809 887 4882 quibuslibet,
912 4809 1039 4867 eosdem
1062 4809 1169 4882 itaque
1200 4809 1318 4866 scilicet
1349 4808 1532 4866 Ladislaum
1563 4813 1593 4865 et

326 4915 499 4998 Johannem
524 4921 711 4989 cunctosque
734 4931 843 4973 eorum
866 4916 996 4973 heredes
1018 4922 1048 4972 et
1072 4916 1270 4989 posteritates
1288 4916 1448 4972 universas
1464 4930 1499 4971 ac
1514 4915 1593 4972 alios

328 5021 486 5094 quoslibet
509 5023 646 5080 cuiusvis
669 5027 767 5080 status
791 5029 821 5079 et
844 5023 1033 5080 condicionis
1056 5022 1197 5079 homines
1221 5021 1262 5078 ab
1286 5021 1394 5078 eadem
1410 5021 1496 5092 regia
1512 5035 1593 5077 sere-
