3932 5806
803 534 877 592 Dos.
901 546 972 608 229.
997 565 1036 576 -
1063 527 1239 611 An.1464.

1173 635 1658 644 ..-..-.———.—.——.-.———

988 742 1074 809 229.

501 851 582 900 Anno
604 849 679 912 1464,
701 861 740 914 17.
757 850 877 915 januarii.
896 833 1010 899 Cumae.

395 943 542 1014 Mathias,
564 943 743 1016 Hungan'ac
763 950 811 1001 etc.
835 961 896 1016 rex,
920 943 1078 1012 Doroteae,
1104 941 1240 1000 viduatae
1261 949 1350 999 morte
1365 942 1495 1016 Hemirgr'
1509 940 1543 998 de
1559 939 1662 1011 Sused,

396 1040 482 1104 vetat,
505 1039 540 1090 ut
559 1033 589 1088 in
619 1030 736 1090 Stubico
758 1031 934 1105 possessione
957 1049 976 1086 a
997 1030 1106 1088 civibus
1134 1031 1367 1104 cognobiensilms
1388 1031 1525 1089 tributum
1546 1037 1575 1087 ct
1594 1029 1661 1088 telo

883 1121 962 1176 nium
976 1127 1071 1192 porro
1086 1127 1181 1196 petat.

1120 1239 1275 1288 Commissio
1294 1239 1398 1304 propria
1416 1237 1513 1290 domini
1531 1239 1608 1302 regis.

501 1336 631 1395 Mathias
656 1334 706 1392 dei
721 1335 825 1408 gracia
840 1350 895 1392 rex
919 1333 1086 1408 Hungarie‚
1103 1334 1271 1405 Dalmacie,
1289 1333 1417 1392 Croacie
1433 1337 1488 1393 etc
1505 1332 1661 1391 Generose

395 1442 519 1501 domine
531 1441 696 1512 Dorothee‚
707 1440 816 1498 relicte
827 1439 960 1498 condam
971 1440 1125 1512 Hermyng
1141 1439 1180 1496 de
1191 1439 1389 1512 Zomzeduar‚
1401 1439 1534 1497 salutem
1550 1445 1580 1497 et
1591 1453 1660 1512 gra-

394 1550 482 1606 ciam.
498 1547 682 1621 Expositum
697 1547 798 1604 extitit
813 1546 964 1604 maiestati
987 1551 1090 1604 nostre
1106 1546 1138 1604 in
1162 1546 1300 1618 personis
1322 1545 1464 1604 fidelium
1481 1552 1660 1603 nostrorum

392 1653 581 1729 prudentum
604 1658 634 1710 et
656 1637 950 1726 circumspectorum
974 1651 1114 1709 virorum
1140 1649 1250 1727 J'udicis
1273 1657 1304 1710 et
1328 1650 1511 1728 juratorum,
1542 1655 1659 1709 cetero·

392 1775 526 1833 rumque
549 1759 666 1816 civium
688 1763 718 1816 et
732 1758 829 1816 tocius
844 1756 1075 1815 communitatis
1098 1757 1231 1815 ciuitatis
1247 1763 1350 1815 nostre
1366 1757 1480 1816 montis
1496 1756 1659 1816 Grecensis

392 1864 564 1924 admodum
579 1864 684 1937 gravis
709 1863 840 1936 querele,
865 1861 948 1935 quod
972 1863 1116 1935 quamvis
1136 1863 1246 1921 eadem
1278 1863 1386 1922 civitas
1416 1870 1522 1922 nostra
1545 1863 1659 1921 montis

393 1972 554 2032 Grecensis
569 1987 605 2029 ac
621 1969 755 2028 universi
771 1969 863 2040 cives,
886 1969 1023 2043 hospites
1046 1973 1076 2026 et
1098 1969 1320 2028 inhabitatores
1343 1969 1481 2028 eiusdem
1498 1985 1554 2044 per
1569 1969 1658 2028 divos

393 2094 481 2152 reges
496 2076 665 2150 Hungarie,
683 2081 804 2134 nostros
827 2075 944 2132 scilicet
966 2074 1208 2148 predecessores,
1231 2075 1272 2132 ab
1288 2075 1373 2132 omni
1388 2075 1545 2133 solucione
1562 2075 1658 2133 tribu·

392 2191 496 2244 torum
520 2189 550 2242 et
569 2182 778 2241 theloniorum
800 2181 989 2252 ubicumque
1012 2181 1096 2238 etin
1119 2195 1315 2254 quocumque
1338 2181 1408 2239 loco
1423 2181 1455 2238 in
1478 2181 1581 2254 regnis
1604 2196 1659 2239 no·

392 2292 464 2350 stris
480 2289 647 2362 Hungarie,
670 2286 830 2344 Dalmacie
852 2292 882 2344 et
899 2285 1027 2369 Croacie
1050 2285 1197 2360 predictis
1219 2301 1255 2344 ac
1280 2286 1422 2360 partibus
1445 2286 1563 2345 eisdem
1585 2289 1656 2345 sub·

392 2398 478 2455 iectis
501 2396 682 2453 habitorum
705 2397 735 2450 et
756 2392 838 2465 exigi
853 2393 1026 2464 solitorum,
1042 2393 1181 2466 graciose
1204 2398 1349 2466 exempta
1364 2393 1404 2451 sit
1427 2397 1457 2450 et
1479 2395 1657 2467 supportati

391 2503 572 2572 habeantur,
596 2505 699 2559 tamen
722 2515 778 2558 vos
794 2501 826 2557 in
848 2500 1041 2572 possessione
1066 2499 1262 2572 Zthobyczan
1285 2505 1395 2557 vocata
1419 2498 1579 2572 quoddam
1601 2501 1655 2560 tri·

391 2608 503 2666 butum
526 2621 645 2665 novum
662 2605 739 2679 erigi
762 2604 919 2677 fecissetis,
936 2610 966 2663 et
989 2605 1019 2662 in
1036 2605 1146 2663 eodem
1162 2619 1244 2663 novo
1268 2606 1386 2664 tributo
1409 2621 1504 2679 super
1519 2605 1657 2680 prefatos

391 2713 475 2772 cives
503 2717 626 2772 nostros
655 2727 691 2770 ac
713 2711 935 2770 inhabitatores
958 2711 1038 2770 dicte
1061 2713 1194 2770 civitatis
1216 2717 1320 2770 nostre
1344 2713 1458 2770 montis
1474 2711 1654 2786 Grecensis,

391 2834 503 2892 resque
525 2825 556 2877 et
570 2820 652 2890 bona
667 2819 808 2892 ipsorum
827 2817 978 2891 quasdam
991 2819 1170 2876 tributarias
1186 2819 1365 2877 exacciones
1387 2825 1493 2877 contra
1520 2818 1657 2893 prefatas

316 2935 320 2944 ·
391 2939 501 2983 eorum
516 2925 675 2982 libertates
691 2925 773 2997 exigi
789 2923 938 2996 faceretis,
954 2923 1141 2998 eosdemque
1162 2931 1326 3000 propterea
1349 2924 1504 2999 impediri,
1530 2925 1655 2983 turbare

391 3037 421 3088 et
444 3029 668 3104 dampnificare
688 3029 828 3090 taceretis
853 3033 885 3090 in
908 3032 1047 3104 ipsorum
1072 3029 1224 3088 libertatis
1247 3031 1465 3104 preiudicium,
1483 3029 1655 3106 dampnum

391 3151 517 3210 quoque
541 3143 571 3194 et
600 3151 771 3210 gravamen
793 3137 886 3196 valde
908 3152 1065 3210 magnum.
1099 3137 1136 3194 Et
1160 3137 1232 3210 quia
1255 3153 1312 3196 nos
1335 3136 1473 3212 prefatos
1496 3137 1580 3195 cives
1602 3151 1656 3195 no·

283 3257 288 3269 ·
390 3247 471 3300 stros
494 3247 524 3300 et
547 3243 721 3316 quemlibet
743 3259 852 3302 eorum
875 3244 907 3302 in
930 3243 1110 3317 prescriptis
1133 3243 1274 3317 ipsorum
1295 3244 1430 3317 antiquis
1447 3243 1654 3314 libertatibus,

390 3345 576 3424 juribusque
607 3353 637 3407 et
669 3350 942 3408 consuetudinibus
973 3349 1198 3408 inviolabiliter
1228 3351 1405 3409 conservari
1430 3351 1586 3419 volumus,
1609 3351 1655 3424 ip·

393 3469 506 3528 sosque
538 3455 570 3513 in
593 3455 710 3514 eisdem
742 3471 799 3530 per
822 3456 1001 3530 quempiam
1034 3455 1232 3513 subditorum
1255 3461 1434 3514 nostrorum
1456 3455 1602 3530 impediri
1626 3464 1656 3514 et

390 3561 511 3619 turbari
543 3576 605 3619 non
636 3561 799 3634 volumus·
823 3560 893 3619 ideo
927 3561 1017 3618 vobis
1040 3561 1152 3619 harum
1176 3562 1254 3619 serie
1277 3560 1410 3620 firmiter
1432 3562 1655 3620 committimus

394 3673 423 3724 et
448 3667 641 3738 mandamus,
675 3672 825 3740 quatenus
856 3667 970 3725 amodo
993 3667 1138 3742 deinceps
1162 3667 1340 3726 huiusmodi
1363 3667 1543 3726 tributarias
1567 3681 1656 3725 exac-

389 3773 492 3831 ciones
522 3787 616 3846 super
646 3771 783 3847 prefatos
813 3774 904 3846 cives,
935 3773 1072 3848 hospites
1103 3780 1132 3832 et
1162 3773 1279 3832 incolas
1314 3773 1395 3832 dicte
1434 3773 1569 3832 civitatis
1601 3787 1655 3831 no·

389 3883 453 3936 stre
475 3881 590 3937 montis
613 3878 774 3938 Grecensis
804 3880 855 3937 vel
886 3881 1024 3953 aliquem
1054 3895 1172 3951 eorum,
1203 3895 1251 3938 res
1287 3894 1412 3953 quoque
1439 3887 1470 3938 et
1494 3881 1576 3938 bona
1602 3893 1653 3937 eo·

390 3983 535 4042 rumdem
566 3991 672 4044 contra
703 3985 839 4060 prefatas
862 3987 1002 4060 ipsorum
1025 3987 1166 4060 antiquas
1189 3987 1349 4044 libertates
1372 3987 1403 4044 in
1427 3985 1548 4060 prefato
1572 3999 1655 4044 novo

392 4091 510 4148 tributo
533 4097 637 4149 vestro
661 4092 692 4149 in
715 4090 797 4150 dicta
820 4093 1012 4165 possessione
1035 4092 1232 4165 Zthobyczan
1254 4093 1337 4165 exigi
1359 4093 1452 4150 solito
1475 4098 1505 4150 et
1527 4092 1560 4150 in
1582 4091 1652 4150 aliis

388 4197 513 4255 tributis
543 4198 654 4255 vestris
678 4197 760 4270 exigi
783 4196 884 4256 tacere
907 4213 1060 4272 nusquam
1085 4203 1115 4255 et
1137 4213 1334 4272 nequaquam
1368 4199 1564 4272 presumatis,
1588 4212 1654 4256 eos·

388 4301 522 4375 demque
552 4307 718 4376 propterea
753 4303 784 4360 in
815 4303 955 4378 ipsorum
989 4305 1138 4378 personis,
1178 4305 1333 4378 rebusque
1368 4311 1398 4362 et
1421 4305 1513 4362 bonis
1546 4319 1653 4362 eorum

389 4408 582 4481 quibuslibet
612 4407 775 4482 impediri,
807 4409 927 4467 turbari
960 4415 991 4467 et
1025 4409 1240 4484 dampnificari
1272 4409 1373 4469 facere
1412 4389 1478 4468 non'
1516 4409 1654 4468 debeatis

386 4529 442 4572 nec
473 4514 539 4571 sitis
570 4515 636 4572 ausi
669 4514 762 4573 modo
793 4515 923 4588 aliquali
956 4517 1059 4588 gracie
1082 4522 1186 4574 nostre
1208 4518 1266 4574 sub
1290 4521 1429 4590 optentu.
1453 4516 1653 4574 Presentibus

386 4620 540 4694 perlectis
564 4620 722 4679 exhibenti
745 4622 901 4680 restitutis.
936 4621 1052 4680 Datum
1075 4622 1108 4680 in
1130 4622 1264 4680 Chasma
1288 4621 1365 4681 feria
1387 4623 1482 4681 tercia
1508 4623 1653 4696 proxima

386 4733 457 4786 ante
488 4725 601 4786 festum
625 4727 714 4786 beate
737 4727 840 4785 Prisce
862 4728 999 4800 virginis.
1028 4731 1116 4787 Anno
1152 4727 1270 4787 domini
1305 4729 1475 4788 millesimo
1507 4728 1654 4803 quadrin-

386 4836 557 4908 gentesimo
579 4835 771 4906 sexagesimo
795 4843 916 4906 quarto.

492 4933 625 4998 originale
644 4935 785 4993 ischariot,
805 4936 831 4984 in
850 4949 901 4998 qua
920 4934 1036 4999 sigillum
1055 4937 1137 4985 maius
1156 4937 1316 5001 impressum.
1336 4937 1368 4984 In
1385 4936 1479 4988 archiv.
1497 4937 1556 4988 incl.
1568 4937 1653 4988 Aead.

386 5005 482 5056 Scient.
501 5005 599 5056 Slavor.
619 5007 708 5056 merid.
