3932 5806
372 473 432 534 288
784 475 858 534 Doc.
882 487 950 552 231.
977 507 1014 520 -
1038 475 1096 534 Aa.
1119 473 1238 556 1464·
1276 551 1282 559 ι

369 689 497 762 damus,
528 693 680 763 quatenus
712 687 787 748 visis
816 690 1028 764 presentibus,
1059 691 1156 750 nullis
1186 691 1257 750 aliis
1287 691 1399 750 litteris
1427 698 1459 752 et
1481 693 1636 754 mandatis

365 795 482 882 nostris
504 793 672 870 superinde
694 797 939 870 expectantibus,
962 798 1184 872 occasioneque
1208 797 1349 872 qualibet
1372 804 1498 873 semota,
1521 799 1636 860 amodo

309 927 315 935 ·
368 900 524 976 deinceps,
539 901 719 961 huiusmodi
741 903 913 976 superfluas
936 909 966 960 et
987 901 1115 980 injustas
1130 904 1310 962 tributarias
1326 905 1503 964 exacciones
1519 906 1550 965 in
1566 921 1635 981 pre·

368 1005 433 1066 fato
456 1007 574 1066 tributo
596 1012 701 1066 vestro
722 1007 977 1092 Jaztraboreczlra
1001 1009 1082 1082 exigi
1097 1009 1191 1068 solito
1204 1013 1236 1068 'et
1251 1009 1284 1068 in
1299 1009 1370 1069 aliis
1382 1009 1507 1070 tributis
1522 1013 1635 1072 vestris

366 1128 462 1188 super
491 1112 628 1188 prefatos
662 1114 745 1173 cives
777 1107 846 1193 (nec
874 1129 936 1173 non
967 1115 1084 1174 incolas
1107 1120 1137 1174 et
1157 1115 1381 1174 inhabitatores
1404 1109 1535 1195 prefate)
1558 1117 1634 1176 ciri·

368 1219 439 1278 tatis
462 1225 568 1278 nostre
590 1221 705 1280 montis
728 1219 891 1279 Grecensis
914 1221 966 1279 vel
988 1221 1128 1295 aliquem
1151 1236 1268 1293 eorum,
1292 1237 1403 1296 resque
1425 1229 1456 1280 et
1478 1223 1560 1282 bona
1584 1237 1634 1282 eo·

306 1403 309 1411 Ι
366 1323 512 1384 rumdem
536 1339 734 1400 quecumque
756 1331 863 1384 contra
882 1325 978 1384 dictas
1002 1341 1111 1385 eorum
1132 1327 1274 1400 antiquas
1304 1327 1473 1399 libertates,
1503 1326 1634 1406 juraque
1745 1326 1751 1334 '

367 1436 397 1489 et
421 1419 656 1490 consuetudines
689 1431 772 1505 exigi
806 1431 906 1491 facere
938 1447 1001 1491 non
1031 1432 1178 1506 debeatis,
1210 1448 1310 1506 neque
1333 1433 1431 1492 eciam
1453 1434 1634 1494 huiusmodi

368 1536 522 1596 indebitas
542 1543 574 1596 et
595 1535 725 1614 injustas
747 1539 953 1600 arestaciones
976 1539 1007 1596 in
1026 1539 1121 1597 rebus
1143 1553 1180 1597 ac
1202 1539 1293 1598 bonis
1309 1545 1339 1596 et
1354 1540 1495 1614 personis
1510 1555 1633 1599 eorum·

367 1643 441 1702 dem
463 1645 581 1703 civium
604 1650 784 1704 nostrorum
807 1645 840 1704 in
861 1644 951 1704 dictis
974 1647 1074 1718 terris,
1097 1646 1218 1717 tenutis,
1242 1644 1389 1704 dominiis
1411 1651 1441 1705 et
1463 1647 1631 1721 possessio·

315 1762 316 1766 ’
366 1751 459 1810 nibus
489 1751 602 1810 vestris
618 1766 690 1825 ‚per
719 1753 886 1827 quospiam
907 1757 938 1810 et
960 1751 1000 1810 ad
1026 1753 1210 1826 quorumvis
1238 1753 1421 1812 instanciam
1444 1753 1631 1827 permittatis

366 1856 443 1929 fieri,
468 1856 656 1940 eosdemque
679 1857 761 1916 cives
784 1865 814 1916 et
837 1857 1065 1918 inhabitatores
1089 1857 1211 1932 prefate
1234 1859 1367 1918 civitatis
1389 1863 1494 1918 nostre
1516 1857 1631 1917 montis

344 1962 529 2053 ,Grecensis'
550 1963 603 2022 rei
624 1963 763 2037 aliquem
786 1979 894 2022 eorum
915 1970 1044 2039 propter
1074 1965 1133 2022 hoc
1163 1964 1195 2022 in
1227 1965 1375 2037 personis,
1409 1965 1565 2038 rebusque
1600 1968 1631 2022 et

365 2069 455 2128 bonis
478 2069 618 2143 ipsorum
643 2071 837 2143 quibuslibet
858 2069 1019 2144 impedire,
1043 2071 1170 2129 turbare
1193 2070 1245 2128 vel
1268 2051 1380 2144 quoiis
1403 2067 1498 2130 modo
1521 2047 1631 2144 damp-

364 2175 497 2251 nificari
516 2175 617 2234 iacere
646 2191 799 2260 nusquam
831 2180 862 2235 et
891 2190 1088 2250 nequaquam
1118 2177 1306 2250 presumatis
1336 2190 1436 2250 neque
1467 2175 1534 2234 sitis
1564 2175 1631 2234 ausi

365 2281 460 2341 modo
483 2281 615 2355 aliquali
637 2282 740 2355 gracie
762 2287 866 2340 nostre
888 2281 948 2340 sub
971 2287 1108 2356 optentu.
1130 2281 1178 2339 De
1200 2281 1345 2356 dampnis
1368 2295 1453 2354 vero,
1476 2295 1538 2355 que
1559 2280 1631 2339 hac·
1696 2301 1706 2318 ·

366 2393 454 2446 tenus
484 2403 541 2464 per
555 2413 557 2416 ·
572 2386 752 2446 huiusmodi
783 2385 912 2463 injustas
942 2393 972 2446 et
1002 2385 1174 2462 superiluas
1197 2386 1376 2446 tributarias
1398 2385 1576 2445 exacciones
1599 2391 1630 2445 et

364 2509 470 2566 rerum
492 2509 528 2552 ac
551 2494 706 2552 bonorum
725 2492 881 2552 indebitas
905 2492 1108 2552 arestaciones
1131 2491 1248 2552 eisdem
1271 2493 1392 2552 civibus
1415 2493 1528 2551 nostris
1551 2493 1631 2551 intu-

364 2601 445 2660 listis
475 2605 505 2659 et
534 2599 667 2672 irrogari
697 2597 823 2671 lecistis,
854 2599 930 2673 ipsis
961 2598 1102 2672 plenarie
1131 2593 1353 2656 omnimodam
1383 2595 1629 2656 satisfaccionem

364 2706 476 2766 talium
505 2720 612 2764 rerum
643 2703 721 2762 adeo
743 2704 939 2779 impendatis,
963 2720 1002 2762 ne
1024 2702 1120 2761 iidem
1143 2702 1311 2776 superinde
1336 2701 1557 2776 quoquomodo
1580 2715 1629 2762 oo·

363 2819 477 2888 gantur
499 2811 658 2887 querulari
681 2804 723 2891 (et
746 2802 927 2888 molestari).
959 2808 1053 2868 Secus
1083 2823 1146 2866 non
1176 2805 1297 2867 facturi.
1332 2808 1530 2868 Presentibus
1560 2822 1629 2882 per·

363 2921 459 2993 lectis,
491 2918 650 2978 exhibenti
679 2917 837 2977 restitutis.
866 2917 984 2975 Datum
1016 2916 1047 2973 in
1079 2913 1214 2972 Chasma
1245 2914 1390 2989 proxima
1421 2919 1491 2972 ante
1514 2912 1628 2972 testum

363 3026 453 3085 beate
475 3023 578 3084 Prisce
602 3023 739 3098 virginis.
763 3023 853 3081 Anno
877 3022 1005 3082 domino
1028 3019 1197 3079 millesimo
1214 3019 1519 3094 quadringentesimo
1541 3033 1627 3078 sexa·

361 3132 480 3206 gesimo
504 3137 622 3205 quarto.

467 3266 601 3332 Originale
619 3267 647 3318 in
665 3255 761 3326 charta,
780 3273 819 3317 sat
837 3279 949 3318 exesum.
968 3265 1000 3314 In
1019 3265 1134 3329 margine
1151 3263 1268 3314 inferiori
1285 3263 1438 3328 impressum
1451 3267 1490 3312 est
1503 3259 1625 3326 sigillum.

360 3357 394 3406 In
411 3355 507 3409 archia.
527 3356 588 3410 incl.
607 3356 691 3410 Acad.
710 3356 806 3409 Scient.
825 3355 924 3407 Slavor.
943 3353 1034 3406 merid.

954 3584 1035 3651 231.

465 3731 545 3781 Anno
568 3729 642 3794 1464,
663 3740 704 3793 24.
724 3729 817 3782 martii.
836 3727 934 3780 Bndne.

246 3923 250 3932 ,
358 3857 388 3917 Α
409 3856 539 3926 Mathia,
559 3855 719 3930 Hungarie
740 3863 787 3914 etc.
811 3874 886 3930 rege,
916 3853 1115 3914 communitate
1136 3853 1262 3912 ciuitates
1276 3856 1416 3926 precante
1430 3843 1624 3928 priuilegium

327 3957 330 3964 ’
358 3965 448 4024 Belac
469 3959 492 4022 I
495 3963 525 4022 V.
547 3963 633 4037 regis,
657 3981 714 4038 qua
735 3965 809 4022 cives
823 3963 1022 4037 aagrabienses
1044 3979 1064 4018 a
1083 3959 1267 4034 vectigalibus
1282 3957 1451 4031 tn'bua'sque
1462 3962 1518 4030 pra
1533 3969 1622 4012 aurae

689 4069 873 4146 pensitanda
887 4070 1077 4140 ,eliberantun
1097 4067 1294 4144 confirmaatr.

463 4213 595 4272 Mathias
626 4213 676 4272 dei
706 4215 810 4288 gracia
832 4213 999 4288 Hungarie,
1022 4211 1191 4283 Dalmacie,
1214 4209 1350 4281 Croacie,
1374 4207 1480 4278 Reme,
1503 4203 1624 4276 Seruis,
1714 4295 1718 4304 1

356 4319 496 4394 Gallicie,
521 4318 713 4394 Lodomerie,
736 4320 894 4394 Cumanie,
920 4318 1125 4392 Bulgarieque
1148 4333 1210 4375 rex.
1234 4314 1387 4374 Omnibus
1409 4311 1525 4370 Christi
1546 4309 1622 4369 fide·

357 4427 442 4487 libus
465 4427 662 4502 presentibus
685 4431 716 4486 et
739 4425 851 4486 futuris
874 4425 1072 4501 presencium
1093 4423 1241 4482 noticiam
1263 4419 1417 4479 habituris
1440 4417 1575 4476 salutem
1590 4416 1622 4475 in

356 4533 496 4594 omnium
520 4533 683 4592 salvatore.
707 4533 788 4592 Cum
810 4547 941 4608 regnum
964 4529 1076 4589 stabile
1098 4527 1177 4586 nihil
1201 4527 1309 4600 magis,
1325 4537 1421 4599 quam
1438 4537 1528 4582 amor
1549 4521 1622 4581 suh
1656 4599 1677 4613 ι.

249 4706 252 4714 ,
356 4639 495 4700 ditorum
518 4639 668 4714 perficiat,
691 4639 817 4715 expedit
839 4652 964 4713 semper
987 4634 1182 4710 principibus
1212 4638 1301 4705 grata
1322 4627 1539 4688 munificencia
1558 4627 1622 4685 suis

354 4763 387 4806 se
410 4745 540 4805 reddere
570 4745 725 4818 liberales,
756 4752 791 4803 ut
821 4744 897 4804 dum
926 4741 1120 4802 fervencium
1142 4739 1262 4798 animos
1286 4734 1438 4796 continuis
1462 4732 1621 4793 beneficiis

354 4853 416 4912 sibi
439 4845 611 4925 conciliant,
635 4866 695 4924 eos,
713 4865 802 4909 amor
825 4850 932 4926 pocius
956 4861 1051 4923 quam
1070 4846 1173 4916 timor,
1189 4847 1353 4918 promptos
1376 4839 1440 4899 suis
1463 4839 1621 4913 obsequiis

353 4958 483 5034 allicmt,
506 4957 678 5033 firmosque
699 4957 732 5015 in
753 4955 816 5015 fide
838 4955 931 5015 iaciat
946 4960 977 5014 et
991 4957 1172 5014 constantes.
1196 4949 1328 5010 Proinde
1343 4948 1384 5007 ad
1401 4947 1620 5006 universorum
