3736 5826
718 536 910 608 Argamum.
1301 535 1454 594 ccxxix

1374 757 1456 812 Pagina

272 846 359 893 quae
389 833 469 882 Sudic
495 833 558 882 civis
583 849 648 882 uxor
672 833 729 889 fuit,
755 833 882 895 Gregorio
907 833 1016 888 cuidam,
1035 832 1080 896 qui
1100 847 1126 881 se
1151 833 1206 896 ejus
1232 839 1356 898 nepotem¹

275 922 401 980 fatetur,
420 922 622 971 administranda
641 923 724 971 tradat
731 942 1346 961 ···································
1408 931 1457 984 207

172 1016 243 1071 150.
277 1009 379 1059 Anno
400 1019 476 1075 1450,
496 1021 538 1060 20.
558 1011 679 1074 Augusti.
700 1010 846 1074 Zagrabiae.
867 1008 981 1066 Ulricus,
1006 1024 1092 1058 comes
1111 1007 1199 1058 Cileae
1217 1015 1242 1057 et
1261 1008 1350 1066 bauus,

278 1097 314 1145 in
350 1113 437 1157 causa,
465 1113 531 1162 qnae
558 1099 625 1147 inter
653 1099 822 1162 Henningum
847 1105 873 1145 et
899 1097 1107 1146 communitatem
1126 1097 1237 1146 civitatis
1257 1095 1351 1147 montis

282 1187 436 1236 Grecensis
454 1189 547 1250 agitur,
567 1187 635 1236 diem
655 1188 820 1236 constitutam
840 1193 961 1252 prorogat
980 1210 1342 1226 ·····················

175 1281 245 1338 151.
284 1273 374 1325 Circa
401 1292 443 1327 au.
473 1288 547 1342 1450,
574 1287 615 1325 21.
647 1275 806 1340 septembris.
841 1274 931 1324 Ciliae.
960 1273 1065 1322 Ulricus
1098 1288 1183 1322 comes
1212 1272 1300 1322 Cileae
1326 1278 1352 1320 et

284 1364 389 1422 banus,
409 1365 542 1414 comitatui
561 1365 677 1413 crisiensi
696 1364 829 1429 praecipit,
848 1370 877 1412 ut
896 1378 1006 1418 causam,
1033 1377 1098 1425 quae
1124 1363 1191 1412 inter
1210 1360 1351 1426 capitulum

284 1452 471 1516 zngrabiense,
490 1453 753 1516 communitatemque
771 1452 882 1502 civitatis
902 1451 996 1500 montis
1016 1449 1153 1500 Grecensis
1173 1452 1205 1499 de
1224 1451 1352 1500 sedecima

286 1541 350 1590 vini
377 1549 402 1590 et
427 1542 529 1605 frugum
556 1541 582 1590 in
602 1541 732 1590 territorio
750 1541 862 1590 civitatis
880 1539 974 1589 montis
994 1539 1131 1590 Grecensis
1151 1540 1351 1588 excrescentium

286 1629 390 1692 agitur,
410 1629 443 1678 ad
463 1629 540 1678 finem
559 1630 670 1678 adducat
677 1653 754 1668 ·····
766 1667 772 1680 .
784 1652 1346 1668 ································

183 1727 253 1780 152.
293 1719 380 1766 Anno
402 1729 477 1782 1450,
497 1717 521 1774 6,
541 1718 663 1770 octobris.
684 1717 833 1782 Zagrabiae.
854 1715 1031 1766 Communitas
1050 1713 1161 1766 civitatis
1180 1716 1274 1766 montis
1288 1716 1351 1763 Gre-

294 1807 392 1864 censis,
421 1807 582 1856 Fridericum
610 1807 705 1855 benum
733 1811 814 1870 rogat,
842 1812 871 1854 ut
899 1805 1015 1868 Heuiugi
1044 1805 1076 1852 de
1105 1820 1171 1854 nova
1194 1805 1236 1853 via
1254 1803 1352 1853 munita

300 1897 474 1945 accusationis
494 1895 633 1960 exemplar,
652 1895 702 1945 sibi
722 1895 812 1944 edatur
824 1917 1347 1936 ······························

192 1996 261 2048 153.
300 1985 383 2033 Auno
406 1997 480 2050 1450,
515 1997 555 2046 24.
581 1985 701 2035 octobris.
729 1983 877 2047 Zagrabiae.
904 1983 1051 2032 Fridericus
1075 1983 1156 2032 banus
1182 1981 1296 2047 capitulo
1314 1998 1353 2031 aa·

297 2073 429 2136 grabiensi
449 2073 561 2130 mandat,
580 2079 609 2122 ut
628 2072 787 2136 Heningum,
807 2073 852 2135 qui
870 2072 991 2120 adversus
1016 2073 1223 2121 communitatem
1242 2071 1353 2120 civitatis

297 2162 395 2210 montis
423 2162 561 2210 Grecensis
590 2160 662 2210 litem
691 2177 769 2225 agens
798 2161 839 2210 die
858 2161 997 2210 constituta
1015 2161 1042 2209 in
1059 2161 1185 2225 J'udicium
1205 2172 1256 2208 non
1275 2159 1352 2217 veuit,

299 2249 421 2300 mulctam
441 2252 570 2308 minitans,
589 2251 676 2316 injus
695 2252 757 2300 citet
765 2275 1344 2290 ·································

203 2351 272 2404 154,
304 2341 386 2388 Anno
417 2351 492 2404 1450,
520 2339 562 2390 26.
592 2339 711 2390 octobris.
737 2339 885 2401 Zugrabiae.
914 2339 1062 2388 Fridericus
1090 2339 1171 2388 banus
1200 2338 1297 2394 statuit,
1324 2344 1352 2385 nt

302 2429 441 2492 Heningus
461 2429 501 2478 sui
518 2427 583 2492 juris
604 2429 693 2477 tributi
711 2445 727 2477 a
746 2428 845 2477 civibus
864 2428 959 2480 montis
978 2428 1117 2478 Grecensis
1137 2427 1257 2491 erigendi
1277 2426 1349 2475 testi·

301 2517 396 2573 monia,
415 2517 437 2565 si
456 2517 559 2572 habeat,
578 2517 611 2565 ad
627 2517 741 2580 judicem
760 2516 850 2566 afferat
858 2539 1345 2556 ····························

204 2615 270 2670 155.
301 2605 382 2654 Anno
413 2605 486 2670 1456,
516 2618 558 2668 30.
585 2605 705 2654 octobris.
734 2606 882 2669 Zagrabiae.
912 2604 1003 2654 Coram
1032 2603 1146 2669 capitulo
1164 2603 1265 2667 zagrab.
1285 2617 1353 2651 com-

300 2693 411 2741 munitas
430 2693 543 2742 civitatis
562 2694 656 2742 montis
675 2694 812 2743 Grecensis
831 2694 940 2742 occurrit
967 2694 1118 2757 Heningum
1143 2690 1290 2758 abjudicata
1309 2691 1352 2740 tri·

301 2781 364 2828 buta
382 2797 396 2829 a
415 2797 442 2828 se
462 2782 517 2846 ipsa
534 2781 649 2844 flagitare
666 2805 1350 2822 ·······································

209 2869 273 2934 156.
305 2871 385 2918 Anno
407 2882 481 2934 1450,
502 2883 535 2932 29
563 2871 720 2922 novembris.
740 2870 887 2934 Zagrabiae.
914 2871 1062 2936 Capitulum
1082 2870 1183 2935 zagrab.
1204 2871 1355 2932 Heningum

305 2959 336 3006 de
356 2959 438 3008 Sused
456 2959 484 3008 in
503 2960 563 3009 bani
580 2961 696 3024 judicum
720 2967 838 3010 vocatum
864 2976 920 3009 esse
945 2961 1078 3010 Friderico
1096 2961 1164 3008 bano
1183 2959 1349 3008 nuntiat····

215 3074 275 3131 157.
297 3066 377 3114 Anno
401 3078 474 3131 1451,
498 3078 536 3126 19.
556 3067 617 3116 maii
644 3066 792 3131 Zagrabiae
812 3067 905 3116 Coram
922 3067 1056 3116 Friderico
1074 3067 1142 3115 bano
1155 3073 1181 3113 et
1193 3065 1266 3128 regni
1280 3063 1352 3113 nobi-

306 3153 375 3203 libus
405 3157 575 3204 communitas
612 3157 723 3206 civitatis
753 3157 848 3205 montis
885 3156 1023 3204 Grecensis
1053 3155 1262 3204 intercessionem
1292 3153 1354 3202 tacit

311 3245 434 3308 Heningo
454 3245 486 3292 de
505 3245 596 3305 Sused,
616 3245 661 3309 qui
677 3245 730 3310 jam
749 3245 790 3294 bis
809 3245 1000 3302 condemnatus,
1017 3261 1032 3293 a
1050 3243 1150 3294 civibus
1168 3243 1291 3292 tributum
1310 3256 1357 3307 pro

303 3343 387 3381 merce
406 3333 505 3396 flagitat
524 3355 1350 3373 ···············································

217 3422 275 3486 158.
303 3422 384 3471 Auno
415 3433 489 3486 1451,
518 3424 558 3472 28.
589 3423 658 3475 maii.
688 3423 837 3486 Zagrabiae.
871 3425 1000 3472 Martinus
1027 3424 1119 3487 Cipsar
1147 3421 1356 3470 communitatem

303 3510 413 3559 civitatis
431 3512 526 3560 montis
546 3512 685 3561 Grecensis
698 3527 744 3576 pro
757 3512 834 3561 domo
847 3519 872 3560 et
885 3512 962 3576 agris,
975 3527 1040 3575 quos
1053 3517 1189 3575 empserat,
1204 3510 1245 3570 96.
1258 3523 1356 3558 marcas

304 3599 466 3648 denariorum
486 3600 536 3649 sibi
555 3599 663 3649 solvisse
682 3615 767 3650 coram
785 3600 899 3665 capitulo
918 3600 1077 3664 zagrubiensi
1097 3615 1158 3664 prae
1178 3615 1205 3647 se
1224 3599 1273 3646 lert

218 3713 277 3768 159.
307 3703 388 3753 Anno
409 3715 483 3770 1451,
507 3717 544 3768 17.
574 3707 698 3769 Augusti.
727 3705 873 3769 Zagrabiae.
904 3706 1094 3756 Communitate
1122 3706 1233 3755 civitatis
1261 3703 1356 3753 montis

307 3793 444 3843 Grecensis
476 3801 603 3858 precante,
637 3795 773 3843 comitatus
803 3795 977 3858 zagrabiensis
1008 3795 1178 3858 inquisitione
1208 3793 1355 3848 constituta,

306 3883 457 3944 Heningum
476 3883 527 3931 iam
546 3883 752 3942 condemnatum,
772 3899 787 3932 a
804 3883 988 3933 mercatoribus
1004 3882 1213 3948 ragrabiensibus
1233 3881 1355 3930 tributum

309 3984 445 4033 exposcere
464 3971 559 4034 reperit
571 3995 587 4038 ⁰,
589 3993 1346 4011 ···········································

220 4075 278 4127 160.
306 4077 387 4125 Anno
415 4088 490 4142 1451,
515 4089 556 4142 25.
582 4077 704 4128 octobris.
730 4079 877 4141 Zagrabiae.
898 4079 989 4128 Coram
1008 4079 1108 4128 notario
1127 4077 1233 4142 publico
1252 4074 1355 4124 Helena

308 4166 441 4226 quaedam,
461 4166 568 4229 Georgii
588 4172 613 4214 et
630 4165 756 4230 Stephani
775 4168 955 4216 canonicorum
975 4168 1080 4225 coctrix,
1100 4167 1214 4230 quinque
1233 4179 1356 4214 annorum

305 4254 357 4317 jam
386 4269 437 4302 non
464 4263 598 4318 acceptum
629 4261 749 4317 questum
780 4271 863 4314 suum,
894 4255 1138 4320 praebendariorum
1170 4255 1280 4318 collegio
1309 4268 1356 4318 pro

305 4342 404 4390 animae
423 4358 484 4390 suae
502 4349 689 4408 parentumque
709 4359 812 4392 suorum
832 4343 915 4392 salute
934 4345 1002 4393 dono
1021 4345 1064 4392 dat
1079 4366 1349 4382 ················

223 4449 280 4498 161.
308 4452 383 4498 Anno
405 4463 479 4514 1452,
500 4463 524 4502 2.
542 4449 671 4502 februarii.
692 4451 839 4514 Zagrabiae.
860 4451 952 4500 Coram
973 4451 1087 4508 Urban0,
1108 4449 1196 4498 villico
1216 4449 1265 4496 vici
1286 4448 1356 4496 Lati·

309 4553 407 4596 norum,
433 4537 530 4587 Ursula
553 4539 657 4587 domina
684 4545 709 4587 et
737 4539 829 4596 Givan,
856 4541 924 4588 cives
950 4540 1061 4588 civitatis
1088 4539 1182 4587 montis
1212 4538 1356 4592 Grecensis,

307 4627 430 4675 Andreae
448 4627 571 4675 canonico
590 4635 681 4676 terram
701 4643 771 4676 suam
791 4627 914 4677 arabilem
934 4629 1049 4692 quinque
1069 4627 1123 4678 flor.
1138 4627 1192 4674 auri
1206 4627 1350 4674 vendunt··
1412 4635 1425 4672 2

224 4734 279 4786 162.
308 4735 389 4782 Anno
411 4745 485 4798 1452,
509 4744 550 4796 29.
578 4734 647 4785 maii.
662 4734 814 4808 'Zagrabiae
840 4736 1010 4798 Legationum
1036 4734 1283 4782 testamentariarum
1302 4749 1317 4780 a
1336 4749 1355 4783 s.

305 4823 387 4872 Marci
406 4821 569 4888 parochianis
587 4823 743 4872 monasterio
768 4823 977 4872 Cisterciensium
996 4823 1096 4884 zagrab.
1118 4823 1250 4884 iacturum,
1272 4823 1356 4886 portio

305 4911 427 4960 canonica
446 4911 565 4976 parochis
585 4927 604 4963 s.
625 4912 709 4961 Marci
728 4913 754 4960 in
773 4913 877 4962 civitate
896 4911 1087 4960 communitatis
1107 4913 1200 4959 montis
1220 4911 1357 4959 (trecensis

308 5015 323 5048 a
341 4999 484 5048 Benedicto
501 4999 624 5064 episcopo
644 5000 771 5049 addicitur
789 5023 1350 5040 ·······························
1413 5011 1461 5046 220
