3930 5802
816 557 888 614 Dor.
914 552 983 613 160.
1011 590 1044 599 —
1072 557 1128 614 Aa.
1152 569 1239 634 1451.

401 659 706 668 m

981 871 1068 938 160.

501 1013 582 1062 Anno
604 1025 678 1078 1451,
699 1025 740 1079 25.
760 1013 872 1062 octobris
901 1014 1049 1076 Zagrabiae.

402 1139 506 1197 Coram
528 1142 642 1198 notario
656 1141 775 1215 publico
797 1141 912 1199 Helemv
934 1141 1083 1216 quaedam,
1114 1138 1237 1214 Georgii
1256 1148 1286 1200 et
1304 1139 1449 1215 Stephani
1460 1143 1661 1199 canonicorum

387 1247 513 1318 -coctrr'x,
533 1248 658 1322 quinque
681 1266 825 1306 annorum
848 1249 917 1324 jam
947 1266 1004 1304 noir
1034 1255 1175 1322 accepmm
1209 1254 1337 1322 quesmm
1370 1266 1463 1319 suum,
1478 1247 1660 1322 praebenda-

396 1353 507 1411 riorum
536 1354 653 1428 collcgio
678 1362 738 1429 pro
768 1355 883 1412 animae
915 1373 986 1412 suae
1006 1360 1224 1428 parentumque
1245 1372 1363 1411 suorum
1385 1354 1478 1412 salute
1500 1354 1573 1411 dono
1597 1353 1656 1410 dot.

501 1497 536 1556 In
558 1499 683 1556 nomine
707 1499 835 1558 domini.
858 1500 949 1556 Anno
970 1514 989 1556 a
1011 1499 1172 1558 nativitate
1194 1498 1334 1557 eiusdem
1363 1497 1534 1556 millesimo
1557 1496 1661 1556 CCCC

397 1603 654 1677 quinquagesimo
678 1606 791 1679 prime,
825 1604 996 1664 indiccione
1019 1605 1258 1679 quartadecima,
1294 1604 1343 1663 die
1372 1604 1524 1678 vigesima
1554 1605 1661 1678 quinta

397 1711 511 1768 mensis
535 1711 680 1784 octobris,
702 1712 780 1770 hora
803 1727 1006 1786 vesperarum
1029 1713 1080 1770 vel
1097 1713 1194 1786 quasi,
1211 1713 1243 1771 in
1259 1712 1310 1770 via
1326 1711 1453 1786 publica
1469 1716 1539 1770 ante
1555 1710 1660 1769 dotem

396 1831 450 1874 seu
472 1817 665 1890 prebendam
687 1819 809 1878 discreti
825 1818 886 1876 viri
916 1816 1035 1876 domini
1057 1818 1206 1876 Anthonii
1228 1817 1267 1876 de
1289 1817 1436 1890 Dubicza,
1460 1816 1656 1891 pontificatus

397 1924 583 1984 sanctissimi
616 1926 648 1984 in
681 1927 805 1985 Christo
838 1927 936 2001 patris
965 1941 1002 1984 ac
1025 1925 1144 1983 domini
1174 1924 1304 1997 Nicolai,
1328 1925 1434 1984 divina
1457 1923 1660 1998 providencia

397 2044 480 2104 pape
503 2032 611 2105 quinti,
634 2047 714 2091 anno
737 2033 854 2107 quinto.
876 2035 911 2092 In
933 2033 996 2092 mei
1017 2033 1131 2091 notarii
1153 2033 1274 2107 publici
1304 2035 1334 2090 et
1356 2033 1483 2090 testium
1503 2031 1661 2105 subscrip·

397 2137 503 2194 torum
536 2139 696 2212 presencia
730 2140 894 2198 constituta
927 2139 1134 2213 personaliter
1167 2137 1301 2213 provida
1336 2143 1365 2196 et
1394 2139 1522 2196 honesta
1546 2137 1661 2195 mulier

395 2242 492 2301 Elena
526 2249 644 2318 vocata,
677 2246 755 2305 alias
789 2247 908 2305 coctrix
940 2247 1189 2314 honorabilium¹
1208 2247 1351 2304 virorum
1385 2244 1504 2304 domini
1527 2242 1660 2302 condam

396 2347 522 2423 Georgii
546 2351 673 2424 plebani
697 2352 735 2410 de
757 2352 883 2426 Royche
906 2358 937 2412 et
966 2351 1123 2428 Stephani,
1147 2352 1251 2410 fratris
1286 2352 1334 2410 sui
1366 2352 1506 2424 carnalis,
1538 2350 1660 2408 canoni·

396 2469 505 2514 corum
528 2459 656 2516 ecclesie
679 2461 895 2532 zagrabiensis,
919 2460 1064 2518 omnibus
1094 2459 1278 2517 melioribus
1308 2457 1419 2529 modis,
1450 2456 1526 2534 jure,
1556 2457 1608 2515 via
1631 2461 1661 2514 et

396 2541 497 2635 causa,
520 2565 634 2638 quibus
657 2567 770 2625 melius
792 2572 823 2626 et
853 2566 1009 2626 efficacius
1040 2566 1151 2640 potuit,
1181 2565 1326 2623 universa
1356 2565 1489 2622 servicia
1516 2579 1572 2622 sua
1604 2579 1661 2638 per

396 2670 533 2744 quinque
563 2687 659 2731 annos
689 2672 810 2747 prefato
840 2673 969 2732 domino
1000 2671 1135 2746 Georgia
1149 2651 1188 2730 'et
1210 2688 1267 2746 per
1290 2685 1480 2744 consequens
1503 2669 1661 2744 Stephano

395 2773 485 2834 fratri
514 2793 571 2836 suo
601 2779 740 2838 exhibita
763 2785 793 2838 et
815 2779 951 2839 fideliter
975 2780 1125 2853 impensa,
1149 2777 1377 2852 eidemquoque
1400 2777 1530 2834 minime
1553 2791 1661 2851 perso-

396 2883 472 2956 luta,
496 2897 554 2958 pro
577 2885 740 2944 animabus
763 2891 929 2960 parentum
949 2901 1077 2944 suorum
1101 2890 1132 2942 et
1154 2901 1217 2958 sua,
1241 2889 1361 2942 tantum
1376 2882 1524 2942 videlicet
1539 2883 1661 2942 exsolvi

396 2993 426 3047 et
449 2991 547 3066 recipi
580 2993 673 3050 solita
708 2999 737 3052 et
771 2999 925 3066 consveta,
957 2994 1038 3051 sicut
1066 2997 1096 3051 et
1119 2993 1190 3051 aliis
1213 2991 1398 3050 coctricibus
1421 3007 1512 3050 sexus
1535 2990 1661 3050 feminei

396 3097 427 3155 in
451 3098 588 3172 capitulo
611 3100 731 3174 prefate
753 3102 881 3160 ecclesie
904 3100 1119 3173 zagrabiensis,
1143 3099 1283 3158 discretis
1313 3098 1398 3170 viris,
1431 3098 1565 3156 dominis
1594 3097 1662 3155 uni·

396 3205 494 3262 versis
517 3207 731 3280 prebendariis
762 3208 849 3266 chori
880 3207 1058 3282 pretitulate
1088 3205 1215 3264 ecclesie
1244 3203 1452 3277 zagrabiensis
1474 3204 1517 3262 ita
1547 3209 1660 3274 tamen,

396 3310 484 3384 quod
506 3312 636 3370 eandem
659 3315 691 3372 in
714 3315 911 3372 oracionibus
933 3314 1075 3386 ipsorum
1098 3326 1135 3370 eo
1158 3311 1253 3369 modo
1269 3311 1419 3368 memorie
1434 3309 1660 3380 commendent,

393 3418 472 3476 sicut
503 3423 533 3476 et
565 3419 643 3478 alios
675 3421 817 3496 ipsorum
845 3420 1039 3479 coadiutores
1064 3426 1094 3476 et
1115 3417 1328 3476 benefactores
1349 3433 1408 3494 pro
1431 3416 1541 3475 eadem
1564 3416 1658 3475 deum

395 3523 561 3598 exorando,
586 3526 680 3599 dedit,
704 3527 833 3586 donavit
863 3531 893 3608 et
927 3527 1024 3600 recipi
1058 3525 1230 3596 commisit;
1266 3526 1350 3599 ipsos
1381 3529 1485 3582 tamen
1516 3522 1660 3582 dominos

394 3630 527 3690 condam
562 3631 734 3706 Georgium
768 3639 799 3692 et
833 3632 1026 3706 Stephanum
1063 3631 1192 3689 fratrem
1227 3646 1285 3704 pro
1316 3631 1385 3689 aliis
1420 3629 1543 3687 duobus
1565 3630 1660 3701 annis,

395 3737 510 3810 quibus
532 3738 609 3811 ipsis
629 3737 750 3796 diucius
773 3744 843 3796 ante
866 3738 965 3797 dictos
981 3738 1117 3812 quinque
1133 3751 1229 3795 annos
1245 3736 1433 3808 servivisset,
1449 3750 1508 3811 pro
1524 3735 1660 3810 quadam

394 3857 493 3917 parva
535 3844 707 3917 peccuniali
737 3845 896 3902 solucione
929 3860 986 3918 per
1021 3846 1106 3919 ipsos
1140 3843 1222 3901 facta
1258 3843 1378 3917 quietos
1411 3841 1599 3901 reddidisset
1631 3847 1661 3900 et

394 3949 556 4023 expeditos
591 3951 755 4008 commisit.
790 3949 891 4024 Super
926 3950 1040 4024 quibus
1063 3950 1208 4007 omnibus
1232 3954 1261 4007 et
1284 3949 1415 4020 singulis
1439 3948 1590 4007 discretus
1610 3949 1660 4006 vir

394 4053 538 4113 domiuus
575 4056 757 4114 Valentinus
791 4055 945 4130 plebanus
979 4055 1077 4114 sancti
1111 4055 1260 4113 Anthonii
1295 4053 1333 4111 de
1367 4054 1437 4112 vico
1466 4054 1661 4127 Latinorum,

394 4161 618 4236 prebendarius
648 4169 678 4220 et
709 4162 843 4220 decanus
873 4162 1124 4238 supradictorum
1156 4160 1355 4218 dominorum
1379 4159 1660 4234 prebendariorum

392 4269 517 4326 nomine
552 4273 582 4326 et
616 4269 648 4327 in
683 4285 817 4344 persona
851 4269 993 4344 ipsorum
1028 4284 1046 4326 a
1080 4283 1131 4326 me
1165 4268 1287 4326 notario
1310 4266 1439 4339 publico
1463 4265 1660 4340 infrascripto

393 4390 489 4432 unum
514 4375 565 4432 vel
587 4376 688 4449 plura,
712 4376 877 4450 publicum
899 4391 953 4434 seu
977 4375 1105 4450 publica
1128 4375 1368 4432 instrumentum
1385 4387 1439 4430 seu
1456 4373 1660 4430 instrumenta

393 4480 462 4538 fieri
496 4487 526 4538 et
560 4481 669 4540 confici
701 4483 802 4556 peciit.
837 4484 914 4540 Acta
949 4487 1021 4540 sunt
1042 4483 1100 4540 hec
1128 4486 1158 4539 et
1181 4480 1262 4538 facta
1285 4493 1373 4550 anno,
1397 4478 1577 4550 indiccione,
1600 4477 1660 4550 die,

392 4589 471 4658 loce,
507 4590 592 4662 hora,
626 4605 732 4648 mense
765 4599 795 4647 et
825 4589 1033 4663 pontificatus,
1057 4589 1171 4662 quibus
1193 4603 1297 4662 supra.
1320 4585 1518 4643 Presentibus
1541 4585 1660 4644 ibidem

391 4695 493 4753 nobili
516 4700 547 4754 et
570 4695 713 4769 provido,
736 4695 829 4755 viris:
854 4695 1000 4754 Ladislao
1021 4694 1059 4752 de
1080 4695 1234 4766 Marocha‚
1258 4693 1336 4751 alias
1359 4691 1510 4750 familiari
1542 4690 1660 4750 domini

393 4801 542 4884 Johannis
572 4803 706 4861 cantoris
737 4807 767 4861 et
797 4802 937 4860 canonici
966 4817 1002 4858 ac
1033 4801 1141 4859 vicarii
1175 4800 1286 4859 eclesie
1308 4799 1428 4873 prefate
1451 4798 1661 4870 zagrabiensis

392 4913 423 4965 et
446 4908 607 4981 Gregorio,
639 4909 792 4980 litteratis,
827 4907 866 4967 de
889 4908 1082 4984 Kaproncza,
1105 4909 1235 4970 testibus
1258 4907 1297 4966 ad
1320 4907 1473 4981 premissa
1489 4906 1607 4964 vocatis
1629 4909 1660 4963 et

390 5015 518 5094 rogatis.
