3932 5806
685 587 758 648 θαι.
781 581 852 662 196.
878 617 917 628 -
938 585 994 642 An.
1018 593 1105 662 1457.
1466 598 1526 654 257

263 805 358 862 Elena
382 809 499 874 vocata,
523 802 631 860 relicta
655 801 786 860 condam
809 801 966 858 Valentini
997 799 1117 868 claudi,
1147 799 1224 856 olim
1256 799 1390 856 concivis
1422 798 1528 866 nostri,

262 911 322 968 filii
345 909 498 982 Gregorii,
520 925 601 966 nunc
624 923 699 965 vero
722 915 863 964 consorte
886 906 1039 978 legittima
1055 905 1145 972 Petri,
1162 905 1221 962 filii
1235 903 1343 962 Radlro
1361 903 1399 961 de
1414 904 1528 976 Koper,

263 1017 389 1074 concive
411 1019 526 1085 nostru,
551 1014 721 1087 empcionis
745 1013 847 1082 titulo,
870 1013 986 1085 partim
1009 1015 1122 1082 autern,
1147 1009 1293 1068 videlicet
1316 1015 1466 1083 quantum
1488 1007 1529 1066 ad

256 1123 393 1180 vterciam
427 1127 549 1195 partem
584 1115 723 1178 eiusdem
757 1120 845 1176 vinee
880 1125 909 1175 et
933 1118 1060 1188 konche,
1084 1118 1124 1174 ab
1148 1115 1256 1199 eadem
1280 1115 1375 1174 Elena
1398 1115 1529 1172 muliere

264 1243 322 1302 pro
346 1227 481 1300 quadam
504 1227 566 1284 alia
589 1227 679 1284 vinea
702 1225 840 1282 eiusdem
864 1225 951 1282 Pauli
982 1224 1109 1281 sartoris
1133 1239 1204 1280 curn
1236 1222 1446 1280 additamento
1476 1237 1529 1294 pe·

263 1333 376 1390 cuniali
411 1331 479 1406 jure
518 1331 758 1404 permutacionis
793 1337 822 1387 et
857 1330 1030 1387 concambii
1065 1329 1247 1387 litteratorie
1286 1333 1528 1397 concernentem‚

263 1445 357 1512 prout
380 1439 438 1496 hoc
461 1440 493 1496 in
516 1437 652 1510 quadam
677 1437 780 1494 littera
803 1441 908 1493 nostra
931 1451 984 1494 seu
1008 1435 1143 1493 civitatis
1167 1433 1304 1508 predicte
1327 1432 1527 1507 privilegiali,

263 1552 403 1618 tempore
427 1543 579 1620 judicatus
599 1544 659 1600 viri
682 1542 807 1617 providi
829 1548 859 1600 et
881 1542 1098 1616 circumspecti
1120 1540 1240 1599 Nicolai
1263 1541 1392 1599 senioris
1414 1536 1527 1614 judicis

263 1656 293 1708 et
316 1651 452 1708 concivis
473 1652 579 1722 nostri,
602 1649 661 1708 filii
684 1649 843 1720 Demetrii,
867 1648 906 1705 de
937 1663 1016 1706 anno
1049 1648 1167 1708 domini
1189 1647 1358 1706 millesimo
1383 1645 1529 1720 quadrin-

263 1757 433 1830 gentesimo
457 1757 715 1830 quinquagesimo
738 1757 847 1830 quinto
870 1755 902 1812 in
926 1754 1004 1813 festo
1027 1754 1145 1812 scilicet
1161 1733 1382 1812 heateCecilie
1397 1751 1527 1824 virginis

263 1869 294 1920 et
316 1863 452 1920 martiris
476 1862 600 1933 Christi,
624 1861 818 1935 aliquamdiu
842 1861 1005 1935 preteritis,
1029 1875 1087 1934 pro
1110 1865 1198 1934 parte
1221 1861 1318 1934 ipsius
1349 1859 1439 1916 Pauli
1464 1872 1529 1916 sar·

263 1969 339 2026 toris
362 1968 528 2043 superinde
551 1967 688 2026 confecta
712 1973 742 2026 et
765 1975 906 2026 emanata
929 1983 965 2025 ac
988 1982 1094 2025 coram
1116 1968 1206 2025 nobis
1230 1967 1261 2024 in
1283 1965 1385 2040 specie
1401 1963 1528 2022 demon·

264 2080 361 2134 strata
383 2091 528 2150 expresse
551 2075 687 2154 vidimus
710 2075 867 2146 contineri,
890 2073 985 2132 simul
1007 2089 1079 2131 cum
1104 2073 1248 2132 omnibus
1271 2071 1409 2130 eiusdem
1440 2071 1530 2130 vinee

264 2197 318 2239 sue
342 2182 447 2240 totalis
470 2186 500 2240 et
523 2183 619 2256 ipsius
643 2181 762 2240 konche
785 2181 904 2240 ibidem
926 2181 1031 2238 habite
1054 2180 1250 2250 utilitatibus,
1264 2177 1395 2254 juribus
1411 2176 1528 2248 usibus,

264 2288 492 2362 integritatibus
516 2293 546 2345 et
568 2288 765 2362 pertinenciis
787 2289 949 2358 universis,
972 2275 1135 2361 prenotato
1160 2286 1307 2360 Philippo
1329 2284 1426 2342 sutori
1450 2287 1528 2340 tarn-

264 2409 360 2468 quam
390 2395 443 2452 uni
473 2395 574 2452 vicino
606 2411 644 2452 ex
676 2409 824 2453 consensu
856 2393 975 2467 prefate
1006 2394 1106 2452 vicine
1142 2409 1196 2450 sue
1231 2392 1374 2461 alterius,
1406 2405 1442 2447 ac
1471 2405 1529 2463 per

264 2500 396 2559 eundern
420 2499 603 2574 Philippum
626 2505 771 2572 sutorem,
795 2500 963 2558 heredibus
975 2501 1037 2558 suis
1053 2514 1112 2574 pro
1128 2498 1295 2556 duodecim
1310 2497 1433 2554 llorenis
1449 2496 1526 2566 auri,

264 2606 366 2664 minus
388 2621 451 2664 uno
475 2607 554 2678 orth,
571 2622 624 2664 seu
645 2607 747 2664 minus
764 2612 875 2680 quarta
896 2612 984 2679 parte
1007 2606 1097 2663 unius
1122 2605 1236 2675 floreni,
1255 2619 1312 2676 per
1335 2604 1438 2677 ipsum
1455 2601 1526 2659 Phi-

263 2712 388 2786 lippum
411 2717 549 2770 sutorern
571 2712 692 2787 prelato
716 2713 813 2770 Paulo
836 2713 957 2784 sartori,
973 2719 1066 2786 prout
1088 2713 1221 2786 ipsemet
1238 2709 1327 2768 nobis
1343 2708 1449 2767 retulit
1464 2705 1527 2782 jam

263 2818 354 2892 plene
377 2819 544 2892 persolutis
560 2818 756 2890 vendidisset,
772 2819 870 2876 immo
886 2817 1026 2876 vendidit
1043 2833 1148 2876 coram
1171 2817 1261 2875 nobis
1283 2814 1351 2892 jure
1375 2819 1526 2890 perpetuo

264 2930 293 2982 et
309 2924 556 2983 irrevocabiliter
572 2923 800 2998 possidendam,
818 2923 990 2996 tenendam,
1006 2925 1123 2998 pariter
1139 2930 1169 2980 et
1193 2921 1369 2980 habendam
1385 2935 1421 2978 ac
1442 2918 1527 2994 J'uxta

264 3030 475 3089 condicionem
511 3030 644 3088 civitatis
678 3035 838 3103 prenotate
873 3031 913 3088 ab
948 3031 1075 3102 antiquo
1112 3030 1321 3103 approbatam
1356 3024 1526 3100 quomodo·

264 3152 396 3210 cumque
419 3135 555 3194 voluerit
579 3137 611 3193 in
633 3137 697 3194 vita
720 3137 836 3210 pariter
860 3144 889 3194 et
912 3139 944 3196 in
974 3141 1075 3194 morte
1104 3123 1337 3208 disponendam'.
1373 3133 1406 3190 In
1441 3131 1527 3189 cuius

262 3242 308 3300 rei
330 3242 516 3300 memoriam
538 3248 630 3315 atque
654 3243 874 3314 testimonium,
899 3243 1142 3315 firmitatemque
1165 3247 1350 3315 perpetuam
1370 3244 1527 3312 presentes

262 3348 380 3406 litteras
402 3352 523 3404 nostras
545 3347 758 3420 privilegiales
781 3355 887 3408 nostro
912 3349 1069 3407 communi
1098 3347 1202 3420 sigillo
1230 3347 1392 3404 roboratas
1425 3342 1526 3400 eidem

265 3453 411 3528 Philippo
433 3456 530 3512 sutori
553 3469 610 3528 per
632 3456 796 3512 instantem
820 3456 917 3528 ipsius
940 3456 1124 3529 peticionem
1156 3453 1247 3525 digne
1278 3451 1425 3508 duximus
1456 3462 1530 3506 con*

260 3560 419 3620 cedendas.
443 3561 559 3618 Datum
582 3562 614 3618 in
637 3561 714 3618 festo
738 3562 822 3618 beati
845 3561 1014 3620 Clementis
1038 3577 1120 3635 pape
1143 3565 1173 3617 et
1196 3558 1342 3618 martiris.
1365 3558 1455 3614 Anno
1471 3554 1525 3612 do-

173 3689 174 3692 *
262 3668 339 3726 mini
361 3667 529 3726 millesimo
553 3667 857 3740 quadringentesimo
880 3668 1138 3742 quinquagesimo
1161 3667 1302 3740 septimo.

368 3804 501 3868 Originale
520 3805 547 3853 in
566 3804 660 3855 charta.
683 3806 709 3853 A
729 3811 802 3868 tergo
820 3805 957 3868 vestigium
976 3806 1094 3869 impressi
1112 3801 1202 3866 sigilli.
1221 3805 1253 3852 In
1273 3802 1388 3851 archivio
1407 3801 1452 3853 lib.
1472 3818 1525 3866 reg.

261 3891 331 3943 civit.
350 3893 449 3956 zagrab.

851 4087 933 4153 196.

367 4245 447 4292 Anno
470 4255 543 4310 1457,
565 4244 606 4296 26.
627 4245 782 4296 novembris.
803 4245 950 4308 Zagrabiae.

261 4369 399 4440 Michocl,
421 4371 480 4427 ora'.
497 4372 634 4445 fratrum
657 4370 863 4440 Eremitorum,
887 4389 985 4429 coram
1008 4372 1182 4443 magistratu
1198 4389 1302 4444 agrum
1318 4370 1524 4428 hereditoriam

484 4477 624 4554 johanni
644 4478 774 4537 Pinari(
791 4479 855 4546 civi,
880 4479 995 4552 ejusque
1009 4477 1159 4536 heredibus
1181 4477 1284 4534 vendet

367 4619 430 4676 Nos
454 4620 636 4693 Anthonius,
659 4620 744 4679 filius
768 4621 895 4692 Thome,
926 4618 1029 4695 judex,
1061 4619 1214 4692 Clemens,
1249 4619 1434 4690 Demetrius,
1459 4617 1524 4676 Ste-

261 4724 390 4798 phanus,
408 4725 525 4798 Petrus,
542 4727 738 4799 Laurencius,
761 4727 890 4799 Blasius,
914 4728 1013 4784 Lucas
1037 4733 1066 4784 et
1091 4727 1222 4785 Mathias
1237 4725 1339 4802 jurati,
1356 4726 1525 4786 consiliarii

261 4833 291 4886 et
313 4830 449 4888 universi
483 4832 566 4890 cives
590 4833 723 4891 civitatis
746 4833 860 4890 montis
883 4832 1053 4890 Grecensis.
1088 4833 1236 4891 Memorie
1271 4831 1524 4890 commendamus

261 4940 366 4994 tenore
388 4939 584 5011 presencium
607 4938 815 5012 significantes
839 4938 953 5012 quibus
976 4939 1101 5014 expedit
1124 4939 1285 5010 universis,
1311 4939 1395 5012 quod
1420 4938 1524 5012 religi·

261 5055 333 5099 osus
356 5043 405 5102 vir
434 5042 529 5102 frater
551 5046 683 5104 Michael
718 5045 984 5117 heremitalibus
1019 5046 1150 5104 condam
1186 5044 1343 5118 Stephani,
1378 5061 1459 5104 nunc
1493 5047 1524 5102 in

1441 5167 1476 5219 17
