3932 5806
711 555 785 613 Dec.
808 568 879 630 230.
908 587 942 596 -
969 555 1025 614 An.
1041 554 1142 632 1464.

299 659 565 667 ——-—--—-——-—-
778 659 1078 666 —q———m—*q

891 764 981 830 230.

402 925 484 974 Anno
506 923 580 986 1464,
604 935 642 987 17.
660 923 779 988 januarii.
799 907 915 972 Casinas.

296 1049 441 1119 Mathias,
465 1049 644 1122 Hungnrinc
666 1056 720 1112 Δία
739 1068 801 1118 rex,
824 1049 960 1106 Martini
981 1049 1015 1108 de
1036 1050 1273 1124 Frangipanibus
1287 1051 1419 1125 principi
1431 1051 1560 1124 mandat,

297 1163 331 1214 ui
344 1157 374 1226 in,
382 1157 611 1230 possessionibus
622 1158 682 1214 suis
694 1157 812 1226 tributa,
825 1157 1031 1230 vectigaliaque
1046 1175 1066 1214 a
1080 1157 1188 1215 civibus
1202 1158 1319 1232 cagrab.
1328 1165 1426 1231 petere
1439 1159 1560 1221 desinat.

1003 1293 1157 1346 Commissio
1175 1296 1396 1361 propria-domini
1414 1299 1489 1362 regis.

401 1408 533 1466 Mathias
556 1407 607 1466 dei
629 1409 731 1481 gracia
755 1424 811 1466 rex
835 1408 1000 1481 ilungarie,
1024 1408 1193 1479 Dalmacie,
1224 1407 1351 1468 Croacie
1383 1416 1438 1468 etc.
1460 1410 1560 1470 Fideli

295 1521 401 1573 nostro
435 1514 598 1588 spectabili
633 1518 663 1571 et
699 1513 863 1586 magnifico
899 1514 1031 1572 Martino
1064 1513 1103 1571 de
1137 1514 1406 1589 Frangapanibus‚
1440 1515 1560 1592 Segnie,

294 1621 406 1693 Wegle
436 1629 467 1678 et
497 1621 659 1679 Modrusse
692 1622 808 1694 comiti,
833 1621 973 1679 salutem
1004 1627 1034 1678 et
1064 1621 1209 1694 graciam.
1244 1621 1428 1696 Expositum
1458 1625 1560 1684 extitit

294 1728 447 1786 maiestati
478 1734 583 1786 nostre
612 1712 670 1802 pro
702 1732 791 1802 parte
822 1733 852 1786 et
882 1728 914 1786 in
946 1729 1084 1802 personis
1114 1727 1258 1786 fidelium
1280 1735 1460 1787 nostrorum
1483 1745 1557 1802 pru-

293 1833 421 1892 dentum
444 1843 474 1892 et
496 1835 793 1909 circumspectorum
816 1879 822 1892 .
847 1878 852 1892 .
877 1879 883 1892 .
907 1881 913 1892 .
935 1832 1045 1909 judicis
1068 1839 1099 1892 et
1119 1832 1302 1910 juratorum,
1322 1840 1558 1910 ceterorumque

294 1940 409 1999 civium
441 1944 471 1998 et
503 1941 602 1999 tocius
633 1941 863 1998 communitatis
895 1940 1028 1998 civitatis
1058 1946 1162 1998 nostre
1185 1941 1298 1999 montis
1321 1939 1483 2000 Grecensis
1507 1935 1559 2021 (de

293 2038 457 2119 Zagrabial
489 2047 579 2120 gravi
614 2063 685 2104 cum
715 2047 859 2120 querela,
892 2046 975 2121 quod
1007 2047 1151 2121 quamvis
1182 2046 1291 2105 eadem
1322 2047 1431 2106 civitas
1452 2054 1558 2107 nostra

293 2153 407 2211 montis
431 2152 593 2211 Grecensis
616 2159 647 2210 et
669 2154 807 2212 universi
829 2153 920 2224 cives,
944 2153 1081 2226 hospites
1111 2157 1141 2210 et
1171 2153 1394 2212 inhabitatores
1419 2153 1557 2212 eiusdem

291 2274 349 2332 per
372 2259 462 2317 divos
484 2273 573 2332 reges
596 2259 764 2332 Hungarie,
786 2264 909 2318 nostros
930 2259 1049 2317 scilicet
1072 2257 1313 2332 predecessores,
1336 2260 1377 2317 ab
1399 2261 1485 2318 omni
1508 2274 1556 2318 so·

292 2365 412 2423 lucione
436 2366 623 2424 tributorum
650 2370 679 2424 et
702 2365 912 2424 theloniorum
946 2367 1136 2438 ubicumque
1160 2370 1189 2422 et
1213 2365 1245 2422 in
1268 2381 1465 2439 quocumque
1489 2366 1557 2424 loco

291 2471 323 2528 in
344 2472 448 2544 regnis
469 2473 582 2530 nostris
606 2473 772 2545 Hungarie,
795 2472 956 2530 Dalmacie
979 2479 1008 2530 et
1033 2471 1160 2530 Croacie
1184 2471 1331 2545 predictis
1353 2487 1389 2529 ac
1413 2473 1555 2544 partibus

292 2577 409 2636 eisdem
432 2578 578 2638 subiectis
600 2579 780 2636 habitorum
803 2585 833 2636 et
857 2579 939 2651 exigi
962 2579 1128 2636 solitorum
1150 2579 1289 2651 graciose
1312 2585 1456 2652 exempta
1472 2579 1511 2636 sit
1527 2585 1558 2638 et
1645 2658 1648 2664 Ι

290 2685 466 2759 supportati
499 2685 678 2742 habeantur.
716 2684 834 2742 Tamen
865 2700 921 2742 vos
953 2700 1014 2743 non
1039 2664 1149 2742 'curata
1181 2684 1360 2742 huiusmodi
1389 2685 1557 2744 solucionis

290 2791 490 2865 exempcione
510 2795 541 2848 et
562 2791 706 2848 libertate
729 2791 760 2848 in
783 2791 901 2848 tributo
933 2797 1036 2849 vestro
1059 2791 1091 2848 in
1112 2788 1348 2872 Jactraborczlra
1363 2791 1445 2864 exigi
1461 2792 1554 2850 solito

290 2901 320 2954 et
343 2897 374 2954 in
399 2897 516 2955 cunctis
538 2897 663 2956 tributis
689 2897 799 2954 vestris
822 2898 854 2955 in
876 2897 946 2955 aliis
969 2897 1045 2954 locis
1062 2897 1144 2969 exigi
1158 2897 1266 2968 solitiS,
1283 2897 1434 2970 quasdam
1449 2915 1557 2973 super·

290 3001 377 3074 ssuaS,
412 3000 603 3078 injustasque
638 3008 667 3060 et
690 3002 843 3061 indebitas
878 3003 1055 3060 exacciones
1079 3002 1258 3060 tributarias
1281 3017 1342 3062 non
1366 3004 1476 3076 taliter,
1498 3007 1556 3066 sci·

291 3108 364 3166 licet
396 3108 566 3166 secundum
598 3107 682 3182 quod
705 3109 783 3167 alias
805 3109 984 3167 huiusmodi
1008 3109 1161 3166 tributum
1184 3110 1266 3182 exigi
1289 3109 1415 3166 solitum
1439 3109 1556 3185 fuisset,

290 3230 384 3288 super
408 3214 545 3288 prelatos
569 3215 652 3273 cives
675 3219 705 3273 et
727 3216 950 3274 inhabitatores
973 3215 1054 3274 dicte
1078 3215 1211 3274 civitatis
1229 3221 1334 3274 nostre
1349 3218 1463 3276 montis
1479 3217 1555 3278 Gre-

289 3321 395 3392 censis,
418 3336 529 3394 resque
562 3326 592 3379 et
622 3321 704 3378 bona
733 3321 914 3380 eorumdem
947 3329 1053 3400 contra
1085 3320 1219 3394 prefatas
1251 3323 1391 3396 ipsorum
1413 3324 1556 3396 antiquas

289 3426 457 3499 libertates,
480 3425 612 3503 juraque
636 3432 666 3484 et
689 3427 925 3486 consuetudines
948 3429 1030 3500 exigi
1053 3432 1083 3484 et
1106 3427 1285 3501 extorqueri
1300 3427 1440 3486 faceretis
1463 3434 1556 3502 atque

289 3532 374 3607 ipsos
395 3539 526 3608 propter
548 3533 607 3591 hoc
632 3534 805 3608 plurimum
829 3533 1022 3608 impediretis
1045 3539 1076 3592 et
1098 3533 1219 3591 turbari
1242 3531 1391 3605 faceretis,
1416 3540 1556 3608 preterea

288 3639 391 3698 minus
413 3637 492 3715 juste
515 3645 545 3698 et
567 3640 703 3698 indebite
734 3655 783 3698 res
814 3647 845 3698 et
877 3640 957 3698 bona
980 3638 1162 3698 eorumdem
1185 3640 1301 3698 civium
1326 3646 1503 3698 nostrorum
1524 3642 1556 3699 in

288 3747 379 3804 terris
402 3761 437 3804 ac
461 3747 559 3817 bonis,
583 3747 892 3820 possessionibusque
915 3752 945 3804 et
968 3745 1112 3804 dominiis
1145 3747 1256 3804 vestris
1279 3747 1407 3804 arestari
1430 3751 1460 3805 et
1483 3763 1555 3822 pro·

288 3853 389 3911 hiberi
420 3855 649 3927 permitteretis,
680 3869 736 3927 per
769 3852 854 3927 quod
886 3853 1023 3927 plurima
1054 3852 1261 3924 incommoda,
1296 3853 1495 3927 dampnaque
1525 3861 1555 3912 et

287 3965 471 4017 nocumenta
502 3975 559 4034 per
590 3958 770 4017 huiusmodi
801 3957 954 4018 indebitas
984 3965 1014 4016 et
1045 3957 1173 4034 injustas
1203 3959 1406 4016 arestaciones
1437 3959 1554 4018 eisdem

288 4065 408 4123 civibus
431 4067 611 4136 evenissent,
643 4066 861 4139 evenirentque
884 4071 913 4122 et
936 4065 1081 4138 deinceps
1104 4065 1135 4122 in
1166 4065 1306 4138 ipsorum
1338 4065 1553 4139 preiudicium‚
1597 4049 1601 4056 ¹

287 4170 460 4244 dampnum
492 4187 617 4244 quoque
648 4152 681 4228 et
707 4186 878 4243 gravamen
909 4170 1002 4229 valde
1031 4185 1179 4244 magnum
1210 4146 1429 4244 Supplicatum
1460 4172 1553 4244 igitur

287 4276 387 4334 extitit
418 4277 572 4334 maiestati
602 4283 707 4334 nostre
738 4291 797 4350 pro
828 4283 917 4350 parte
949 4276 1131 4334 eorumdem
1155 4277 1271 4334 civium
1294 4283 1472 4335 nostrorum
1496 4293 1553 4352 per

287 4397 343 4440 nos
376 4382 541 4456 superinde
558 4382 611 4440 de
643 4382 747 4440 medio
778 4389 955 4456 opportuno
987 4381 1155 4456 provideri.
1179 4383 1217 4439 Et
1240 4382 1313 4455 quia
1335 4397 1391 4440 nos
1415 4381 1553 4456 prelatos

287 4490 370 4547 cives
405 4495 527 4548 nostros
558 4495 589 4547 et
619 4490 792 4562 quemlibet
826 4505 933 4547 eorum
966 4490 997 4548 in
1032 4489 1212 4562 prescriptis
1244 4489 1386 4563 ipsorum
1418 4489 1568 4562 antiquis*

287 4595 502 4668 libertatibus,
534 4594 717 4672 juribusque
748 4601 778 4654 et
812 4595 1087 4654 consuetudinibus
1118 4595 1341 4653 inviolabiliter
1375 4575 1552 4653 conservari

286 4703 440 4774 volumus,
473 4703 620 4776 ipsosque
653 4703 684 4760 in
718 4701 835 4760 eisdem
868 4717 923 4774 per
947 4702 1127 4775 quempiam
1152 4701 1350 4760 subditorum
1372 4705 1552 4759 nostrorum

286 4824 343 4882 per
366 4809 546 4868 huiusmodi
569 4808 739 4882 superfluas
763 4810 941 4867 exacciones
964 4807 1144 4865 tributarias
1174 4811 1204 4865 et
1234 4804 1363 4882 injustas
1394 4820 1500 4863 rerum
1521 4811 1552 4864 et

287 4916 442 4973 bonorum
465 4917 605 4990 ipsorum
630 4917 841 4985 arestaciones,
873 4914 1027 4988 impediri,
1050 4913 1169 4971 turbari
1193 4918 1223 4970 et
1246 4911 1463 4986 dampnificari
1487 4925 1551 4969 non
1611 4962 1614 4970 .

286 5021 441 5094 volumus,
457 5021 698 5087 ideofidelitati
718 5029 819 5080 vestre
841 5022 953 5080 harum
978 5021 1057 5078 serie
1079 5019 1212 5078 firmiter
1234 5019 1440 5094 precipientes
1464 5032 1551 5076 man·
