3828 5822
774 519 847 576 Dor.
871 515 940 594 267.
964 553 1007 560 —
1031 520 1086 576 An.
1109 531 1198 597 1470.

950 834 1035 903 267.

462 1025 543 1075 Anno
565 1038 639 1089 1470,
662 1039 701 1080 12.
721 1028 844 1092 Augusti.
865 1029 1013 1092 Zagrabiae.

362 1206 467 1264 Coram
490 1207 616 1281 cupimlo
633 1208 820 1280 uugrabr'ensr'
839 1210 1023 1266 comnmnitas
1045 1211 1170 1267 ctortulis
1182 1211 1416 1268 .r'ntercessrbnem
1431 1211 1519 1286 facit,
1542 1211 1623 1284 quod

359 1347 378 1384 a
393 1328 600 1404 jobugrbm'bus
628 1329 662 1386 de
691 1328 893 1406 Boa'jirkouina
922 1333 1027 1389 ciuium
1049 1341 1180 1390 armenta
1203 1334 1234 1390 in
1258 1334 1369 1407 pabulo
1391 1342 1508 1391 amenta
1531 1351 1620 1391 manu

892 1462 988 1529 erepta
1010 1463 1084 1513 sunt.

460 1648 523 1706 Nos
546 1649 718 1722 capitulum
742 1650 870 1708 ecclesie
885 1651 1100 1724 zagrabiensis.
1117 1653 1266 1710 Memorie
1289 1653 1544 1712 commendamus
1560 1672 1618 1730 per

355 1762 520 1827 presentes,
552 1754 635 1828 quod
667 1755 908 1828 circumspectus
939 1758 988 1815 vir
1018 1757 1180 1816 Conradus
1211 1758 1339 1831 Ravsar,
1359 1757 1456 1835 judex
1486 1761 1620 1819 civitatis

355 1860 471 1918 montis
493 1860 656 1920 Grecensis
679 1859 717 1919 de
740 1859 826 1938 juxta
848 1861 1042 1935 Zagrabiam‚
1058 1863 1089 1920 in
1113 1878 1245 1937 persona
1269 1863 1367 1922 tocius
1388 1867 1619 1924 communitatis

356 1964 496 2023 eiusdem
527 1967 661 2024 civitatis
693 1967 807 2025 montis
838 1967 1009 2040 Grecensis,
1040 1976 1179 2027 nostram
1203 1970 1408 2044 personaliter
1438 1972 1564 2030 veniens
1586 1973 1618 2030 in

356 2071 555 2146 presenciam,
579 2074 740 2132 universos
763 2053 854 2146 cives,
878 2074 1076 2149 populosque
1099 2080 1129 2133 et
1151 2073 1331 2152 jobagiones
1353 2091 1389 2134 ac
1413 2082 1511 2135 totam
1532 2093 1617 2136 com·

354 2178 537 2236 munitatem
560 2178 601 2236 ad
624 2179 789 2237 castellum
812 2179 951 2252 Bosyako
969 2186 1115 2239 vocatum
1130 2187 1312 2256 spectantes,
1328 2183 1360 2240 in
1374 2197 1411 2240 eo
1434 2183 1619 2242 inhibuisset

353 2289 383 2342 et
406 2285 622 2357 interdixisset,
644 2301 683 2343 ne
705 2285 800 2344 iidem
823 2286 960 2344 universi
983 2287 1200 2346 universaliter
1222 2293 1252 2346 et
1271 2287 1387 2360 singuli
1410 2289 1618 2362 singulariter,

353 2395 405 2448 aut
429 2391 619 2465 quicumque
642 2407 681 2450 ex
703 2391 819 2450 eisdem
843 2392 1004 2450 universos
1026 2393 1124 2451 boves
1146 2397 1175 2451 et
1199 2407 1311 2467 pecora
1327 2408 1363 2452 ac
1378 2394 1526 2452 animalia
1544 2409 1619 2468 que·

354 2497 432 2555 libet
463 2501 516 2555 aut
547 2497 766 2572 quodcumque
795 2513 833 2556 ex
864 2497 981 2556 eisdem
1012 2499 1201 2557 animalibus
1232 2498 1313 2558 dicte
1344 2500 1478 2559 civitatis
1501 2501 1619 2560 montis

356 2604 527 2676 Grecensis,
541 2621 619 2678 quos
635 2611 666 2663 et
681 2621 742 2680 que
762 2605 857 2664 iidem
874 2605 985 2680 populi
1008 2609 1038 2663 et
1060 2602 1240 2682 jobagiones
1263 2621 1298 2663 ac
1321 2611 1386 2664 tota
1409 2608 1617 2666 communitas

353 2709 392 2767 ad
409 2711 513 2783 ipsum
529 2711 690 2770 castellum
709 2711 848 2784 Bosyalro
864 2716 1008 2768 vocatum
1025 2711 1211 2784 pertinentes
1227 2711 1369 2770 adunatis
1386 2713 1447 2770 sibi
1458 2711 1618 2787 Stephano

353 2817 418 2890 Kys
434 2821 464 2875 et
478 2817 619 2901 Johanne
635 2816 788 2890 Paloczlry
803 2817 978 2875 castellanis
996 2815 1034 2874 de
1049 2816 1158 2874 eadem
1172 2816 1320 2890 Bosyalro,
1337 2817 1387 2876 die
1403 2819 1526 2878 sabbati
1542 2835 1617 2894 pro-

352 2923 438 2981 ximo
450 2928 521 2998 post
532 2922 646 2982 festum
660 2923 744 2982 beati
754 2923 917 2998 Laurencii
929 2923 1074 2992 martiris
1090 2923 1233 2995 proxime
1249 2925 1443 2998 preteritum,
1459 2925 1491 2984 in
1502 2939 1614 3000 campo

352 3027 433 3087 dicte
456 3029 591 3088 civitatis
615 3029 728 3087 montis
752 3027 914 3087 Grecensis
937 3028 1081 3087 manibus
1103 3029 1231 3087 armatis
1254 3034 1285 3087 et
1307 3030 1505 3104 potenciariis
1527 3045 1616 3089 more

352 3134 519 3210 predonico
542 3136 729 3210 recepissent
752 3140 783 3193 et
803 3133 1013 3205 abduxissent,
1037 3135 1160 3192 interim
1184 3140 1214 3193 et
1236 3135 1356 3193 tamdiu
1379 3136 1470 3194 alicui
1499 3135 1617 3208 darent,

239 3273 245 3287 ·
352 3241 515 3314 traderent,
540 3242 753 3316 dispergerent
775 3246 828 3299 aut
844 3242 875 3300 in
898 3255 990 3298 usum
1013 3255 1105 3298 suum
1122 3245 1344 3312 converterent,
1369 3241 1467 3300 donec
1489 3247 1520 3300 et
1535 3256 1611 3316 quo·

350 3363 450 3422 usque
481 3347 602 3422 prefata
632 3347 839 3406 communitas
870 3347 1003 3406 civitatis
1035 3347 1150 3404 montis
1178 3345 1341 3406 Grecensis
1364 3363 1490 3406 causam
1510 3348 1608 3422 ipsius

350 3454 452 3528 spolii,
468 3453 709 3528 huiusmodique
740 3452 922 3512 violacionis
945 3452 1099 3510 libertatis
1122 3467 1176 3510 sue
1199 3452 1327 3511 domino
1351 3458 1457 3512 nostro
1479 3449 1546 3527 regi
1562 3459 1617 3512 aut

350 3560 516 3633 magnifico
538 3561 666 3619 domino
689 3559 792 3618 Blasio
812 3561 941 3632 Magyar
963 3573 1129 3630 regnorum
1154 3559 1262 3630 Rome,
1285 3559 1455 3632 Dalmacie,
1480 3560 1616 3631 Croacie,

350 3671 381 3726 et
412 3666 574 3726 Selauonie
612 3668 703 3740 bano,
733 3667 812 3726 scire
846 3671 876 3724 et
910 3665 1083 3737 intelligere
1118 3665 1193 3723 dare
1223 3667 1345 3740 poterit.
1384 3668 1618 3741 Arestassetque

349 3773 476 3832 eosdem
499 3774 595 3831 boves
611 3779 640 3831 et
656 3772 803 3832 animalia
819 3771 958 3846 predicta
976 3771 1059 3844 apud
1077 3771 1174 3830 dictos
1196 3772 1288 3842 cives,
1305 3773 1440 3846 populos
1464 3787 1501 3830 ac
1517 3778 1614 3830 totam

349 3879 607 3938 communitatem
636 3878 677 3936 ad
700 3879 818 3936 dictum
838 3876 1003 3935 castellum
1027 3876 1167 3948 Bosyalro
1190 3889 1336 3936 uocatum
1360 3879 1560 3952 pertinentes,
1575 3893 1614 3937 ne

348 4001 448 4060 usque
482 3995 606 4060 tempus
639 3989 836 4060 prenotatum
868 4000 906 4042 ex
937 3982 1054 4041 eisdem
1077 3983 1180 4041 bobus
1209 3989 1240 4042 et
1270 3985 1460 4043 animalibus
1482 3983 1612 4058 aliquod

349 4091 440 4168 perdi
470 4096 500 4150 et
523 4107 541 4148 a
571 4091 692 4150 civibus
724 4093 867 4148 annotate
890 4088 1026 4148 civitatis
1051 4090 1166 4148 montis
1188 4088 1351 4148 Grecensis
1374 4089 1505 4148 alienari
1526 4088 1613 4148 vide·

348 4207 427 4272 atur,
445 4198 542 4256 immo
565 4197 709 4270 inhibuit,
728 4195 951 4270 interdixitque
976 4199 1006 4252 et
1026 4195 1173 4253 arestavit
1195 4210 1302 4253 coram
1324 4195 1415 4254 nobis
1437 4195 1615 4254 testimonio

348 4304 544 4378 presencium
556 4303 718 4362 mediante.
728 4303 843 4361 Datum
855 4302 887 4360 in
900 4300 979 4360 festo
998 4303 1088 4360 beate
1096 4299 1187 4360 Clare
1200 4301 1329 4375 virginis
1341 4305 1372 4359 et
1384 4301 1532 4362 martiris.
1540 4295 1611 4375 (sic).

348 4412 437 4468 Anno
460 4409 579 4468 domini
601 4410 770 4469 millesimo
793 4407 1101 4484 quadringentesimo
1123 4407 1361 4480 septuagesimo

457 4597 592 4665 Originale
610 4598 638 4647 in
656 4597 752 4650 charte.
771 4599 800 4647 A
816 4603 888 4662 tergo
908 4596 1047 4661 vestigium
1065 4595 1186 4660 impressi
1198 4593 1288 4659 sigilli.
1306 4595 1339 4643 Iu
1351 4594 1447 4647 archiv.
1460 4591 1522 4647 iucl.
1535 4593 1615 4644 Aced.

347 4687 444 4741 Scieut.
462 4687 561 4742 Slsvor.
580 4687 671 4741 merid.
