3764 5924
613 537 768 601 Addenda.
792 554 821 600 2.
847 573 885 585 -
910 541 967 600 An.
991 540 1082 620 1436.

847 770 878 836 2.

336 895 417 944 Anno
439 892 506 958 1436
535 907 557 957 3.
575 893 652 959 Julii.

232 1021 261 1077 A
285 1019 468 1093 Srpr'smundo
490 1021 668 1094 Hungarioe
690 1028 737 1078 etc.
762 1037 837 1094 rege,
861 1019 1031 1077 Eberhardi
1051 1020 1143 1077 Alben
1176 1023 1299 1095 episcopi
1319 1023 1441 1100 zagrab.
1461 1024 1499 1080 le-

437 1135 539 1202 gatum
563 1145 634 1185 arae
656 1145 678 1184 s.
701 1127 794 1186 crucis
816 1127 847 1182 in
870 1126 931 1186 eccl.
955 1122 1118 1184 cathedrali
1140 1128 1280 1185 sancitur.

710 1266 756 1315 Ad
774 1265 955 1314 litteratorium
974 1265 1122 1314 mandatum
1140 1265 1238 1316 domini
1257 1267 1427 1331 imperatoris.

337 1394 555 1469 Sigismundns
586 1395 637 1455 dei
667 1396 771 1469 gracia
800 1395 1013 1453 Romanorum
1044 1395 1224 1470 imperator,
1248 1411 1373 1470 semper
1396 1411 1496 1469 augu-

236 1506 311 1574 stus,
334 1517 370 1560 ac
393 1502 559 1575 elongasse,
575 1502 730 1574 Bohemie‚
752 1501 922 1572 Dalmacie,
946 1501 1082 1574 Croacie,
1098 1501 1204 1572 Rame,
1221 1500 1335 1574 Seruie,
1357 1501 1497 1574 Gallicie,

234 1607 429 1680 Lodomerie,
451 1607 608 1681 Comanis,
631 1608 837 1682 Bulgarieque
859 1622 923 1666 rex.
947 1607 1108 1666 Universis
1132 1607 1249 1666 Christi
1263 1607 1412 1666 fidelibus
1429 1624 1498 1682 pre-

235 1713 374 1772 sentibus
406 1719 437 1771 et
468 1713 581 1772 futuris
604 1729 729 1788 presens
752 1713 904 1787 scriptum
927 1714 1119 1788 inspecturis,
1147 1714 1280 1772 salutem
1303 1715 1333 1772 in
1357 1715 1498 1773 omnium

233 1820 397 1878 salvatore.
433 1819 478 1876 Ne
513 1817 588 1893 quid
624 1817 811 1892 plenitudini
845 1818 924 1876 desit
956 1819 1104 1892 operibus
1138 1818 1270 1894 pietatis,
1304 1819 1430 1894 expedit
1463 1825 1498 1877 ut

234 1925 384 1999 principis
406 1923 592 1999 presidentis
615 1925 749 1998 benigna
771 1923 982 1984 consideracio
1004 1925 1122 1982 bonum
1146 1939 1225 1999 opus
1248 1923 1288 1982 ad
1312 1924 1411 1984 divini
1432 1925 1498 1983 cul·

232 2035 282 2090 tus
312 2031 538 2090 incrementum
571 2029 688 2089 lactum
717 2034 749 2089 et
779 2044 960 2092 concessum
994 2029 1100 2088 stabili
1131 2046 1236 2089 rerum
1259 2030 1498 2090 confirmacione

231 2136 373 2211 perficiat
404 2135 590 2196 roborando.
624 2135 757 2195 Proinde
787 2135 829 2194 ad
851 2137 1071 2196 universorum
1095 2142 1159 2194 tarn
1182 2138 1377 2210 presencium
1402 2153 1497 2212 quarn

231 2242 409 2302 futurorum
439 2243 586 2303 noticiam
616 2243 727 2300 barum
759 2247 865 2301 tenore
894 2243 1041 2301 volumus
1073 2243 1245 2317 pervenire,
1274 2243 1358 2317 quod
1394 2243 1498 2302 fidelis

231 2355 336 2408 noster
366 2349 560 2408 honorabilis
588 2349 639 2407 vir
667 2348 814 2420 Thomas,
846 2349 1081 2408 archidiaconus
1111 2348 1329 2408 warosdiensis
1352 2355 1383 2409 et
1406 2365 1498 2409 cano·

233 2456 319 2514 nicus
341 2455 374 2516 in
397 2455 528 2515 ecclesia
549 2456 750 2530 zagrabiensi,
774 2461 938 2530 rectorque
960 2457 1071 2515 altaris
1095 2461 1199 2514 sancte
1222 2457 1321 2515 crucis
1344 2456 1376 2515 in
1388 2457 1498 2516 eadem

233 2562 363 2620 ecclesia
393 2562 587 2636 zagrabiensi
621 2560 743 2620 fundati
765 2563 798 2620 in
820 2577 884 2633 sua,
916 2576 1035 2621 necnon
1056 2561 1256 2622 dominorum
1279 2564 1496 2622 canonicorum

232 2668 362 2742 capituli
391 2668 489 2743 ipsius
517 2667 647 2726 ecclesie
675 2667 884 2742 aagrabiensis
916 2669 1057 2742 personis
1086 2669 1183 2727 nostri
1213 2668 1358 2727 culminis
1391 2668 1497 2728 adiens

233 2779 443 2848 conspectum,
461 2773 603 2833 exhibuit
625 2773 716 2833 nobis
739 2773 817 2832 duas
839 2773 959 2832 litteras
981 2773 1194 2848 privilegiales
1216 2774 1347 2848 capituli
1369 2775 1499 2834 ecclesie

234 2879 434 2950 chasmensis,
465 2893 560 2938 unam
581 2877 739 2948 videlicet,
762 2893 824 2953 qua
847 2877 1002 2938 mediante
1026 2879 1168 2953 egregius
1190 2884 1221 2938 et
1243 2880 1359 2940 nobilis
1381 2881 1497 2940 Rodol·

233 2985 323 3059 pbus,
353 2985 438 3043 filius
467 2983 641 3059 Rodolphy
675 2983 714 3042 de
738 2983 868 3058 Medwe,
891 2983 969 3043 alias
991 2983 1030 3043 de
1052 2985 1165 3057 Alben,
1188 2999 1295 3044 coram
1318 2986 1387 3060 ipso
1410 2987 1496 3063 capi·

234 3091 302 3148 tulo
332 3090 538 3166 personaliter
567 3091 761 3158 constitutus,
792 3105 885 3149 onere
916 3090 1077 3162 leonardi,
1110 3089 1169 3149 filii
1198 3092 1247 3150 sui
1270 3092 1302 3151 in
1323 3109 1357 3152 se
1378 3109 1497 3152 assum·

235 3211 331 3269 mens,
362 3196 570 3271 possessiones
601 3211 673 3256 suas
696 3195 870 3268 Kralyoucr
894 3211 929 3254 ac
952 3195 1076 3269 Czerye,
1099 3195 1139 3254 ad
1168 3196 1298 3255 eandem
1322 3199 1499 3272 Kralyoucz

233 3303 439 3376 pertinentem
462 3317 534 3360 cum
558 3301 676 3361 tributo
699 3302 732 3360 in
747 3301 856 3360 eadem
880 3301 995 3375 Czerye
1017 3302 1099 3376 exigi
1122 3303 1224 3370 solito,
1247 3318 1366 3366 necnon
1388 3305 1497 3378 Koby·

233 3407 316 3482 lyalr,
347 3409 497 3482 Zwyblye
529 3416 559 3468 et
590 3409 689 3469 Narth
720 3415 854 3482 vocatas,
877 3411 909 3469 in
932 3411 1080 3469 comitatu
1106 3410 1299 3484 cagrabiensi
1321 3411 1495 3484 existentes,

234 3530 313 3588 quas
335 3514 468 3574 condam
491 3515 682 3576 reverendus
704 3516 736 3575 in
759 3515 883 3576 Christo
906 3522 1003 3591 pater,
1027 3516 1172 3575 dominus
1194 3515 1404 3593 Eberhardus,
1429 3519 1493 3593 epi·

233 3635 347 3696 scopus
371 3620 452 3680 dicte
475 3621 604 3680 ecclesie
625 3622 832 3696 aagrabiensis
855 3637 874 3681 a
897 3628 1004 3681 nostra
1027 3623 1190 3682 serenitate
1213 3619 1408 3697 exigentibus
1430 3625 1495 3683 suis

234 3727 440 3786 fidelitatibus
470 3727 531 3786 sibi
561 3743 598 3786 ac
627 3727 761 3787 condam
784 3727 956 3788 reverendo
978 3729 1010 3787 in
1033 3727 1158 3786 Christo
1181 3728 1272 3803 patri,
1295 3727 1423 3788 domino
1444 3730 1497 3813 Jo-

236 3833 340 3906 hanni,
370 3833 514 3892 similiter
544 3834 692 3909 episcopo
715 3833 855 3895 eiusdem
877 3834 1005 3894 ecclesie
1027 3834 1242 3908 zagrabiensls,
1264 3848 1383 3893 necnon
1406 3835 1497 3894 Petro

234 3945 265 3998 et
286 3939 419 4024 Johanni
443 3938 598 3998 dictorum
621 3953 790 4013 regnorum
812 3945 991 3999 nostrorum
1007 3939 1170 4000 Dalmacie
1193 3945 1224 3998 et
1247 3939 1375 3999 Croacie
1398 3941 1497 4013 banis,

234 4045 386 4104 iratribus
416 4045 593 4104 carnalibus
624 4046 722 4120 ipsius
745 4045 914 4120 Rodolphi,
937 4045 1059 4121 ipsique
1081 4046 1248 4121 Rodolpho
1271 4051 1301 4106 et
1324 4047 1387 4105 suis
1410 4047 1496 4106 here·

235 4151 327 4210 dibus
356 4151 388 4210 in
415 4157 603 4226 perpetuum
633 4152 840 4226 impetrasset,
875 4167 946 4210 cum
968 4153 1121 4211 universis
1144 4152 1325 4212 earumdem
1349 4153 1497 4227 possessi-

234 4271 330 4316 onum
364 4257 547 4330 Kralyoucz,
578 4256 693 4330 Czerye
727 4272 763 4315 ac
797 4257 906 4316 tributi
941 4273 1059 4317 necnon
1094 4258 1269 4332 Kobylyak,
1293 4258 1444 4332 Zwyblye
1466 4267 1497 4317 et

234 4359 333 4422 Narth
361 4363 595 4438 appellatorum
625 4363 820 4436 utilitatibus,
844 4364 958 4437 quovis
991 4365 1115 4422 nomine
1139 4365 1282 4424 vocitatis
1307 4364 1347 4422 ad
1370 4364 1495 4423 easdem

234 4475 265 4527 et
296 4468 380 4528 idem
413 4470 454 4527 ab
483 4471 613 4544 antiquo
636 4471 858 4544 spectantibus,
882 4469 1011 4545 prefatis
1036 4469 1171 4528 dominis
1194 4471 1348 4529 canonicis
1364 4469 1403 4528 de
1425 4487 1496 4544 pre·

236 4574 320 4634 dicto
351 4576 488 4649 capitulo
520 4577 654 4635 antelate
686 4577 815 4635 ecclesie
835 4575 1043 4649 zagrabiensis
1063 4581 1094 4633 et
1116 4574 1256 4650 predicto
1279 4575 1369 4634 altari
1393 4581 1497 4634 sancte

235 4683 341 4752 crucis,
372 4689 656 4756 consequenterque
685 4683 798 4741 rectori
828 4681 967 4742 eiusdem
990 4681 1099 4740 altaris
1121 4697 1160 4740 ex
1182 4682 1358 4742 racionibus
1380 4688 1411 4740 et
1434 4681 1496 4739 ior-

234 4788 294 4846 mis
317 4803 352 4846 ac
376 4787 607 4848 condicionibus
630 4787 710 4847 infra
734 4789 764 4847 in
788 4794 894 4848 tenore
915 4789 1013 4863 ipsius
1026 4787 1129 4846 littere
1152 4787 1315 4863 limpidius
1331 4788 1495 4862 explicatis

234 4899 264 4952 et
286 4894 436 4953 contentis
465 4892 533 4970 jure
564 4899 716 4970 perpetuo
739 4899 770 4953 et
789 4894 1038 4954 irrevocabiliter
1061 4893 1191 4965 dedisse,
1215 4893 1346 4952 donasse
1371 4897 1402 4952 et
1424 4908 1495 4952 con·

233 4999 342 5058 tulisse
373 5000 559 5080 dinoscitur;
582 5009 612 5059 et
644 5001 739 5060 aliam
761 5017 856 5076 super
877 5001 1032 5075 legittima
1055 4999 1238 5060 earumdem
1262 4999 1494 5073 possessionum
