3804 5858
617 605 1047 690 Mffi-MQ.
1399 628 1461 688 m

781 841 868 911 m

300 983 381 1032 Anno
404 993 478 1047 1495,
501 982 540 1034 18.
559 981 690 1034 februarii.
711 983 877 1034 Viroviticae.

195 1099 223 1157 Α
253 1099 401 1158 Vladislao
423 1099 524 1173 Hung.
548 1107 596 1157 etc.
619 1118 685 1174 rege
714 1107 803 1170 arms,
839 1117 897 1174 quo
928 1107 1067 1174 quattuor
1097 1099 1233 1157 sessiones
1258 1099 1462 1175 jobagr’onales

193 1207 297 1264 sacello
320 1224 344 1267 s.
367 1206 487 1279 spirtius
508 1214 577 1264 sunt
591 1205 717 1264 redditae
734 1206 940 1281 comprobatur,
958 1224 1073 1280 unaque
1087 1207 1132 1264 ius
1154 1207 1252 1279 regale
1273 1206 1460 1264 condonatur.

915 1325 1071 1376 Commissio
1090 1325 1194 1392 propria
1212 1325 1310 1376 domini
1329 1327 1406 1390 regis.

298 1455 363 1514 Nos
392 1451 586 1514 Wladislaus
616 1455 667 1514 dei
688 1456 792 1529 gracia
822 1472 877 1516 rex
900 1457 1058 1529 Hungarle
1080 1461 1110 1514 et
1133 1455 1279 1515 Bohemie
1308 1463 1364 1514 etc.
1395 1457 1458 1515 Me·

194 1562 294 1620 morie
318 1561 573 1622 commendamus
605 1569 710 1620 tenore
740 1563 934 1637 presencium
958 1561 1173 1635 significantes,
1198 1562 1313 1635 quibus
1334 1561 1460 1637 expedit

193 1669 355 1740 universis,
385 1667 469 1742 quod
500 1667 602 1728 fidelis
638 1675 742 1726 noster
775 1667 926 1728 discretus
951 1669 1082 1726 Michael
1106 1669 1260 1742 presbiter
1284 1668 1323 1728 de
1346 1669 1456 1728 Zenth·

195 1775 440 1847 gyewrghwara‚
467 1775 618 1848 plebanus
642 1775 829 1848 parochialis
853 1775 981 1834 ecclesie
1004 1776 1094 1834 beate
1117 1775 1312 1847 Margarethe
1329 1775 1458 1848 virginis

192 1879 230 1937 de
260 1881 412 1939 suburbio
449 1881 583 1939 civitatis
615 1880 728 1938 montis
759 1879 930 1952 Grecensls,
955 1887 1059 1940 nostre
1084 1881 1252 1940 maiestatis
1276 1881 1402 1939 veniens
1426 1881 1458 1939 in

192 1987 393 2060 presenciam,
417 1987 558 2046 exhibuit
581 2002 687 2046 coram
711 1987 801 2045 nobis
824 1994 854 2046 et
871 1987 1019 2062 produxit
1042 1987 1192 2062 quasdam
1218 1988 1307 2046 binas
1330 1987 1460 2058 litteras,

192 2108 276 2165 unas,
300 2092 404 2152 fidelis
427 2095 523 2152 nostri
555 2093 687 2152 illustris
709 2093 858 2176 Johannis
882 2093 1019 2164 Coruini,
1042 2093 1185 2167 Oppauie
1208 2099 1238 2150 et
1260 2092 1459 2166 Lyppthouie

192 2197 279 2256 ducis
309 2205 366 2257 etc.
391 2199 506 2273 quibus
535 2197 745 2258 mediantibus
776 2198 859 2256 idem
880 2199 1036 2282 Johannes
1060 2199 1123 2256 dux
1147 2198 1299 2274 quasdam
1323 2205 1457 2274 quatuor

191 2305 342 2363 sessiones
365 2303 579 2380 jobagionales
602 2306 634 2364 in
651 2305 845 2378 possessione
861 2304 1087 2363 Chemomercz
1110 2311 1228 2376 vocata,
1253 2305 1285 2363 in
1307 2305 1456 2363 comitatu

190 2411 381 2483 zagrabiensi
404 2411 560 2484 existente,
583 2411 715 2483 habitas,
731 2411 769 2468 ad
794 2411 948 2484 capellam
973 2414 1069 2470 sancti
1087 2412 1214 2484 spiritus
1238 2411 1269 2468 in
1293 2410 1375 2468 dicta
1399 2425 1453 2485 pa·

190 2517 322 2576 rochiali
343 2517 471 2575 ecclesia
494 2517 583 2575 beate
607 2517 801 2589 Margarethe
823 2517 953 2590 virginis
977 2515 1137 2576 fundatam
1161 2517 1355 2590 pertinentes,
1380 2533 1455 2592 que-

191 2622 318 2696 quidem
348 2627 482 2696 quatuor
511 2623 661 2680 sessiones
692 2623 773 2680 circa
807 2631 943 2681 castrum
977 2639 1069 2681 suurn
1099 2622 1220 2691 Medwe
1243 2629 1398 2694 vocatum,
1421 2625 1452 2682 in

190 2729 337 2787 comitatu
362 2729 504 2803 predicto
528 2729 680 2801 habitum,
714 2729 768 2788 diu
802 2735 951 2803 occupate
984 2731 1157 2802 extiterant,
1188 2728 1291 2788 eidem
1328 2730 1449 2804 capelle

191 2837 288 2894 sancti
311 2835 446 2910 spiritus,
470 2839 753 2908 consequenterque
777 2835 949 2896 rectoribus
972 2835 1109 2894 eiusdem
1134 2850 1192 2909 pro
1215 2842 1356 2910 tempore
1380 2852 1454 2894 con·

190 2943 304 3002 stitutls
328 2942 423 3000 modo
449 2948 479 3002 et
503 2941 611 3000 ordine
634 2940 762 3000 inferius
786 2941 817 3000 in
848 2947 952 3000 tenore
976 2941 1155 3000 earumdem
1179 2942 1356 3000 litterarum
1382 2957 1453 3000 con·

189 3050 289 3122 tentis,
323 3050 478 3108 remisisse
511 3055 542 3107 et
576 3049 749 3107 restituisse
781 3064 816 3107 ac
844 3049 1085 3122 inperpetuum
1116 3047 1238 3107 dedisse
1260 3047 1452 3119 dinoscitur;

189 3156 266 3214 alias
300 3171 375 3214 vero
406 3156 537 3230 capituli
569 3155 697 3214 ecclesie
727 3155 935 3228 zagrabiensis
966 3170 1060 3229 super
1092 3153 1246 3227 legittima
1279 3154 1451 3213 statucione

189 3261 368 3320 huiusmodi
409 3266 543 3335 quatuor
583 3262 756 3320 sessionum
801 3259 963 3333 confectas,
998 3266 1140 3318 tenorum
1173 3260 1452 3336 infrascriptorum,

188 3368 369 3442 supplicans
406 3367 490 3425 idem
529 3367 660 3426 Michael
695 3367 850 3441 presbiter
884 3373 988 3425 nostre
1023 3366 1176 3424 maiestati
1208 3365 1394 3439 humillime,
1417 3371 1452 3424 ut

191 3473 315 3532 easdem
345 3479 492 3547 utrasque
522 3473 642 3532 litteras
673 3488 708 3531 ac
739 3474 844 3531 omnia
869 3474 901 3531 in
923 3472 1040 3532 eisdem
1065 3477 1206 3532 contenta
1229 3479 1320 3544 ratas,
1343 3477 1447 3546 gratas

190 3587 220 3639 et
241 3587 367 3654 accepta
391 3580 515 3651 habere,
539 3580 650 3637 litteris
673 3579 786 3638 nostris
810 3579 1059 3653 privilegialibus
1083 3577 1121 3636 de
1144 3579 1242 3636 verbo
1260 3577 1299 3635 ad
1316 3578 1449 3637 verbum

190 3687 316 3744 inscribi
329 3686 437 3754 iacere,
455 3685 677 3760 premissisque
695 3686 869 3744 remissioni
881 3691 910 3744 et
925 3685 1125 3759 restitucioni,
1149 3684 1282 3757 aliisque
1304 3685 1450 3743 omnibus

191 3799 221 3850 et
244 3793 375 3866 singulis
407 3793 438 3851 in
473 3791 632 3850 tenoribus
655 3791 836 3850 earumdem
860 3793 1034 3850 litterarum
1058 3791 1216 3862 contentis,
1239 3796 1381 3848 nostrum
1404 3807 1451 3848 re·

192 3899 280 3972 glum
315 3913 499 3958 consensum
530 3899 663 3972 prebere
697 3897 905 3972 dignaremur.
940 3896 1081 3971 Quarum
1104 3896 1231 3970 quidem
1269 3897 1453 3968 litterarum,

188 4005 290 4079 prime
321 4005 466 4063 videlicet
496 4011 584 4063 tenor
615 4003 686 4062 talis
716 4010 777 4063 est:
800 3997 884 4084 (vide
907 4004 984 4062 Doc.
1017 4003 1088 4077 362.
1113 4002 1151 4060 de
1174 4017 1254 4060 anno
1281 4018 1372 4078 1492,
1399 4017 1450 4077 13.

188 4103 278 4189 julii).
308 4112 452 4170 Aliarum
483 4125 558 4168 vero
590 4111 684 4169 series
708 4111 845 4169 verbalis
869 4113 1009 4184 sequitur
1033 4111 1064 4168 in
1088 4111 1170 4168 hunc
1193 4108 1338 4168 modum:
1363 4103 1448 4188 (vide

188 4217 262 4276 Doc.
289 4216 359 4293 364.
381 4232 461 4276 anno
488 4233 582 4292 1492.
610 4215 656 4274 16.
670 4209 822 4295 Augusti).
837 4217 900 4275 Nos
910 4217 1004 4290 igitur
1017 4216 1247 4290 supplicacione
1273 4212 1452 4273 huiusmodi

190 4369 196 4382 .
220 4369 227 4382 .
248 4370 254 4382 .
277 4325 435 4382 Michaelis
459 4317 636 4401 (presbiteri
670 4324 823 4382 maiestati
845 4317 962 4400 nostre)
986 4327 1136 4397 porrecta,
1153 4323 1239 4396 regia
1262 4321 1451 4394 benignitate

189 4429 333 4488 exaudita
349 4435 379 4488 et
397 4430 564 4488 clementer
579 4429 723 4502 admissa,
740 4430 927 4504 prescriptas
943 4436 1091 4504 utrasque
1106 4429 1228 4487 litteras
1242 4442 1304 4486 non
1327 4428 1454 4484 abrasas

188 4551 249 4594 non
273 4537 458 4594 cancellatas
481 4537 591 4598 necin
614 4537 720 4610 aliqua
750 4537 798 4594 sui
822 4542 910 4610 parte
941 4540 1099 4610 suspectas
1123 4535 1318 4610 presentibus
1341 4533 1454 4591 litteris

187 4643 300 4701 nostris
322 4643 572 4716 privilegialibus
596 4643 634 4702 de
658 4644 756 4700 verbo
780 4643 820 4700 ad
844 4645 976 4702 verbum
999 4644 1064 4701 sine
1086 4641 1294 4700 diminucione
1317 4646 1347 4697 et
1380 4653 1455 4711 aug·

187 4755 292 4808 mento
324 4749 456 4822 aliquali
485 4750 624 4824 insertas,
656 4749 760 4824 quoad
783 4765 891 4808 omnes
914 4749 1071 4808 clausulas
1094 4759 1125 4807 et
1147 4748 1295 4806 articulos
1317 4751 1452 4817 eatenus,

188 4861 339 4928 quatenus
363 4853 472 4914 eedem
494 4856 553 4914 rite
576 4863 605 4914 et
629 4856 782 4929 legittime
805 4857 940 4915 existunt
963 4862 1113 4928 emanate,
1137 4855 1319 4928 viribusque
1342 4867 1450 4912 earum

187 4960 301 5019 veritas
332 4961 529 5035 suffragatur,
560 4967 651 5034 ratas,
681 4968 785 5036 gratas
815 4968 845 5021 et
868 4968 1010 5037 acceptas
1032 4963 1190 5033 habentes,
1222 4960 1383 5035 premissis
1405 4975 1452 5017 re·

188 5067 327 5125 missioni
351 5072 381 5125 et
403 5068 603 5142 restitucioni,
626 5069 758 5144 aliisque
788 5070 937 5128 omnibus
958 5071 990 5128 in
1012 5069 1171 5128 tenoribus
1202 5066 1382 5126 earumdem
1407 5066 1457 5124 lit·

1352 5165 1370 5204 t
