3948 5804
817 513 889 571 Doc.
908 508 963 588 38.
990 543 1029 554 -
1053 511 1108 570 An.
1134 525 1223 588 1423.

1170 617 1339 622 -.——-.
1363 616 1651 624 .—-.—-——..—-—

987 724 1048 789 38.

492 841 573 890 Anno
595 852 669 904 1423,
684 852 707 904 3.
727 839 877 890 decembris.
897 837 992 890 Albae.

392 940 585 999 Commum'tas
606 941 681 998 civit
704 940 806 998 neentis
834 937 987 998 Grecensis
1008 956 1103 996 coram
1126 939 1250 1012 capitulo
1273 939 1384 996 albensi
1404 945 1524 1008 recusat,
1545 957 1582 997 ne
1591 937 1648 1014 Jo-

387 1029 498 1088 hnnncs
513 1029 656 1102 episcopas
671 1037 699 1087 et
711 1028 893 1104 Rudolphus‚
910 1027 971 1085 cius
979 1028 1090 1100 frater,
1115 1027 1220 1085 nobiles
1241 1027 1276 1084 de
1298 1027 1399 1097 Alben,
1422 1046 1459 1084 ex
1480 1027 1649 1102 quibusdam

408 1118 616 1174 communitatis
630 1116 864 1192 possessionibus,
887 1133 960 1190 quas
983 1116 1042 1172 illis
1064 1134 1117 1173 rex
1139 1116 1212 1173 dono
1234 1118 1323 1186 cessit,
1338 1117 1472 1191 fructum
1494 1116 1619 1188 capiant.

492 1242 556 1300 Nos
578 1243 752 1316 capitulum
775 1243 903 1300 ecclesie
926 1241 1079 1300 Albensis.
1104 1242 1252 1300 Memoris
1275 1241 1539 1312 commendamus,
1563 1239 1648 1313 quod

387 1349 558 1419 Farcasius,
583 1348 668 1406 filius
696 1347 807 1420 Egidii,
841 1348 957 1405 nobilis
981 1347 1129 1418 Clokuch,
1161 1348 1238 1406 civis
1268 1348 1402 1406 civitatis
1436 1348 1551 1405 montis
1573 1345 1651 1405 Gre-

387 1455 485 1512 censis
515 1453 554 1511 de
577 1453 737 1526 Zagrabia,
772 1454 803 1512 in
836 1468 901 1524 suo,
936 1454 1217 1526 universorumque
1251 1454 1367 1511 civium
1402 1469 1457 1510 seu
1490 1453 1650 1526 hospitum

387 1559 467 1618 dicte
491 1559 625 1618 civitatis
649 1559 866 1646 zagrabiensis
901 1573 1007 1616 coram
1030 1558 1121 1616 nobis
1144 1559 1351 1632 personaliter
1373 1559 1565 1629 constitutus,
1594 1575 1651 1632 per

389 1665 520 1724 modum
555 1664 789 1740 protestacionis
820 1669 850 1720 et
885 1663 1107 1738 prohibitionis
1140 1665 1231 1722 nobis
1265 1664 1468 1738 significando
1502 1663 1650 1734 narravit,

387 1771 545 1846 quomodo
568 1770 781 1828 serenissimus
804 1770 950 1844 princeps
974 1769 1119 1828 dominus
1141 1769 1367 1844 sigismundus,
1391 1771 1441 1829 dei
1463 1773 1567 1844 gracia
1589 1770 1649 1828 Ro·

387 1893 551 1936 manorum
575 1894 638 1948 rex,
670 1891 795 1950 semper
828 1881 985 1949 augustus,
1020 1892 1056 1934 ac
1090 1877 1258 1950 Hungarie,
1292 1877 1447 1948 Bohemie,
1481 1878 1650 1948 Dalmacie,

388 1983 516 2042 Croacie
552 1989 607 2042 etc.
638 1998 701 2055 rex,
737 1981 882 2040 dominus
916 1989 1020 2040 noster
1049 1983 1209 2055 naturalis,
1242 1985 1436 2060 possesiones
1467 1983 1649 2041 eorumdem

385 2090 501 2148 civium
525 2095 555 2147 et
577 2089 711 2146 civitatis
735 2088 911 2158 Kralewch,
935 2087 1101 2161 Kobityaic
1125 2087 1276 2161 Zwiblya,
1308 2090 1425 2163 pariter
1458 2089 1649 2148 Nouakouch

386 2195 477 2254 aliter
500 2192 590 2271 Cerja
613 2199 738 2252 vocatas
773 2209 871 2268 prope
896 2193 1079 2267 Bosyakovo
1111 2195 1193 2267 sitas,
1224 2195 1299 2253 item
1324 2196 1417 2253 villas
1440 2211 1493 2253 seu
1528 2210 1650 2270 posses·

386 2302 486 2360 siones
508 2299 658 2373 Dedychi,
689 2299 818 2374 Bythek,
849 2299 1102 2372 Chernomerchy
1132 2305 1162 2358 et
1196 2307 1313 2359 ceteras
1345 2302 1410 2358 eius
1440 2301 1650 2374 possessiones

388 2407 527 2467 eiusdem
550 2407 669 2466 civitati
692 2413 723 2465 et
745 2407 884 2465 eiusdem
918 2407 1039 2464 civibus
1071 2421 1127 2480 per
1158 2406 1266 2480 plures
1290 2422 1378 2480 reges
1400 2407 1559 2480 Hungarie
1579 2421 1649 2480 gra·

385 2515 467 2572 ciose
490 2513 577 2570 datas
600 2519 630 2572 et
659 2508 867 2588 perpetuatas,
898 2511 1158 2571 reverendissimo
1188 2513 1220 2570 in
1241 2512 1365 2570 Christo
1397 2514 1486 2588 patri,
1522 2512 1649 2570 domino

384 2620 526 2704 Johanni,
550 2620 697 2692 episcopo
727 2619 877 2676 moderno
906 2617 1098 2691 aagrabiensi
1128 2633 1164 2674 ac
1187 2616 1366 2692 Rudolpho,
1389 2618 1464 2675 tiliis
1487 2617 1648 2692 Rud01phi

386 2725 426 2783 de
448 2725 551 2786 Arnen
573 2724 665 2783 etde
688 2724 895 2800 Medwewa13
926 2725 1001 2782 item
1031 2723 1241 2798 possessiones
1263 2739 1318 2782 seu
1341 2724 1435 2781 villas
1466 2723 1649 2782 eorumdem

385 2832 501 2890 civium
524 2838 554 2889 et
577 2831 726 2889 civitatis:
759 2831 953 2902 Petrowyna,
983 2829 1124 2887 Hrascha
1155 2835 1185 2887 et
1207 2828 1417 2902 Silyakowina
1448 2835 1649 2904 nuncupatas,

385 2936 467 2994 ultra
491 2935 620 2994 fluvium
644 2935 733 2993 Zawe
756 2936 892 3007 situatas,
923 2935 1084 2994 nobilibus
1117 2935 1192 2993 viris
1222 2935 1378 3006 Ladislao,
1409 2935 1479 2996 filio
1512 2935 1647 2996 Simonis

385 3042 487 3100 Thoth
511 3049 541 3100 et
563 3043 703 3126 johanni,
736 3041 803 3099 filio
834 3042 996 3099 Laurencii
1025 3042 1171 3100 similiter
1198 3042 1301 3100 Thoth
1325 3041 1363 3099 de
1386 3041 1586 3102 Zomzedwar
1608 3043 1649 3100 ab

385 3149 461 3222 ipsis
485 3149 607 3206 civibus
629 3154 659 3206 et
675 3148 896 3206 communitate
912 3147 1085 3219 alienando,
1111 3147 1253 3215 dedisset,
1276 3147 1422 3207 donasset
1444 3155 1474 3207 et
1498 3157 1649 3224 perpetuo

385 3254 566 3312 contulisset
588 3253 619 3310 in
643 3253 850 3327 preiudicium
884 3255 1094 3312 universitatis
1124 3254 1338 3330 predictorum
1369 3255 1484 3314 civium
1509 3261 1539 3313 et
1562 3255 1650 3314 dam·

385 3375 460 3418 num
481 3359 574 3418 valde
597 3375 754 3432 magnum.
786 3359 877 3419 Unde
899 3359 980 3418 facta
1003 3361 1093 3433 gravi
1128 3362 1354 3434 protestacione
1377 3361 1517 3436 prefatus
1540 3362 1649 3420 Farsa-

387 3465 451 3522 sius
474 3479 530 3522 suo
553 3471 583 3523 et
606 3465 792 3537 nominibus,
815 3467 930 3538 quibus
952 3481 1056 3540 supra,
1091 3471 1289 3540 prenotatam
1322 3467 1485 3526 dominum
1507 3473 1648 3526 nostrum

384 3570 619 3644 Sigismundum
642 3587 748 3644 regem
771 3572 811 3628 ab
834 3571 1013 3630 huiusmodi
1035 3571 1213 3645 donacione,
1237 3573 1408 3631 collacione
1431 3579 1461 3632 et
1483 3578 1650 3650 perpetua·

385 3679 471 3736 cione
495 3677 707 3751 predictarum
729 3678 960 3751 possessionum
990 3686 1020 3736 et
1050 3679 1201 3737 villarum
1233 3694 1269 3737 ac
1290 3685 1471 3738 cunctarum
1495 3681 1650 3756 pertinen·

385 3785 503 3842 ciarum
526 3782 716 3854 earumdem,
748 3791 936 3841 memoratos
970 3759 1055 3842 viros
1078 3785 1241 3843 dominum
1262 3786 1438 3870 Johannem
1459 3788 1644 3862 episcopum

383 3905 420 3948 ac
443 3889 657 3963 Rudo'lphum,
680 3888 783 3948 filium
797 3889 966 3964 Rud01phi,
988 3891 1087 3948 immo
1106 3891 1287 3950 Ladislaum
1311 3897 1341 3950 et
1355 3893 1529 3978 Johannem
1545 3893 1648 3952 Thoth

384 3995 426 4054 ab
449 3995 663 4070 occupacioae,
694 3995 880 4068 detencione‚
914 3998 1119 4070 usurpacione
1148 4004 1178 4056 et
1201 3998 1264 4056 alia
1294 3999 1404 4073 quavis
1437 4015 1527 4058 causa
1551 4001 1591 4060 ad
1615 4019 1648 4061 se

385 4102 565 4174 recepcione
587 4117 622 4158 ac
646 4116 766 4174 usuum,
790 4099 948 4160 fructuum
971 4109 1002 4160 et
1025 4104 1238 4176 quarumlibet
1269 4105 1439 4163 utilitatum
1463 4107 1646 4167 earumdem

385 4208 589 4282 percepcione
624 4212 654 4264 et
689 4207 956 4282 percipifaccione,
987 4209 1127 4284 aliosque
1162 4211 1319 4284 quoslibet
1342 4228 1395 4270 seu
1421 4213 1452 4270 in
1476 4211 1649 4272 dominium

385 4313 523 4388 ipsarum
548 4314 777 4386 possessionum
801 4329 837 4372 ac
860 4315 1011 4372 villarum
1027 4323 1057 4373 et
1073 4317 1333 4389 pertinenciarum
1350 4318 1540 4391 earumdem,
1564 4321 1650 4379 omni

384 4429 414 4478 et
438 4419 646 4492 quovismodo
670 4427 722 4477 aut
753 4421 875 4493 quesito
907 4421 1012 4478 colore
1043 4437 1096 4480 seu
1128 4423 1251 4496 ingenio
1285 4424 1524 4496 intromissione,
1560 4425 1649 4486 iactis

385 4525 436 4583 vel
460 4525 579 4597 fiendis,
610 4527 772 4600 prohibuit
806 4527 1044 4586 contradicendo
1075 4535 1105 4587 et
1127 4529 1314 4588 contradixit
1349 4531 1518 4589 inhibendo
1541 4547 1648 4590 coram

384 4631 474 4689 nobis
498 4631 674 4690 testimonio
709 4635 904 4706 presencium
942 4634 1104 4694 mediante.
1141 4636 1258 4693 Datum
1285 4635 1362 4694 feria
1394 4645 1480 4695 sexta
1504 4639 1649 4711 proxima
1743 4671 1746 4678 »

385 4743 455 4809 post
478 4736 592 4796 festum
615 4738 698 4795 beati
722 4739 846 4797 Andree
868 4741 1012 4813 apostoli.
1037 4743 1126 4799 Anno
1149 4741 1268 4800 domini
1297 4742 1470 4802 millesimo
1501 4743 1647 4816 quadrin-

384 4844 554 4916 gentesimo
578 4844 729 4916 vigesimo
753 4847 856 4904 tercia.

491 4963 514 5011 E
535 4963 608 5027 copia
627 4963 745 5028 simplici.
767 4967 798 5014 In
817 4966 911 5018 archiv.
932 4966 1062 5031 archiepp.
1082 4967 1182 5032 zagrab.
