3930 5802
832 451 907 509 Doc.
931 461 996 525 115.
1018 483 1060 494 -
1084 451 1141 510 An.
1162 445 1254 529 1438.

1005 767 1080 834 115.

512 907 593 957 Anno
615 908 689 970 1438,
711 919 733 970 3.
752 909 846 959 martii.
863 909 960 960 Budne.

406 1033 549 1106 Albcrtus,
571 1035 729 1108 Hungarie
751 1043 798 1096 etc.
821 1054 885 1105 rex,
909 1035 1052 1094 Mattiaco
1081 1043 1110 1094 et
1137 1037 1227 1095 Petro
1260 1036 1292 1095 T
1286 1037 1390 1095 alovoc
1416 1036 1500 1095 banis
1521 1038 1675 1111 praecipit,

450 1177 485 1217 ne
506 1159 713 1216 communitatis
728 1160 832 1218 montz's
860 1159 1011 1219 Grecensis
1026 1160 1133 1218 liberae
1147 1161 1394 1219 administrationi
1405 1180 1434 1220 se
1448 1161 1629 1219 immisceant.

944 1318 1099 1368 Commissio
1117 1319 1222 1384 propria
1237 1319 1337 1368 domini
1355 1319 1431 1384 regis,
1450 1318 1566 1367 Henrico
1583 1315 1638 1366 filio

976 1407 1093 1457 waivode
1111 1408 1233 1472 magistro
1252 1407 1322 1457 curie
1340 1407 1469 1458 referenti.

512 1516 662 1575 Albertus
685 1517 735 1576 dei
758 1519 861 1590 gracia
882 1535 938 1577 rex
960 1519 1128 1592 Hungarie‚
1159 1520 1329 1591 Dalmacie,
1353 1518 1480 1577 Croacie
1503 1521 1558 1576 etc.
1590 1517 1668 1575 Aus-

407 1623 528 1696 trieque
551 1629 580 1680 et
603 1621 694 1682 Stirie
710 1623 782 1696 dux,
800 1640 917 1684 necnon
932 1627 1071 1685 marchio
1087 1627 1233 1685 Moravie.
1249 1625 1409 1684 Fidelibus
1424 1623 1538 1683 nostris
1553 1622 1673 1695 magni·

407 1727 476 1786 ficis
499 1729 659 1788 Mathlroni
689 1729 727 1788 de
750 1729 907 1789 Tallowcz
929 1748 1097 1805 regnorum
1120 1740 1299 1792 nostrorum
1314 1705 1476 1790 Dalmacie
1498 1737 1529 1788 et
1543 1729 1672 1788 Croacie

407 1834 620 1908 predictorum
644 1851 679 1894 ac
701 1837 800 1894 tocius
824 1835 995 1911 Sclauonie,
1018 1841 1093 1898 item
1108 1839 1199 1898 Petro
1215 1839 1254 1898 de
1276 1838 1383 1898 eadem
1407 1837 1565 1896 Tallowcr
1576 1834 1671 1894 modo

405 1941 502 2000 simili
545 1942 687 2016 ipsorum
726 1957 893 2016 regnorum
923 1951 1100 2004 nostrorum
1134 1945 1297 2004 Dalmacie
1326 1949 1356 2004 et
1399 1943 1527 2002 Croacie
1565 1941 1672 2011 banis,

407 2047 541 2104 salutem
564 2053 595 2105 et
617 2047 762 2120 graciam.
792 2048 912 2108 Revera
934 2059 1041 2109 nostra
1070 2052 1179 2110 edocta
1202 2051 1305 2110 existit
1339 2051 1495 2120 serenitas,
1530 2047 1615 2122 quod
1638 2050 1670 2105 et

405 2153 497 2210 vobis
512 2160 654 2212 constare
676 2169 738 2212 non
753 2155 951 2229 ambigimus,
975 2158 1110 2232 qualiter
1125 2159 1234 2216 civitas
1256 2163 1362 2216 nostra
1377 2157 1491 2214 montis
1508 2152 1670 2213 Grecensis

405 2257 445 2316 de
467 2257 628 2332 Zagrabia,
651 2260 683 2318 in
713 2275 809 2334 regno
838 2271 944 2320 nostro
967 2263 1130 2322 Sclauonie
1153 2264 1274 2333 situata,
1297 2263 1443 2320 hactenus
1465 2260 1557 2318 sicuti
1579 2267 1609 2317 et
1631 2272 1669 2316 ex

404 2380 486 2423 nunc
508 2365 593 2439 apud
615 2381 726 2424 manus
750 2372 868 2425 vestras
890 2367 1006 2438 habita,
1029 2385 1154 2444 semper
1175 2376 1205 2428 et
1228 2369 1268 2426 ab
1284 2369 1422 2442 antiquo,
1447 2373 1512 2424 tam
1536 2363 1669 2424 condam

405 2471 659 2532 excellentissimi
681 2473 830 2548 principis
853 2474 972 2534 domini
994 2475 1185 2549 Sigismundi
1207 2475 1405 2549 imperatoris
1427 2478 1458 2532 et
1480 2473 1562 2545 regis
1583 2471 1669 2528 Hun-

404 2579 498 2652 garie,
522 2580 621 2653 patris
644 2581 743 2638 nostri
765 2581 925 2652 carissimi
950 2597 1045 2655 quam
1068 2583 1166 2640 eciam
1198 2582 1332 2640 aliorum
1355 2587 1535 2638 nostrorum
1557 2576 1669 2652 prede·

404 2700 562 2745 oessorum
585 2701 696 2758 regum
718 2685 877 2760 Hungarie
900 2688 1104 2762 temporibus,
1126 2689 1207 2746 inter
1228 2687 1306 2744 alias
1322 2686 1438 2744 liberas
1458 2684 1547 2757 regni
1570 2682 1669 2742 nostri

404 2793 545 2852 civitates
568 2794 672 2852 existit
694 2800 883 2869 computata,
907 2794 1114 2869 pluribusque
1136 2793 1334 2852 libertatibus
1346 2798 1377 2850 et
1399 2792 1577 2865 graciarum
1596 2805 1668 2864 pre·

403 2899 554 2972 rogativis
569 2915 608 2958 ex
620 2901 815 2959 concessione
829 2905 1040 2974 pretactorum
1054 2905 1233 2958 nostrorum
1250 2898 1502 2974 predecessorum
1519 2895 1668 2956 divorum

403 3004 522 3063 scilicet
544 3020 654 3078 regum
671 3005 830 3080 Hungarie
846 3022 901 3064 usa
925 3005 984 3065 luit
999 3012 1029 3065 et
1044 3006 1161 3079 gavisa.
1176 3005 1391 3079 Quamobrem
1407 3003 1547 3062 volentes
1562 3003 1665 3076 ipsam

402 3117 541 3170 nostram
564 3112 720 3171 civitatem
744 3113 872 3187 cuisque
894 3114 978 3172 cives
994 3119 1024 3170 et
1043 3113 1161 3170 incolas
1183 3110 1364 3173 huiusmodi
1386 3111 1449 3170 suis
1466 3108 1665 3168 libertatibus

403 3216 532 3291 pacifice
554 3223 584 3276 et
605 3218 729 3278 illibate
751 3218 880 3294 perfrui,
903 3235 959 3278 nec
982 3234 1037 3292 per
1053 3218 1219 3292 quospiam
1242 3223 1349 3275 contra
1372 3215 1496 3275 easdem
1520 3213 1667 3288 impediri

402 3339 456 3382 seu
476 3325 602 3398 gravari
625 3324 825 3398 intendentes,
849 3325 994 3384 fidelitati
1017 3327 1119 3382 vestre
1131 3322 1310 3382 firmissime
1327 3322 1516 3396 precipimus
1532 3325 1563 3378 et
1577 3335 1665 3377 man-

403 3428 522 3502 damus,
543 3435 694 3504 quatenus
718 3430 757 3489 de
780 3437 882 3489 cetero
905 3435 935 3488 et
958 3446 1015 3504 per
1037 3429 1174 3502 amplius
1198 3429 1236 3487 de
1258 3427 1472 3487 iurisdiccione
1504 3433 1534 3484 et
1566 3425 1667 3500 quali·

403 3551 537 3609 cumque
559 3536 788 3609 gubernacione
810 3537 943 3596 civitatis
967 3542 1104 3610 pretacte
1127 3535 1306 3608 civiumque
1337 3540 1367 3592 et
1389 3534 1564 3592 incolarum
1586 3532 1665 3590 eius·

402 3641 484 3713 dem,
515 3657 571 3698 vos
604 3642 813 3716 quovismodo
846 3644 986 3716 ingerere
1020 3657 1074 3699 seu
1108 3641 1315 3700 intromittere
1347 3656 1410 3698 non
1443 3645 1665 3714 presumentes,

402 3763 511 3806 manus
534 3755 653 3806 vestras
676 3754 707 3806 et
731 3755 908 3806 vestrorum
930 3749 1052 3823 penitus
1082 3747 1120 3805 de
1143 3747 1252 3805 eadem
1275 3747 1418 3820 excipere
1441 3751 1472 3803 et
1503 3759 1666 3802 removere

401 3853 549 3925 debeatis,
574 3855 748 3924 quinimmo
772 3853 902 3913 eandem
937 3855 1094 3913 civitatem
1118 3859 1149 3912 et
1171 3854 1236 3912 eius
1257 3853 1340 3910 cives
1363 3851 1501 3910 adinstar
1530 3851 1665 3908 aliarum

400 3959 574 4018 liberarum
608 3961 769 4019 civitatum
804 3960 889 4034 apud
913 3976 1022 4018 manus
1051 3965 1172 4018 nostras
1202 3960 1302 4032 regias
1335 3958 1463 4033 pacifice
1488 3957 1662 4032 persistere,

400 4065 525 4140 suisque
547 4067 745 4125 libertatibus
769 4065 887 4140 perfrui
910 4073 940 4124 et
955 4066 1090 4140 gaudere
1106 4067 1309 4140 permittatis,
1329 4071 1359 4123 et
1378 4080 1465 4122 secus
1481 4063 1582 4122 facere
1603 4077 1665 4120 non

400 4171 514 4230 ausuri.
538 4171 735 4230 Presentibus
765 4173 909 4246 perlectis
944 4173 1103 4232 exhibenti
1134 4172 1290 4230 restitutis.
1324 4172 1441 4230 Datum
1472 4169 1557 4228 Bude
1588 4167 1664 4226 teria

400 4276 535 4336 secunda
559 4279 683 4350 proxim
706 4284 779 4354 post
802 4277 993 4336 dominicam
1015 4280 1184 4338 Invocavit.
1216 4280 1307 4336 Anno
1341 4278 1460 4336 domini
1495 4275 1664 4335 millesimo

401 4383 708 4458 quadringentesimo
730 4385 888 4442 tricesimo
911 4392 1030 4444 octavo.

505 4571 639 4635 Originale
656 4571 684 4621 in
703 4571 799 4631 charta,
819 4571 846 4621 in
863 4572 977 4636 margine
995 4571 1111 4622 interiori
1129 4571 1282 4637 impressum
1300 4577 1340 4621 est
1358 4569 1480 4635 sigillum.
1510 4571 1543 4619 In
1567 4569 1663 4620 archiv.

400 4659 446 4712 lib.
464 4676 517 4724 reg.
536 4660 584 4710 civ.
602 4661 702 4725 zagrab.
