3804 5858
636 593 709 652 Duc.
728 606 802 669 353.
825 626 867 635 -
891 595 948 650 An.
974 589 1066 670 1489.
1413 609 1475 670 473

213 697 505 704 -.--.-.-.--.---»-——.--
520 698 612 704 ——-·-
627 699 682 704 Λ..-
867 699 888 704 --
1017 698 1025 704 .
1134 699 1144 704 -
1153 699 1173 704 ..-
1181 697 1205 704 .-
1215 698 1472 708 -———·—·——-———a

805 910 888 975 ³53.

316 1053 397 1102 Anno
418 1053 493 1113 1489,
515 1053 555 1104 18.
575 1052 696 1103 octobris.
716 1051 865 1115 Zagrabiae.

211 1179 240 1236 A
253 1179 389 1252 plebanis
411 1179 529 1253 zograb.
554 1179 705 1256 exerrqtlur
731 1179 944 1252 exscriptorum
974 1178 1157 1236 iniuriarum
1188 1185 1273 1252 atque
1289 1177 1375 1255 pacis
1402 1177 1481 1235 Inter

210 1287 436 1344 curremum'talem
459 1288 583 1343 ciru‘tatt's
597 1287 699 1343 rnontr's
721 1285 872 1344 Greccnsis
887 1285 1083 1358 recapitulem
1107 1287 1196 1343 inr'tae
1211 1285 1341 1343 traditur
1355 1285 1476 1358 ungero,

692 1393 765 1450 sedes
785 1400 874 1466 apost.
898 1393 1000 1465 legato.
1330 1391 1332 1395 ’

316 1535 586 1596 Reverendissimo
612 1539 642 1596 in
666 1535 791 1596 Christo
815 1538 897 1612 patri
920 1544 950 1596 et
974 1537 1109 1610 dominc,
1133 1537 1260 1602 domino
1284 1537 1404 1610 Angelq
1428 1535 1478 1594 dei

210 1649 240 1702 et
263 1645 433 1716 apostolice
455 1644 537 1702 sedis
559 1644 663 1716 gracia
680 1645 827 1719 episcopo
850 1645 1006 1703 ortanensi
1029 1659 1064 1702 ac
1079 1644 1211 1703 civitatis
1229 1643 1475 1712 Castellanensis‚

210 1751 249 1807 ad
273 1750 482 1822 Germaniam,
495 1751 696 1824 Hungariam
720 1751 883 1810 Poloniam
906 1759 935 1809 et
952 1751 1141 1822 Bohemiam,
1158 1751 1284 1823 illisque
1300 1749 1474 1807 adiacentes

210 1863 314 1930 partes
336 1863 428 1929 atque
457 1872 552 1930 regna
581 1873 653 1914 cum
683 1857 776 1930 plena
799 1862 950 1930 potestate
973 1841 1129 1929 legati'de
1153 1857 1257 1923 latere,
1280 1856 1392 1928 legato,
1416 1853 1471 1911 do-

210 1964 295 2021 mino
319 1969 350 2020 et
373 1965 456 2036 patri
485 1964 625 2036 ipsorum
658 1962 899 2034 collendissim0,
929 1963 1115 2021 universitas
1146 1962 1270 2032 civium,
1302 1962 1477 2019 incolarum

210 2077 240 2128 et
264 2069 504 2127 inhabitatorum
528 2069 660 2126 civitatis
684 2069 808 2154 montis
829 2068 991 2128 Grecensis
1012 2069 1226 2128 obedienciam
1249 2067 1381 2126 filialem
1404 2081 1475 2125 cum

211 2176 407 2234 subieccione
441 2176 638 2248 obsequente.
677 2175 807 2234 Noverit
837 2176 1005 2250 paternitas
1039 2179 1142 2234 vestra
1176 2174 1355 2246 reverenda,
1391 2172 1474 2247 quod

208 2283 300 2340 nobis
315 2281 366 2340 die
387 2283 469 2354 lune,
493 2282 716 2349 decimanona
740 2282 854 2339 mensis
878 2283 1022 2355 octobris,
1047 2283 1078 2340 in
1100 2282 1171 2340 loco
1186 2281 1284 2350 nostri
1307 2280 1395 2350 soliti
1406 2295 1475 2348 con·

210 2389 324 2446 sistorii
347 2389 379 2446 in
401 2387 601 2461 expediendis
625 2387 813 2460 quibusdam
837 2389 972 2461 negociis
994 2389 1110 2474 nostris
1131 2403 1189 2462 pro
1212 2387 1371 2446 communi
1393 2387 1476 2452 bono

210 2501 246 2558 et
261 2493 423 2568 republica
447 2498 625 2552 nostrorum
642 2495 859 2554 universorum
875 2495 1055 2567 constitutis,
1073 2500 1267 2552 accesserunt
1282 2493 1320 2550 ad
1337 2499 1475 2559 nostram

211 2599 402 2672 presenciam
426 2600 625 2658 honorabiles
649 2600 776 2672 domini,
799 2599 916 2673 Symon
939 2602 1035 2660 sancti
1066 2601 1199 2660 Emerici
1232 2601 1263 2660 in
1293 2615 1364 2657 area
1393 2599 1475 2672 capi·

210 2705 305 2763 tulari
328 2705 528 2778 zagrabiensi,
552 2705 684 2764 Michael
708 2711 812 2764 sancte
836 2707 1030 2780 Margarethe
1061 2706 1100 2765 de
1122 2708 1274 2764 suburbio
1298 2705 1378 2766 dicte
1402 2705 1476 2764 civi·

209 2811 280 2868 tatis
310 2817 414 2870 nostre
447 2817 477 2870 et
507 2813 639 2870 Mathias
671 2813 769 2870 sancti
800 2813 948 2872 Anthonii
979 2813 1017 2871 de
1048 2814 1117 2872 vico
1139 2813 1328 2884 latinorum,
1352 2811 1475 2870 ccclesi-

210 2932 302 2975 arum
325 2918 461 2992 plebani,
485 2925 621 2977 tenentes
641 2920 704 2978 suis
727 2921 759 2977 in
782 2921 927 2977 manibus
951 2920 1101 2994 quasdam
1133 2921 1252 2978 litteras
1283 2919 1476 2993 paternitatis

209 3030 311 3082 vestre
333 3024 504 3082 reverende
527 3025 742 3098 conpulsorias
764 3041 822 3100 pro
845 3031 935 3100 parte
956 3026 1146 3084 venerabilis
1169 3026 1311 3098 magistri
1327 3023 1476 3099 Stephani

209 3130 362 3202 cruciferi,
385 3132 536 3205 prepositi
560 3131 779 3205 Glogoczensis
802 3147 837 3189 ac
860 3133 998 3190 canonici
1028 3132 1235 3205 zagrahiensis
1266 3131 1475 3202 ecclesiarum,

208 3236 362 3294 confectas
392 3244 422 3294 et
452 3243 619 3308 emanatas,
650 3253 784 3310 quarum
815 3239 965 3311 vigorem,
996 3246 1089 3312 prout
1113 3237 1241 3296 inferius
1265 3237 1393 3309 dicetur,
1416 3251 1473 3295 nos

206 3343 398 3416 requirentes
421 3343 554 3416 easdem,
577 3345 669 3402 nobis
701 3345 908 3403 exhibuerunt
940 3345 1120 3403 huiusmodi
1146 3345 1205 3402 sub
1236 3349 1357 3404 tenore:
1391 3339 1475 3422 (vide

209 3449 284 3506 Doc.
311 3463 382 3522 353.
407 3449 445 3506 de
467 3464 547 3508 anno
574 3449 665 3525 1489.
691 3450 740 3508 28.
763 3443 970 3528 septembris).
1006 3451 1077 3508 Post
1100 3450 1363 3525 quarumquidem
1393 3449 1475 3507 litte·

206 3571 311 3613 rarum
336 3556 529 3629 paternitatis
553 3561 655 3614 vestre
669 3557 838 3616 reverende
861 3558 1099 3631 exhibicionem,
1122 3559 1265 3631 vigorem
1290 3555 1473 3615 earumdem
1522 3537 1528 3546 ⁸

209 3661 323 3736 prefati
347 3661 465 3720 domini
486 3661 612 3735 Symon,
637 3665 768 3722 Michael
791 3671 821 3722 et
844 3665 975 3723 Mathias
997 3665 1125 3738 plebani
1148 3666 1233 3724 iuxta
1249 3667 1342 3722 series
1358 3669 1388 3720 ct
1403 3677 1474 3720 con·

209 3773 293 3826 tenta
317 3767 500 3826 earumdem
522 3770 581 3826 sub
605 3770 692 3842 penis
714 3769 928 3828 ecclesiasticis
951 3773 982 3829 in
999 3771 1116 3829 eisdem
1132 3771 1286 3844 expressis
1301 3785 1357 3828 nos
1372 3767 1474 3842 requi·

213 3876 330 3932 cierunt
354 3879 383 3933 et
407 3881 594 3934 monuerunt
617 3876 649 3935 in
671 3890 716 3946 eo,
740 3882 774 3933 ut
798 3876 878 3934 infra
901 3893 955 3934 sex
976 3877 1097 3935 dierum
1128 3877 1268 3951 spacium
1292 3876 1353 3935 diei
1375 3876 1473 3934 moni·

206 3981 302 4039 cionis
338 3982 480 4054 ipsorum
514 3983 663 4055 premisse
692 3983 783 4040 nobis
819 3999 875 4056 per
907 3999 967 4054 eos,
1002 3991 1037 4042 ut
1060 3984 1226 4058 prefertur,
1249 3983 1338 4054 facte,
1361 3998 1418 4041 nos
1441 3983 1473 4040 in

205 4086 319 4144 nostris
353 4087 483 4160 scriniis,
518 4089 762 4160 conservatoriis,
796 4089 887 4158 cistis,
921 4091 1114 4163 prothocolis
1148 4105 1185 4148 ac
1218 4091 1302 4148 libro
1338 4089 1473 4148 civitatis

207 4197 312 4249 nostre
335 4197 481 4266 pretacte,
505 4195 693 4268 prescriptas
717 4195 837 4253 litteras
860 4202 890 4254 et
912 4196 1059 4256 litteralia
1083 4197 1287 4254 instrumenta
1309 4210 1403 4270 super
1427 4194 1472 4252 di·

204 4299 379 4372 sposicione
391 4305 621 4372 prememorata
643 4317 714 4358 cum
737 4303 971 4360 venerabilibus
987 4301 1121 4361 dominis
1137 4301 1175 4360 de
1191 4302 1328 4376 capitulo
1344 4301 1473 4359 ecclesie

203 4405 411 4477 zagrabiensis
434 4405 590 4479 predictis,
615 4407 769 4466 coniectas
793 4413 823 4465 et
846 4413 987 4466 emanata
1011 4409 1189 4481 diligenter¹
1208 4409 1395 4482 perquirere,
1427 4409 1472 4466 in·

203 4516 374 4583 veniasque
398 4518 428 4569 et
450 4517 572 4586 reperta
596 4515 660 4571 sine
684 4515 791 4586 aliqua
812 4513 1028 4594 diminucione,
1054 4515 1141 4589 paria
1171 4517 1320 4589 ipsarum,
1349 4513 1472 4589 prefato

203 4617 352 4688 magistro
383 4618 540 4692 Stephano
572 4621 731 4693 preposito
762 4629 793 4678 et
822 4621 968 4679 canonico
992 4627 1045 4679 aut
1071 4637 1128 4680 suo
1150 4622 1304 4694 legittimo
1327 4635 1471 4694 procura·

202 4723 264 4780 tori
287 4723 346 4780 sub
370 4724 499 4796 publica
522 4730 552 4782 et
575 4727 729 4784 autentica
754 4742 848 4784 manu
872 4727 902 4784 in
926 4733 1138 4801 transsumpto
1161 4728 1337 4786 litterarum
1353 4733 1471 4784 nostra·

202 4843 274 4884 rum
298 4828 372 4886 dare
396 4829 589 4890 deberemus.
613 4831 676 4890 Nos
699 4847 775 4890 vero
799 4837 961 4907 tamquam
985 4833 1044 4892 filii
1064 4833 1243 4894 obediencie
1258 4833 1427 4898 moniciojni
1441 4839 1472 4892 et

202 4935 399 5006 requisicioni
423 4937 601 4996 huiusmodi
624 4945 776 5011 parentes,
801 4944 834 4997 ut
858 4943 1008 5010 tenemur,
1033 4941 1221 5014 prescriptas
1244 4939 1351 4998 literas
1373 4945 1404 4998 et
1419 4939 1470 4998 lit·

203 5041 311 5097 teralia
346 5041 550 5100 instrumenta
584 5058 703 5102 necnon
738 5045 799 5103 alia
835 5046 966 5118 registra
1002 5051 1031 5104 et
1063 5047 1233 5120 scripturas
1265 5061 1359 5121 super
1381 5047 1470 5107 totali
