3764 5924
853 537 927 600 Dor.
943 549 1018 613 391.
1041 569 1085 582 —
1107 535 1164 595 Aa.
1187 531 1282 614 1498.

1022 747 1105 814 391.

541 891 622 941 Anno
644 890 718 952 1498,
738 902 780 951 24.
794 889 918 954 Augusti.
936 888 1033 939 Budae.

445 1018 611 1076 Vlaeoeaus
644 1017 822 1092 Hungariae
843 1023 890 1078 etc.
913 1034 976 1076 rex.
998 1015 1215 1074 Bernardr'uum
1240 1015 1417 1088 Frangepan
1440 1015 1564 1070 comei‘em
1589 1030 1610 1069 a
1633 1012 1700 1070 civi-

759 1131 818 1183 tate
832 1123 950 1198 sagrab.
967 1122 1136 1197 portorium
1158 1122 1272 1196 exigere
1295 1127 1384 1182 vetar.

1135 1279 1290 1330 commissio
1308 1278 1413 1344 propria
1430 1276 1528 1326 domini
1546 1276 1627 1342 regis.

540 1411 734 1471 wladislaus
758 1411 808 1470 dei
830 1411 935 1485 gracia
957 1427 1014 1469 rex
1036 1409 1195 1482 Hungarie
1218 1415 1248 1468 et
1271 1409 1418 1468 Bohemie
1440 1412 1495 1465 etc.
1518 1406 1622 1465 Fideli
1645 1420 1698 1463 no·

434 1527 500 1578 stro
523 1518 688 1594 spectabili
717 1523 748 1577 et
778 1516 944 1592 magnifico
967 1513 1157 1574 Bernardino
1180 1514 1287 1574 comiti
1309 1512 1348 1572 de
1371 1512 1631 1588 Frangapanibus
1653 1525 1700 1570 sa·

433 1605 532 1684 lutem
555 1631 585 1682 et
607 1623 753 1696 graciam.
777 1622 923 1682 Graviter
946 1625 1181 1696 conqueruntur
1203 1620 1358 1680 maiestati
1379 1623 1483 1680 nostre
1505 1617 1619 1677 fideles
1646 1631 1698 1675 no

431 1731 489 1789 stri
510 1727 678 1804 prudentes
700 1732 731 1788 et
753 1728 969 1803 circumspecti
979 1725 1083 1804 judex,
1098 1725 1200 1803 jurati,
1212 1730 1368 1800 ceterique
1382 1725 1465 1784 cives
1480 1729 1512 1784 et
1528 1730 1593 1783 tota
1609 1738 1694 1784 com·

433 1836 568 1894 munitas
591 1834 725 1894 civitatis
754 1839 857 1894 nostre
880 1833 994 1892 montis
1017 1831 1180 1892 Grecensis
1203 1832 1339 1906 qualiter
1359 1832 1421 1907 ipsi
1443 1833 1475 1891 in
1496 1831 1575 1890 loeis
1599 1830 1698 1889 tribu·

432 1947 537 2000 torum
566 1945 751 2013 vestrorum,
782 1940 947 2014 presertim
970 1953 1047 1997 vero
1076 1937 1108 1996 in
1131 1937 1299 2012 Modrusio,
1330 1953 1383 2012 per
1417 1937 1645 1998 theloneatores
1668 1941 1697 1994 et
1750 1959 1752 1962 ’

433 2047 565 2107 factores
587 2051 708 2106 vestros
730 2050 837 2104 contra
858 2045 1002 2120 antiquas
1024 2044 1192 2117 libertates,
1216 2045 1410 2104 exemciones
1433 2049 1463 2103 et
1477 2043 1694 2118 prerogatiras

433 2167 542 2214 eorum
572 2149 743 2226 perditos
766 2165 855 2224 reges
878 2151 1044 2224 Hungarie,
1067 2156 1189 2210 nostros
1211 2149 1329 2210 scilicet
1351 2149 1595 2226 predecessores,
1619 2148 1695 2224 ipsis

432 2259 571 2334 graciose
594 2271 762 2330 concessas,
785 2257 826 2318 ad
842 2257 1032 2316 solucionem
1056 2257 1246 2316 tributorum
1269 2256 1533 2332 compellerentur
1555 2262 1587 2316 et
1602 2271 1697 2330 prop·

432 2369 480 2427 ter
509 2378 572 2424 non
603 2363 793 2424 solucionem
826 2362 996 2422 eorundem
1032 2362 1250 2437 multipliciter
1271 2361 1565 2434 damnificarentur,
1582 2363 1696 2436 quibus

432 2471 555 2530 tametsi
578 2471 609 2528 in
632 2469 726 2528 bonis
746 2470 881 2528 aliorum
904 2469 936 2528 in
958 2469 1016 2528 illo
1038 2482 1134 2543 regno
1149 2467 1312 2528 Sclauouie
1334 2468 1514 2528 huiusmodi
1535 2469 1697 2528 libertates

432 2577 551 2650 absque
574 2575 705 2650 aliquali
725 2575 902 2634 resistentia
925 2575 1139 2647 observantur,
1164 2575 1196 2634 in
1218 2575 1331 2634 restris
1350 2580 1454 2636 tamen
1475 2574 1582 2634 solum
1605 2574 1695 2634 bonis

433 2679 613 2742 huiusmodi
635 2695 745 2740 eorum
767 2680 928 2740 libertates
950 2680 1171 2756 infrigerentur
1192 2681 1224 2739 in
1248 2695 1355 2740 eorum
1379 2680 1587 2754 preiudicium
1603 2687 1695 2756 atque

432 2786 591 2846 damnum.
615 2785 696 2860 Quia
716 2801 791 2846 vero
812 2801 869 2846 nos
893 2787 994 2860 ipsam
1018 2786 1177 2846 civitatem
1199 2791 1348 2858 nostram,
1371 2801 1431 2860 que
1454 2792 1485 2845 et
1506 2787 1649 2862 alioquin
1664 2787 1694 2845 in

432 2891 606 2952 confinibus
629 2891 717 2964 regni
746 2893 844 2950 nostri
867 2893 969 2966 posita
991 2907 1048 2966 per
1068 2891 1228 2950 continuas
1250 2893 1446 2950 excursiones
1468 2891 1644 2954 Tuscorum
1666 2897 1695 2950 et

430 2999 508 3058 alias
532 2999 635 3058 varias
656 2997 798 3058 inimicas
820 2999 963 3058 naciones
986 2998 1160 3072 plurimum
1184 2996 1323 3058 desolata
1346 3004 1400 3070 est,
1424 2999 1456 3058 in
1479 2999 1543 3058 suis
1566 3000 1694 3060 liberta·

432 3104 518 3164 tibus
541 3108 571 3164 et
602 3103 834 3162 exemcionibus
865 3105 1064 3162 manutenere
1086 3119 1212 3178 semper
1234 3104 1391 3177 volumus,
1414 3103 1485 3164 ideo
1508 3105 1694 3166 mandamus

432 3209 579 3268 fidelitati
595 3220 698 3268 vestre
705 3209 784 3268 serie
796 3210 991 3284 presencium
1003 3209 1191 3281 firmissime,
1204 3209 1291 3270 aliud
1301 3209 1334 3272 in
1345 3225 1470 3270 omnem
1483 3217 1631 3271 eventum
1642 3211 1694 3270 ha·

431 3317 505 3374 bere
527 3316 675 3386 nolentes,
699 3321 733 3374 ut
755 3315 860 3394 statim
885 3315 958 3374 visis
981 3316 1177 3389 presentibus
1200 3315 1401 3375 committatis
1424 3317 1571 3376 omnibus
1595 3317 1691 3378 thelo-

429 3421 607 3482 neatoribus
642 3425 672 3478 et
704 3419 874 3478 factoribus
907 3421 1026 3494 vestris,
1060 3421 1173 3494 quibus
1199 3425 1231 3478 et
1259 3436 1316 3480 nos
1354 3427 1460 3480 tenore
1496 3423 1692 3498 presencium

430 3525 605 3586 inhibentes
629 3525 823 3598 mandamus,
853 3541 891 3586 ne
922 3527 961 3586 de
984 3533 1090 3584 cetero
1115 3527 1200 3600 ipsos
1222 3531 1344 3586 nostros
1367 3528 1451 3586 cives
1474 3529 1526 3588 vel
1548 3529 1687 3604 aliquem

431 3648 469 3692 ex
493 3633 536 3690 eis
560 3633 592 3690 iu
623 3632 700 3692 locis
731 3631 920 3692 tributorum
943 3641 1120 3692 vestrorum
1142 3633 1179 3692 ad
1205 3634 1397 3694 solucionem
1417 3634 1619 3696 tributariam
1641 3648 1692 3694 seu

431 3737 648 3800 theloneorum
660 3743 767 3796 contra
779 3738 914 3798 formam
930 3739 1069 3812 graciose
1085 3737 1272 3798 exemcionis
1286 3743 1318 3798 et
1340 3739 1494 3806 libertatis
1509 3739 1691 3799 eorumdem

430 3842 564 3902 audeant
587 3858 640 3901 seu
655 3851 847 3926 presumant
879 3845 1078 3919 compellere,
1100 3849 1154 3902 aut
1176 3857 1213 3901 eo
1235 3849 1379 3918 pretextu
1413 3845 1444 3904 in
1472 3846 1613 3920 personis
1644 3843 1692 3902 rel

428 3948 523 4008 rebus
545 3962 653 4007 eorum
676 3947 885 4020 damnificare,
908 3949 1054 4022 quoniam
1071 3949 1209 4023 alioquin
1232 3964 1287 4008 nos
1303 3951 1378 4024 ipsis
1394 3952 1515 4010 civibus
1529 3953 1644 4011 nostris
1660 3954 1689 4008 et

430 4053 488 4111 toti
511 4053 727 4112 communitati
742 4053 880 4112 eiusdem
904 4055 1036 4113 civitatis
1059 4061 1163 4113 nostre
1186 4053 1367 4116 facultatem
1391 4056 1543 4130 dedimus,
1567 4057 1689 4116 damus·

430 4173 491 4232 que
520 4164 551 4217 et
584 4158 782 4218 concedimus
816 4177 873 4234 per
903 4166 1069 4234 presentes,
1092 4165 1126 4218 ut
1156 4161 1216 4234 ipsi
1246 4177 1339 4236 penes
1370 4163 1538 4236 libertates,
1561 4161 1689 4240 juraque

359 4342 364 4352 Ι
430 4263 626 4322 exemciones
648 4279 758 4323 eorum
780 4282 826 4325 se·
844 4273 950 4325 contra
977 4282 1033 4324 vos
1065 4276 1094 4324 et
1108 4241 1251 4325 'factores
1273 4273 1366 4342 atque
1390 4269 1617 4330 theloneatores
1639 4277 1689 4324 re·

354 4429 358 4436 ,
430 4377 511 4429 stros
540 4375 636 4445 prout
665 4375 811 4445 poterunt
841 4381 965 4446 semper
996 4371 1161 4432 defendere
1184 4373 1308 4432 valeant
1330 4379 1423 4448 atque
1446 4374 1573 4450 possint
1598 4373 1689 4432 Secus

428 4476 524 4553 igitur
547 4457 634 4534 nulla
646 4477 768 4536 racione
784 4477 885 4538 iacere
907 4479 1135 4554 presummatis.
1151 4479 1348 4538 Presentibus
1363 4481 1519 4555 perlectis,
1535 4475 1689 4553 exhibenti

418 4583 589 4641 restitutis.
612 4581 729 4640 Datum
752 4583 837 4641 Bude
868 4585 899 4642 in
922 4583 1000 4641 festo
1026 4585 1108 4642 beati
1130 4584 1339 4644 Bartholomei
1361 4586 1503 4660 apostoli
1526 4587 1617 4645 Anno
1637 4582 1687 4640 do·

430 4687 508 4748 mini
530 4687 701 4747 millesimo
732 4689 1037 4763 quadringentesimo
1068 4689 1411 4762 nonagesimooctavo.
1435 4691 1616 4765 Regnorum
1637 4702 1687 4747 no

429 4799 567 4854 strorum
590 4795 748 4867 Hungarie
772 4800 826 4854 etc.
851 4809 931 4852 anno
954 4809 1044 4866 nono,
1067 4793 1213 4854 Bohemie
1236 4811 1311 4856 vero
1334 4797 1486 4870 vigesimo
1505 4811 1595 4856 nono.

537 4928 670 4996 Originale
688 4931 716 4980 iu
734 4929 829 4980 charta.
848 4931 881 4979 In
899 4931 1013 4992 margine
1031 4929 1147 4979 inferiori
1166 4930 1318 4996 impressum
1337 4938 1375 4981 est
1393 4931 1516 4997 sigillum.
1543 4933 1577 4982 In
1594 4929 1685 4980 archiv.

430 5017 490 5071 incl.
509 5019 588 5068 Acad.
609 5019 705 5068 Sciant.
724 5019 822 5071 Slavor.
842 5019 931 5067 merid.

1846 1325 1849 1454 ¹
