3930 5802
417 507 479 567 140
824 489 891 547 Doc
921 502 988 546 112.
1014 521 1054 532 -
1079 483 1253 566 An.1438.

414 706 507 764 miter
529 706 709 780 retulerunt,
734 706 817 780 quod
840 707 901 780 ipsi
924 705 965 762 ab
988 705 1144 776 omnibus,
1169 704 1283 777 quibus
1307 702 1459 760 decuisset
1481 708 1513 762 et
1542 703 1680 762 licuisset

413 813 519 887 palam
542 820 572 872 et
595 814 714 872 occulte
737 813 901 885 diligenter
923 809 1108 885 inquirendo
1132 809 1315 868 talimodam
1337 809 1376 868 de
1399 808 1604 884 infrascriptis
1621 809 1679 868 sci·

411 919 527 980 vissent
549 921 729 979 veritatem:
753 917 911 993 quomodo
946 917 1124 975 vilhelmus
1148 917 1352 976 thewtonicus
1375 917 1561 976 castellanus
1584 917 1678 976 castri

411 1025 532 1084 Medwe
556 1027 638 1085 circa
660 1026 773 1085 festum
797 1026 880 1084 beati
902 1025 1063 1083 Michaelis
1085 1024 1265 1097 archangeli
1287 1025 1320 1082 in
1342 1038 1423 1082 anno
1441 1023 1559 1083 domini
1575 1005 1678 1082 mille·

410 1131 491 1189 simo
513 1132 816 1206 quadringentesimo
839 1131 999 1203 trigesimo
1022 1138 1109 1189 sexto
1132 1135 1295 1201 transacto,
1318 1131 1512 1205 preteritum,
1535 1135 1676 1205 tempore

410 1238 529 1298 scilicet
551 1241 693 1298 introitus
716 1241 765 1298 sui
787 1239 827 1296 ad
850 1239 968 1298 dictum
992 1245 1139 1310 castrum,
1162 1253 1200 1295 ex
1224 1237 1451 1306 commissione,
1476 1244 1622 1312 precepto
1646 1241 1676 1294 et

410 1344 591 1404 induccione
606 1346 776 1404 illustrium
793 1345 972 1420 principum
988 1345 1187 1403 dominorum
1204 1343 1353 1402 Friderici
1368 1350 1399 1402 et
1412 1344 1521 1415 vlrici,
1537 1343 1676 1402 eiusdem

410 1449 529 1510 domini
545 1452 643 1510 Vlrici
659 1448 724 1526 (sic)
737 1453 810 1524 nati,
827 1452 977 1510 comitum
1001 1451 1119 1509 scilieet
1142 1450 1229 1523 Cilic,
1254 1450 1463 1523 Ortemburge
1486 1456 1517 1508 et
1538 1450 1675 1524 Zagorie,

410 1556 610 1617 dominorum
640 1575 777 1632 suorum,
808 1559 885 1616 duas
915 1573 1025 1616 vaccas
1055 1558 1216 1616 cuiusdam
1241 1558 1344 1616 coloni
1366 1557 1465 1631 ipsius
1488 1557 1620 1616 civitatis
1643 1557 1674 1614 in

409 1665 602 1738 possessione
624 1664 769 1724 Grachan
790 1669 900 1722 vocata
915 1664 1146 1735 commorantis,
1168 1665 1255 1722 omni
1277 1678 1332 1721 sua
1355 1663 1422 1722 sine
1449 1663 1544 1737 culpa
1566 1663 1671 1736 recipi,

409 1777 439 1828 et
473 1770 512 1828 ad
548 1771 666 1830 dictum
700 1777 837 1829 castrum
866 1770 988 1829 Medwe
1011 1769 1124 1828 deduci
1145 1785 1181 1828 ac
1203 1770 1274 1828 usui
1295 1785 1352 1828 suo
1376 1769 1522 1844 deputari
1544 1768 1672 1828 fecisset

408 1876 446 1935 Et
458 1877 541 1950 quod
558 1878 640 1936 idem
651 1878 829 1936 vilhelmus
847 1892 928 1935 anno
951 1877 983 1934 in
1006 1877 1149 1950 proxime
1171 1881 1326 1936 transacto
1348 1876 1429 1934 circa
1452 1875 1567 1934 testum
1589 1875 1672 1932 beati

408 1985 491 2056 regis
506 1999 536 2042 et
548 1983 731 2043 contessoris
747 1982 876 2042 Osualdi
891 1983 1057 2041 nonnullos
1073 1983 1165 2053 cives,
1181 1983 1318 2056 hospites
1334 1987 1365 2042 et
1384 1983 1576 2042 habitatores
1592 1980 1673 2038 dicte

409 2090 544 2148 civitatis
580 2090 693 2148 montis
731 2088 892 2149 Grecensis
927 2088 966 2146 de
994 2087 1138 2146 nundinis
1161 2103 1215 2146 seu
1239 2087 1307 2146 foro
1331 2089 1457 2147 annuali
1480 2087 1672 2162 pethouiensi

408 2210 479 2252 cum
504 2210 611 2253 eorum
635 2197 728 2254 rebus
752 2203 782 2253 et
805 2196 895 2254 honis
917 2195 1204 2254 mercimonialihus
1228 2210 1336 2254 versus
1371 2196 1500 2270 propria
1531 2193 1671 2269 proficis·

408 2310 518 2372 centes,
541 2302 592 2360 via
615 2303 646 2360 in
669 2303 777 2374 libera,
801 2301 945 2361 similiter
967 2318 1005 2360 ex
1030 2303 1118 2370 scitu,
1139 2302 1300 2360 voluntate
1323 2309 1353 2361 et
1376 2301 1593 2361 commissione
1609 2299 1672 2358 dic·

407 2411 510 2465 torum
533 2407 730 2466 dominorum
755 2408 913 2480 comitum,
937 2407 1135 2466 dominorum
1158 2422 1295 2478 suorum,
1328 2425 1384 2482 per
1406 2407 1558 2482 quosdam
1581 2405 1672 2464 fami-

406 2513 499 2570 liares
522 2529 559 2572 ac
579 2515 720 2573 homines
742 2529 815 2573 suos
838 2521 868 2572 et
888 2516 1029 2588 ipsorum
1050 2513 1248 2573 dominorum
1272 2516 1422 2574 comitum
1444 2514 1592 2590 precipue
1614 2527 1670 2586 per

407 2619 562 2691 quendam
600 2621 807 2679 Colomanum
841 2619 1094 2694 Trakumbergar
1127 2635 1163 2679 ac
1195 2621 1390 2704 Jeronimum
1432 2626 1462 2680 et
1493 2619 1670 2690 himinum,

406 2725 507 2783 filium
531 2725 668 2786 ladislai
690 2727 729 2785 de
751 2725 895 2796 Goricha,
918 2742 978 2800 que
1001 2727 1119 2785 scilicet
1141 2743 1191 2785 res
1207 2728 1456 2786 mercimoniales
1472 2725 1591 2785 ferend
1607 2725 1669 2782 duo

406 2832 506 2890 millia
531 2832 717 2891 florenorum
740 2834 809 2892 auri
831 2849 864 2892 se
898 2831 1112 2904 extendissent,
1135 2833 1233 2908 recipi
1255 2841 1284 2892 et
1318 2848 1382 2908 quo
1415 2849 1470 2892 sue
1503 2833 1670 2907 placuisset

405 2939 559 2997 voluntati
581 2938 741 3012 deportari
763 2944 793 2996 et
815 2937 914 2996 dividi
936 2931 1092 3016 (fecisset).
1115 2940 1185 2998 Hiis
1206 2955 1268 2998 non
1298 2947 1458 2998 contentus
1487 2940 1572 2999 idem
1603 2939 1668 2998 Vil-

403 3045 526 3103 helmus
546 3045 690 3104 similiter
713 3061 751 3103 ex
774 3059 932 3114 consensu,
956 3045 1033 3102 scitu
1058 3051 1088 3104 et
1112 3047 1272 3105 voluntate
1294 3047 1449 3106 dictorum
1466 3046 1666 3105 dominorum

403 3166 531 3209 suorum
554 3153 636 3210 circa
658 3151 771 3211 festum
787 3151 965 3210 Nativitatis
987 3152 1116 3226 virginis
1139 3154 1282 3227 gloriose,
1306 3155 1449 3228 proxime
1473 3153 1666 3228 preteritum,

403 3257 553 3316 nonnulla
575 3273 688 3332 pecora
710 3265 741 3316 et
771 3258 906 3332 pecudes
936 3257 1093 3318 dictorum
1117 3262 1232 3320 civium
1256 3261 1295 3320 de
1318 3261 1510 3336 possessione
1532 3261 1666 3334 Roycha,

404 3363 472 3421 foro
493 3363 610 3422 scilicet
632 3363 775 3422 similiter
795 3365 921 3424 annuali
932 3381 1040 3424 versus
1062 3368 1190 3441 propria
1214 3368 1405 3442 ducendum,
1428 3367 1480 3426 via
1501 3367 1534 3426 in
1556 3367 1664 3438 libera,

403 3470 489 3528 omni
522 3470 663 3542 ipsorum
694 3470 810 3528 civium
840 3471 905 3530 sine
927 3472 1020 3546 culpa
1043 3474 1140 3546 recipi
1163 3481 1192 3532 et
1215 3475 1327 3534 aufferi
1350 3491 1385 3534 ac
1408 3476 1552 3534 incertis
1575 3492 1665 3551 pecu·

402 3577 524 3634 niarum
549 3576 772 3648 quantitatibus
795 3579 913 3651 pactari
942 3583 972 3636 et
1003 3580 1141 3652 permitti
1172 3581 1301 3654 iecisset,
1332 3583 1474 3658 potencia
1503 3582 1664 3654 mediante,

402 3681 434 3739 in
458 3681 663 3755 preludicium
687 3691 717 3740 et
740 3683 912 3758 dampnum
935 3685 1117 3744 eorumdem
1135 3687 1251 3746 civium
1267 3689 1360 3747 valde
1376 3705 1532 3762 magnum.
1548 3689 1664 3748 Datum

402 3787 551 3862 Zagrabie
575 3788 650 3848 teria
673 3797 759 3849 sexta
781 3792 925 3864 proxima
947 3799 1018 3850 ante
1041 3791 1156 3852 festum
1178 3795 1407 3855 Purificacionis
1438 3796 1567 3871 virginis
1596 3797 1664 3870 gio·

400 3894 488 3954 riose.
512 3895 602 3956 Anno
625 3896 743 3957 domini
764 3898 933 3957 millesimo
956 3899 1262 3974 quadringentesimo
1286 3904 1441 3962 tricesimo
1465 3910 1582 3964 octavo.

505 4104 638 4170 Originale
656 4105 684 4156 in
702 4107 797 4160 charta⁴
817 4108 845 4158 A
865 4115 937 4174 tergo
955 4109 1065 4173 vestigia
1084 4116 1196 4176 quatuor
1207 4110 1359 4176 sigillorum.
1379 4113 1411 4160 In
1424 4112 1538 4162 archivio
1550 4112 1595 4164 lib.
1608 4128 1660 4177 reg.

399 4192 447 4244 civ.
465 4194 565 4258 zagrab.
