<?xml version="1.0" encoding="UTF-8"?>
<!DOCTYPE html PUBLIC "-//W3C//DTD XHTML 1.0 Transitional//EN"
    "http://www.w3.org/TR/xhtml1/DTD/xhtml1-transitional.dtd">
<html xmlns="http://www.w3.org/1999/xhtml" xml:lang="en" lang="en">
 <head>
  <title>
</title>
<meta http-equiv="Content-Type" content="text/html;charset=utf-8" />
  <meta name='ocr-system' content='tesseract 3.04.00' />
  <meta name='ocr-capabilities' content='ocr_page ocr_carea ocr_par ocr_line ocrx_word'/>
</head>
<body>
  <div class='ocr_page' id='page_1' title='image "./monumentahistor20laszgoog_0236.png"; bbox 0 0 3736 5826; ppageno 0'>
   <div class='ocr_carea' id='block_1_1' title="bbox 762 537 1483 610">
    <p class='ocr_par' dir='ltr' id='par_1_1' title="bbox 762 537 1483 610">
     <span class='ocr_line' id='line_1_1' title="bbox 762 537 1483 610; baseline -0.003 -8"><span class='ocrx_word' id='word_1_1' title='bbox 762 537 953 610; x_wconf 75' lang='lat' dir='ltr'><strong>Argumenta.</strong></span> <span class='ocrx_word' id='word_1_2' title='bbox 1331 542 1483 600; x_wconf 79' lang='lat' dir='ltr'>CCXXIII</span> 
     </span>
    </p>
   </div>
   <div class='ocr_carea' id='block_1_2' title="bbox 1102 643 1483 650">
    <p class='ocr_par' dir='ltr' id='par_1_2' title="bbox 1102 643 1483 650">
     <span class='ocr_line' id='line_1_2' title="bbox 1102 643 1483 650; baseline 0 0"><span class='ocrx_word' id='word_1_3' title='bbox 1102 643 1483 650; x_wconf 72' lang='lat'>-—-—.——-.—-.—-.--</span> 
     </span>
    </p>
   </div>
   <div class='ocr_carea' id='block_1_3' title="bbox 167 823 1376 4347">
    <p class='ocr_par' dir='ltr' id='par_1_3' title="bbox 167 823 1376 1158">
     <span class='ocr_line' id='line_1_3' title="bbox 167 823 1375 899; baseline 0.009 -26"><span class='ocrx_word' id='word_1_4' title='bbox 167 823 214 890; x_wconf 82' lang='lat'><strong>65.</strong></span> <span class='ocrx_word' id='word_1_5' title='bbox 238 826 335 877; x_wconf 84' lang='lat' dir='ltr'><strong>Auno</strong></span> <span class='ocrx_word' id='word_1_6' title='bbox 363 843 460 896; x_wconf 84' lang='grc'>1433.</span> <span class='ocrx_word' id='word_1_7' title='bbox 481 835 566 898; x_wconf 87' lang='lat' dir='ltr'><strong>Junii.</strong></span> <span class='ocrx_word' id='word_1_8' title='bbox 596 835 744 899; x_wconf 85' lang='lat' dir='ltr'><strong>Zagrabiae.</strong></span> <span class='ocrx_word' id='word_1_9' title='bbox 772 837 926 892; x_wconf 87' lang='lat' dir='ltr'><strong>Hermanus,</strong></span> <span class='ocrx_word' id='word_1_10' title='bbox 951 833 1039 883; x_wconf 89' lang='lat' dir='ltr'><strong>Cileae</strong></span> <span class='ocrx_word' id='word_1_11' title='bbox 1064 849 1150 882; x_wconf 90' lang='lat' dir='ltr'><strong>comes</strong></span> <span class='ocrx_word' id='word_1_12' title='bbox 1169 841 1194 882; x_wconf 85' lang='lat' dir='ltr'><strong>et</strong></span> <span class='ocrx_word' id='word_1_13' title='bbox 1213 834 1303 892; x_wconf 89' lang='lat' dir='ltr'><strong>banus,</strong></span> <span class='ocrx_word' id='word_1_14' title='bbox 1322 837 1375 898; x_wconf 93' lang='lat' dir='ltr'><strong>qui·</strong></span> 
     </span>
     <span class='ocr_line' id='line_1_4' title="bbox 236 915 1376 984; baseline 0.008 -21"><span class='ocrx_word' id='word_1_15' title='bbox 236 915 370 968; x_wconf 84' lang='lat' dir='ltr'><strong>busdam</strong></span> <span class='ocrx_word' id='word_1_16' title='bbox 392 923 530 984; x_wconf 87' lang='lat' dir='ltr'><strong>personis</strong></span> <span class='ocrx_word' id='word_1_17' title='bbox 549 923 662 980; x_wconf 88' lang='lat' dir='ltr'><strong>mandat,</strong></span> <span class='ocrx_word' id='word_1_18' title='bbox 685 931 714 972; x_wconf 90' lang='lat' dir='ltr'><strong>ut</strong></span> <span class='ocrx_word' id='word_1_19' title='bbox 738 923 802 972; x_wconf 84' lang='lat' dir='ltr'><strong>fines</strong></span> <span class='ocrx_word' id='word_1_20' title='bbox 824 922 1016 972; x_wconf 83' lang='lat' dir='ltr'><strong>communitatis</strong></span> <span class='ocrx_word' id='word_1_21' title='bbox 1040 922 1110 973; x_wconf 87' lang='lat' dir='ltr'><strong>civit.</strong></span> <span class='ocrx_word' id='word_1_22' title='bbox 1136 923 1272 972; x_wconf 87' lang='lat' dir='ltr'><strong>Grecensis</strong></span> <span class='ocrx_word' id='word_1_23' title='bbox 1291 931 1316 972; x_wconf 89' lang='lat' dir='ltr'><strong>et</strong></span> <span class='ocrx_word' id='word_1_24' title='bbox 1335 939 1376 972; x_wconf 92' lang='lat' dir='ltr'><strong>ca·</strong></span> 
     </span>
     <span class='ocr_line' id='line_1_5' title="bbox 239 1005 1376 1076; baseline 0.009 -24"><span class='ocrx_word' id='word_1_25' title='bbox 239 1005 334 1067; x_wconf 88' lang='lat' dir='ltr'><strong>pituli</strong></span> <span class='ocrx_word' id='word_1_26' title='bbox 356 1009 393 1056; x_wconf 89' lang='lat' dir='ltr'><strong>in</strong></span> <span class='ocrx_word' id='word_1_27' title='bbox 414 1011 493 1060; x_wconf 80' lang='lat' dir='ltr'><strong>vicis</strong></span> <span class='ocrx_word' id='word_1_28' title='bbox 513 1012 616 1070; x_wconf 70' lang='grc'>111111,</span> <span class='ocrx_word' id='word_1_29' title='bbox 636 1010 739 1062; x_wconf 71' lang='lat' dir='ltr'><strong>Vrabde</strong></span> <span class='ocrx_word' id='word_1_30' title='bbox 757 1019 783 1061; x_wconf 91' lang='lat' dir='ltr'><strong>et</strong></span> <span class='ocrx_word' id='word_1_31' title='bbox 802 1010 902 1076; x_wconf 85' lang='lat' dir='ltr'><strong>Grmlje</strong></span> <span class='ocrx_word' id='word_1_32' title='bbox 921 1012 986 1075; x_wconf 85' lang='lat' dir='ltr'><strong>sitis,</strong></span> <span class='ocrx_word' id='word_1_33' title='bbox 1006 1011 1151 1074; x_wconf 88' lang='lat' dir='ltr'><strong>dequibus</strong></span> <span class='ocrx_word' id='word_1_34' title='bbox 1168 1012 1211 1076; x_wconf 85' lang='lat' dir='ltr'><strong>jus</strong></span> <span class='ocrx_word' id='word_1_35' title='bbox 1229 1013 1376 1076; x_wconf 87' lang='lat' dir='ltr'><strong>ambigitur,</strong></span> 
     </span>
     <span class='ocr_line' id='line_1_6' title="bbox 241 1093 1371 1158; baseline 0 -14"><span class='ocrx_word' id='word_1_36' title='bbox 241 1093 434 1158; x_wconf 85' lang='lat' dir='ltr'><strong>explorent·</strong></span> <span class='ocrx_word' id='word_1_37' title='bbox 450 1125 1371 1142; x_wconf 77' lang='lat'><strong>···················································</strong></span> 
     </span>
    </p>

    <p class='ocr_par' dir='ltr' id='par_1_4' title="bbox 169 1179 1375 1518">
     <span class='ocr_line' id='line_1_7' title="bbox 169 1179 1374 1254; baseline 0.009 -26"><span class='ocrx_word' id='word_1_38' title='bbox 169 1179 219 1232; x_wconf 82' lang='lat'><strong>⁶6.</strong></span> <span class='ocrx_word' id='word_1_39' title='bbox 243 1183 340 1233; x_wconf 82' lang='lat' dir='ltr'><strong>Anno</strong></span> <span class='ocrx_word' id='word_1_40' title='bbox 361 1198 456 1251; x_wconf 83' lang='lat'><strong>1433.</strong></span> <span class='ocrx_word' id='word_1_41' title='bbox 473 1201 513 1240; x_wconf 89' lang='lat'><strong>20.</strong></span> <span class='ocrx_word' id='word_1_42' title='bbox 524 1188 591 1254; x_wconf 89' lang='lat' dir='ltr'><strong>Juiii</strong></span> <span class='ocrx_word' id='word_1_43' title='bbox 604 1190 716 1238; x_wconf 87' lang='lat' dir='ltr'><strong>Romae.</strong></span> <span class='ocrx_word' id='word_1_44' title='bbox 730 1189 920 1253; x_wconf 78' lang='lat' dir='ltr'><strong>sigismundus,</strong></span> <span class='ocrx_word' id='word_1_45' title='bbox 933 1189 1084 1252; x_wconf 84' lang='lat' dir='ltr'><strong>Huugariae</strong></span> <span class='ocrx_word' id='word_1_46' title='bbox 1098 1195 1144 1239; x_wconf 87' lang='lat' dir='ltr'><strong>etc.</strong></span> <span class='ocrx_word' id='word_1_47' title='bbox 1161 1205 1213 1246; x_wconf 86' lang='lat' dir='ltr'><strong>rex,</strong></span> <span class='ocrx_word' id='word_1_48' title='bbox 1228 1189 1374 1254; x_wconf 90' lang='lat' dir='ltr'><strong>Rudolpho</strong></span> 
     </span>
     <span class='ocr_line' id='line_1_8' title="bbox 245 1271 1375 1343; baseline 0.006 -23"><span class='ocrx_word' id='word_1_49' title='bbox 245 1271 387 1332; x_wconf 82' lang='lat' dir='ltr'><strong>Aibeno,</strong></span> <span class='ocrx_word' id='word_1_50' title='bbox 411 1277 505 1326; x_wconf 90' lang='lat' dir='ltr'><strong>nobili</strong></span> <span class='ocrx_word' id='word_1_51' title='bbox 524 1277 556 1326; x_wconf 88' lang='lat' dir='ltr'><strong>de</strong></span> <span class='ocrx_word' id='word_1_52' title='bbox 576 1277 688 1326; x_wconf 89' lang='lat' dir='ltr'><strong>Medved</strong></span> <span class='ocrx_word' id='word_1_53' title='bbox 716 1278 829 1337; x_wconf 88' lang='lat' dir='ltr'><strong>mandat,</strong></span> <span class='ocrx_word' id='word_1_54' title='bbox 848 1286 876 1326; x_wconf 92' lang='lat' dir='ltr'><strong>ut</strong></span> <span class='ocrx_word' id='word_1_55' title='bbox 895 1294 927 1326; x_wconf 90' lang='lat' dir='ltr'><strong>ex</strong></span> <span class='ocrx_word' id='word_1_56' title='bbox 943 1277 1054 1341; x_wconf 82' lang='lat' dir='ltr'><strong>Johauis</strong></span> <span class='ocrx_word' id='word_1_57' title='bbox 1073 1276 1176 1335; x_wconf 83' lang='lat' dir='ltr'><strong>Albeni,</strong></span> <span class='ocrx_word' id='word_1_58' title='bbox 1194 1279 1311 1343; x_wconf 79' lang='lat' dir='ltr'><strong>episcopi</strong></span> <span class='ocrx_word' id='word_1_59' title='bbox 1336 1295 1375 1327; x_wconf 86' lang='lat' dir='ltr'><strong>za·</strong></span> 
     </span>
     <span class='ocr_line' id='line_1_9' title="bbox 245 1362 1373 1430; baseline 0.004 -20"><span class='ocrx_word' id='word_1_60' title='bbox 245 1362 434 1424; x_wconf 80' lang='lat' dir='ltr'><strong>grabiensis,</strong></span> <span class='ocrx_word' id='word_1_61' title='bbox 449 1372 604 1414; x_wconf 89' lang='lat' dir='ltr'><strong>testamento</strong></span> <span class='ocrx_word' id='word_1_62' title='bbox 618 1365 753 1415; x_wconf 88' lang='lat' dir='ltr'><strong>dimidium</strong></span> <span class='ocrx_word' id='word_1_63' title='bbox 766 1367 843 1430; x_wconf 90' lang='lat' dir='ltr'><strong>pretii</strong></span> <span class='ocrx_word' id='word_1_64' title='bbox 856 1366 933 1415; x_wconf 82' lang='lat' dir='ltr'><strong>castri</strong></span> <span class='ocrx_word' id='word_1_65' title='bbox 946 1365 1040 1415; x_wconf 81' lang='lat' dir='ltr'><strong>Kuvar</strong></span> <span class='ocrx_word' id='word_1_66' title='bbox 1053 1371 1078 1414; x_wconf 87' lang='grc'><strong>11</strong></span> <span class='ocrx_word' id='word_1_67' title='bbox 1091 1365 1202 1414; x_wconf 79' lang='lat' dir='ltr'><strong>civitatis</strong></span> <span class='ocrx_word' id='word_1_68' title='bbox 1216 1365 1373 1430; x_wconf 90' lang='lat' dir='ltr'><strong>Kaproncae</strong></span> 
     </span>
     <span class='ocr_line' id='line_1_10' title="bbox 245 1453 1370 1518; baseline 0.002 -17"><span class='ocrx_word' id='word_1_69' title='bbox 245 1453 430 1502; x_wconf 68' lang='lat' dir='ltr'><strong>testamenti</strong></span> <span class='ocrx_word' id='word_1_70' title='bbox 450 1454 631 1502; x_wconf 82' lang='lat' dir='ltr'><strong>executoribus</strong></span> <span class='ocrx_word' id='word_1_71' title='bbox 649 1455 763 1518; x_wconf 79' lang='lat' dir='ltr'><strong>assignet</strong></span> <span class='ocrx_word' id='word_1_72' title='bbox 775 1478 1370 1494; x_wconf 75' lang='lat'>··································</span> 
     </span>
    </p>

    <p class='ocr_par' dir='ltr' id='par_1_5' title="bbox 177 1536 1375 1871">
     <span class='ocr_line' id='line_1_11' title="bbox 177 1536 1375 1608; baseline 0.007 -24"><span class='ocrx_word' id='word_1_73' title='bbox 177 1536 226 1598; x_wconf 84' lang='lat'><strong>67.</strong></span> <span class='ocrx_word' id='word_1_74' title='bbox 248 1538 347 1588; x_wconf 87' lang='lat' dir='ltr'><strong>Anno</strong></span> <span class='ocrx_word' id='word_1_75' title='bbox 363 1552 455 1605; x_wconf 82' lang='lat'><strong>1433,</strong></span> <span class='ocrx_word' id='word_1_76' title='bbox 467 1543 506 1592; x_wconf 88' lang='lat'><strong>28.</strong></span> <span class='ocrx_word' id='word_1_77' title='bbox 517 1542 638 1593; x_wconf 84' lang='lat' dir='ltr'><strong>octobris.</strong></span> <span class='ocrx_word' id='word_1_78' title='bbox 649 1541 773 1593; x_wconf 82' lang='lat' dir='ltr'><strong>Basileae.</strong></span> <span class='ocrx_word' id='word_1_79' title='bbox 785 1542 974 1606; x_wconf 88' lang='lat' dir='ltr'><strong>sigismundus,</strong></span> <span class='ocrx_word' id='word_1_80' title='bbox 985 1543 1136 1605; x_wconf 84' lang='lat' dir='ltr'><strong>Hungariae</strong></span> <span class='ocrx_word' id='word_1_81' title='bbox 1145 1558 1190 1590; x_wconf 88' lang='lat' dir='ltr'><strong>rex</strong></span> <span class='ocrx_word' id='word_1_82' title='bbox 1201 1541 1375 1608; x_wconf 87' lang='lat' dir='ltr'><strong>Rudolphum</strong></span> 
     </span>
     <span class='ocr_line' id='line_1_12' title="bbox 252 1625 1374 1696; baseline 0.006 -23"><span class='ocrx_word' id='word_1_83' title='bbox 252 1625 428 1688; x_wconf 84' lang='lat' dir='ltr'><strong>Albennm,</strong></span> <span class='ocrx_word' id='word_1_84' title='bbox 449 1630 494 1692; x_wconf 91' lang='lat' dir='ltr'><strong>qui</strong></span> <span class='ocrx_word' id='word_1_85' title='bbox 513 1646 544 1678; x_wconf 90' lang='lat' dir='ltr'><strong>ex</strong></span> <span class='ocrx_word' id='word_1_86' title='bbox 560 1629 690 1694; x_wconf 86' lang='lat' dir='ltr'><strong>Johanuis</strong></span> <span class='ocrx_word' id='word_1_87' title='bbox 709 1629 804 1680; x_wconf 87' lang='lat' dir='ltr'><strong>Albeni</strong></span> <span class='ocrx_word' id='word_1_88' title='bbox 823 1631 940 1696; x_wconf 85' lang='lat' dir='ltr'><strong>episcopi</strong></span> <span class='ocrx_word' id='word_1_89' title='bbox 959 1637 1114 1680; x_wconf 86' lang='lat' dir='ltr'><strong>testamento</strong></span> <span class='ocrx_word' id='word_1_90' title='bbox 1138 1631 1274 1680; x_wconf 89' lang='lat' dir='ltr'><strong>dimidium</strong></span> <span class='ocrx_word' id='word_1_91' title='bbox 1298 1633 1374 1696; x_wconf 85' lang='lat' dir='ltr'><strong>pretii</strong></span> 
     </span>
     <span class='ocr_line' id='line_1_13' title="bbox 253 1716 1373 1783; baseline 0.006 -21"><span class='ocrx_word' id='word_1_92' title='bbox 253 1716 347 1764; x_wconf 80' lang='lat' dir='ltr'><strong>castri</strong></span> <span class='ocrx_word' id='word_1_93' title='bbox 370 1717 476 1767; x_wconf 79' lang='lat' dir='ltr'><strong>Kuvar</strong></span> <span class='ocrx_word' id='word_1_94' title='bbox 494 1723 520 1766; x_wconf 92' lang='lat' dir='ltr'><strong>et</strong></span> <span class='ocrx_word' id='word_1_95' title='bbox 538 1717 650 1766; x_wconf 84' lang='lat' dir='ltr'><strong>civitatis</strong></span> <span class='ocrx_word' id='word_1_96' title='bbox 669 1718 827 1783; x_wconf 86' lang='lat' dir='ltr'><strong>Kaproucae</strong></span> <span class='ocrx_word' id='word_1_97' title='bbox 845 1720 993 1768; x_wconf 81' lang='lat' dir='ltr'><strong>testamenti</strong></span> <span class='ocrx_word' id='word_1_98' title='bbox 1010 1719 1190 1768; x_wconf 82' lang='lat' dir='ltr'><strong>executoribus</strong></span> <span class='ocrx_word' id='word_1_99' title='bbox 1215 1734 1268 1768; x_wconf 90' lang='lat' dir='ltr'><strong>non</strong></span> <span class='ocrx_word' id='word_1_100' title='bbox 1293 1721 1373 1782; x_wconf 85' lang='lat' dir='ltr'><strong>assig-</strong></span> 
     </span>
     <span class='ocr_line' id='line_1_14' title="bbox 253 1804 1365 1871; baseline 0.003 -17"><span class='ocrx_word' id='word_1_101' title='bbox 253 1804 349 1860; x_wconf 77' lang='lat' dir='ltr'><strong>navit,</strong></span> <span class='ocrx_word' id='word_1_102' title='bbox 374 1805 557 1870; x_wconf 79' lang='lat' dir='ltr'><strong>reprehendit,</strong></span> <span class='ocrx_word' id='word_1_103' title='bbox 577 1807 653 1869; x_wconf 90' lang='lat' dir='ltr'><strong>eique</strong></span> <span class='ocrx_word' id='word_1_104' title='bbox 673 1821 782 1871; x_wconf 87' lang='lat' dir='ltr'><strong>poenam</strong></span> <span class='ocrx_word' id='word_1_105' title='bbox 800 1807 934 1857; x_wconf 81' lang='lat' dir='ltr'><strong>minitatur</strong></span> <span class='ocrx_word' id='word_1_106' title='bbox 948 1833 1365 1847; x_wconf 85' lang='lat'><strong>························</strong></span> 
     </span>
    </p>

    <p class='ocr_par' dir='ltr' id='par_1_6' title="bbox 187 1889 1373 2138">
     <span class='ocr_line' id='line_1_15' title="bbox 187 1889 1373 1960; baseline 0.006 -22"><span class='ocrx_word' id='word_1_107' title='bbox 187 1889 234 1940; x_wconf 88' lang='lat'><strong>68.</strong></span> <span class='ocrx_word' id='word_1_108' title='bbox 257 1893 356 1943; x_wconf 86' lang='lat' dir='ltr'><strong>Anno</strong></span> <span class='ocrx_word' id='word_1_109' title='bbox 383 1908 463 1958; x_wconf 88' lang='grc'>1433,</span> <span class='ocrx_word' id='word_1_110' title='bbox 484 1907 507 1958; x_wconf 91' lang='lat'><strong>7.</strong></span> <span class='ocrx_word' id='word_1_111' title='bbox 527 1896 688 1960; x_wconf 88' lang='lat' dir='ltr'><strong>septembris.</strong></span> <span class='ocrx_word' id='word_1_112' title='bbox 707 1897 804 1948; x_wconf 86' lang='lat' dir='ltr'><strong>Budae.</strong></span> <span class='ocrx_word' id='word_1_113' title='bbox 824 1897 947 1946; x_wconf 88' lang='lat' dir='ltr'><strong>Matheus</strong></span> <span class='ocrx_word' id='word_1_114' title='bbox 966 1897 998 1944; x_wconf 89' lang='lat' dir='ltr'><strong>de</strong></span> <span class='ocrx_word' id='word_1_115' title='bbox 1016 1896 1115 1946; x_wconf 88' lang='lat' dir='ltr'><strong>Paloch</strong></span> <span class='ocrx_word' id='word_1_116' title='bbox 1131 1897 1211 1960; x_wconf 85' lang='lat' dir='ltr'><strong>judex</strong></span> <span class='ocrx_word' id='word_1_117' title='bbox 1226 1897 1319 1960; x_wconf 85' lang='lat' dir='ltr'><strong>curiae,</strong></span> <span class='ocrx_word' id='word_1_118' title='bbox 1332 1911 1373 1945; x_wconf 83' lang='grc'><strong>11·</strong></span> 
     </span>
     <span class='ocr_line' id='line_1_16' title="bbox 257 1981 1373 2048; baseline 0.003 -18"><span class='ocrx_word' id='word_1_119' title='bbox 257 1981 359 2045; x_wconf 86' lang='lat' dir='ltr'><strong>pitulo</strong></span> <span class='ocrx_word' id='word_1_120' title='bbox 382 1982 511 2032; x_wconf 69' lang='grc'>1111111111</span> <span class='ocrx_word' id='word_1_121' title='bbox 530 1984 642 2042; x_wconf 85' lang='lat' dir='ltr'><strong>mandat,</strong></span> <span class='ocrx_word' id='word_1_122' title='bbox 662 1991 690 2033; x_wconf 94' lang='lat' dir='ltr'><strong>ut</strong></span> <span class='ocrx_word' id='word_1_123' title='bbox 709 1983 918 2036; x_wconf 81' lang='lat' dir='ltr'><strong>communitatem</strong></span> <span class='ocrx_word' id='word_1_124' title='bbox 938 1985 1033 2034; x_wconf 87' lang='lat' dir='ltr'><strong>montis</strong></span> <span class='ocrx_word' id='word_1_125' title='bbox 1052 1984 1190 2034; x_wconf 83' lang='lat' dir='ltr'><strong>Grecensis</strong></span> <span class='ocrx_word' id='word_1_126' title='bbox 1203 1991 1308 2048; x_wconf 91' lang='lat' dir='ltr'><strong>propter</strong></span> <span class='ocrx_word' id='word_1_127' title='bbox 1320 1985 1373 2033; x_wconf 83' lang='lat' dir='ltr'><strong>vim</strong></span> 
     </span>
     <span class='ocr_line' id='line_1_17' title="bbox 259 2071 1365 2138; baseline 0.002 -17"><span class='ocrx_word' id='word_1_128' title='bbox 259 2071 396 2136; x_wconf 82' lang='lat' dir='ltr'><strong>capitulo</strong></span> <span class='ocrx_word' id='word_1_129' title='bbox 413 2073 516 2136; x_wconf 84' lang='lat' dir='ltr'><strong>zagrab.</strong></span> <span class='ocrx_word' id='word_1_130' title='bbox 534 2071 642 2130; x_wconf 87' lang='lat' dir='ltr'><strong>iliatam,</strong></span> <span class='ocrx_word' id='word_1_131' title='bbox 661 2089 708 2138; x_wconf 90' lang='lat' dir='ltr'><strong>per</strong></span> <span class='ocrx_word' id='word_1_132' title='bbox 725 2073 840 2138; x_wconf 83' lang='lat' dir='ltr'><strong>legatum</strong></span> <span class='ocrx_word' id='word_1_133' title='bbox 858 2075 885 2124; x_wconf 82' lang='lat' dir='ltr'><strong>Iu</strong></span> <span class='ocrx_word' id='word_1_134' title='bbox 901 2075 943 2138; x_wconf 88' lang='lat' dir='ltr'><strong>jus</strong></span> <span class='ocrx_word' id='word_1_135' title='bbox 962 2074 1039 2123; x_wconf 85' lang='lat' dir='ltr'><strong>ducat</strong></span> <span class='ocrx_word' id='word_1_136' title='bbox 1054 2099 1365 2114; x_wconf 89' lang='lat'><strong>··················</strong></span> 
     </span>
    </p>

    <p class='ocr_par' dir='ltr' id='par_1_7' title="bbox 191 2155 1371 2490">
     <span class='ocr_line' id='line_1_18' title="bbox 191 2155 1370 2226; baseline 0.002 -18"><span class='ocrx_word' id='word_1_137' title='bbox 191 2155 236 2217; x_wconf 84' lang='lat'><strong>69.</strong></span> <span class='ocrx_word' id='word_1_138' title='bbox 261 2158 359 2209; x_wconf 85' lang='lat' dir='ltr'><strong>Anno</strong></span> <span class='ocrx_word' id='word_1_139' title='bbox 385 2174 460 2224; x_wconf 84' lang='lat'><strong>1433,</strong></span> <span class='ocrx_word' id='word_1_140' title='bbox 481 2173 522 2211; x_wconf 87' lang='lat'><strong>22.</strong></span> <span class='ocrx_word' id='word_1_141' title='bbox 543 2162 695 2214; x_wconf 89' lang='lat' dir='ltr'><strong>decembris.</strong></span> <span class='ocrx_word' id='word_1_142' title='bbox 715 2162 841 2214; x_wconf 86' lang='lat' dir='ltr'><strong>Basileae.</strong></span> <span class='ocrx_word' id='word_1_143' title='bbox 861 2163 1042 2226; x_wconf 79' lang='lat' dir='ltr'><strong>sigismundus</strong></span> <span class='ocrx_word' id='word_1_144' title='bbox 1068 2163 1218 2226; x_wconf 86' lang='lat' dir='ltr'><strong>Huugariae</strong></span> <span class='ocrx_word' id='word_1_145' title='bbox 1244 2168 1292 2214; x_wconf 87' lang='lat' dir='ltr'><strong>ete.</strong></span> <span class='ocrx_word' id='word_1_146' title='bbox 1318 2178 1370 2220; x_wconf 86' lang='lat' dir='ltr'><strong>rex,</strong></span> 
     </span>
     <span class='ocr_line' id='line_1_19' title="bbox 263 2250 1371 2316; baseline 0.004 -20"><span class='ocrx_word' id='word_1_147' title='bbox 263 2250 460 2299; x_wconf 79' lang='lat' dir='ltr'><strong>communitati</strong></span> <span class='ocrx_word' id='word_1_148' title='bbox 479 2251 574 2299; x_wconf 83' lang='lat' dir='ltr'><strong>montis</strong></span> <span class='ocrx_word' id='word_1_149' title='bbox 591 2251 728 2300; x_wconf 87' lang='lat' dir='ltr'><strong>Grecensis</strong></span> <span class='ocrx_word' id='word_1_150' title='bbox 745 2252 863 2316; x_wconf 88' lang='lat' dir='ltr'><strong>imperat,</strong></span> <span class='ocrx_word' id='word_1_151' title='bbox 883 2267 915 2300; x_wconf 87' lang='lat' dir='ltr'><strong>ne</strong></span> <span class='ocrx_word' id='word_1_152' title='bbox 934 2251 1065 2316; x_wconf 83' lang='lat' dir='ltr'><strong>impediat,</strong></span> <span class='ocrx_word' id='word_1_153' title='bbox 1079 2251 1217 2314; x_wconf 89' lang='lat' dir='ltr'><strong>quominus</strong></span> <span class='ocrx_word' id='word_1_154' title='bbox 1229 2252 1371 2300; x_wconf 74' lang='lat' dir='ltr'><strong>Tuscorum</strong></span> 
     </span>
     <span class='ocr_line' id='line_1_20' title="bbox 264 2335 1369 2404; baseline 0.005 -22"><span class='ocrx_word' id='word_1_155' title='bbox 264 2335 424 2385; x_wconf 71' lang='lat' dir='ltr'><strong>invasionis</strong></span> <span class='ocrx_word' id='word_1_156' title='bbox 443 2343 521 2395; x_wconf 88' lang='lat' dir='ltr'><strong>metu,</strong></span> <span class='ocrx_word' id='word_1_157' title='bbox 540 2337 682 2402; x_wconf 90' lang='lat' dir='ltr'><strong>capitulum</strong></span> <span class='ocrx_word' id='word_1_158' title='bbox 707 2338 872 2402; x_wconf 82' lang='lat' dir='ltr'><strong>zagrabiense</strong></span> <span class='ocrx_word' id='word_1_159' title='bbox 896 2339 985 2388; x_wconf 84' lang='lat' dir='ltr'><strong>turrim</strong></span> <span class='ocrx_word' id='word_1_160' title='bbox 1012 2340 1118 2404; x_wconf 80' lang='lat' dir='ltr'><strong>»Popov</strong></span> <span class='ocrx_word' id='word_1_161' title='bbox 1137 2345 1227 2388; x_wconf 85' lang='lat' dir='ltr'><strong>turen«</strong></span> <span class='ocrx_word' id='word_1_162' title='bbox 1253 2345 1369 2388; x_wconf 85' lang='lat' dir='ltr'><strong>vocatam</strong></span> 
     </span>
     <span class='ocr_line' id='line_1_21' title="bbox 266 2423 1363 2490; baseline 0.002 -16"><span class='ocrx_word' id='word_1_163' title='bbox 266 2423 410 2488; x_wconf 82' lang='lat' dir='ltr'><strong>situmque</strong></span> <span class='ocrx_word' id='word_1_164' title='bbox 429 2426 455 2474; x_wconf 89' lang='lat' dir='ltr'><strong>in</strong></span> <span class='ocrx_word' id='word_1_165' title='bbox 474 2425 656 2475; x_wconf 76' lang='lat' dir='ltr'><strong>commitata</strong></span> <span class='ocrx_word' id='word_1_166' title='bbox 675 2425 772 2476; x_wconf 87' lang='lat' dir='ltr'><strong>reficiat</strong></span> <span class='ocrx_word' id='word_1_167' title='bbox 790 2433 869 2490; x_wconf 83' lang='lat' dir='ltr'><strong>atque</strong></span> <span class='ocrx_word' id='word_1_168' title='bbox 888 2428 987 2477; x_wconf 88' lang='lat' dir='ltr'><strong>muniat</strong></span> <span class='ocrx_word' id='word_1_169' title='bbox 1017 2453 1363 2467; x_wconf 87' lang='lat'><strong>····················</strong></span> 
     </span>
    </p>

    <p class='ocr_par' dir='ltr' id='par_1_8' title="bbox 200 2512 1369 2758">
     <span class='ocr_line' id='line_1_22' title="bbox 200 2512 1369 2580; baseline 0.005 -22"><span class='ocrx_word' id='word_1_170' title='bbox 200 2517 249 2572; x_wconf 83' lang='lat'><strong>70.</strong></span> <span class='ocrx_word' id='word_1_171' title='bbox 271 2512 364 2562; x_wconf 83' lang='lat' dir='ltr'><strong>Anno</strong></span> <span class='ocrx_word' id='word_1_172' title='bbox 380 2525 454 2576; x_wconf 83' lang='lat'><strong>1434,</strong></span> <span class='ocrx_word' id='word_1_173' title='bbox 471 2513 501 2563; x_wconf 90' lang='lat'><strong>16</strong></span> <span class='ocrx_word' id='word_1_174' title='bbox 523 2514 616 2567; x_wconf 87' lang='lat' dir='ltr'><strong>martii.</strong></span> <span class='ocrx_word' id='word_1_175' title='bbox 629 2514 755 2568; x_wconf 87' lang='lat' dir='ltr'><strong>Basileae.</strong></span> <span class='ocrx_word' id='word_1_176' title='bbox 769 2515 949 2579; x_wconf 78' lang='lat' dir='ltr'><strong>sigismundus</strong></span> <span class='ocrx_word' id='word_1_177' title='bbox 963 2517 1113 2580; x_wconf 79' lang='lat' dir='ltr'><strong>Hungcri&#39;ae</strong></span> <span class='ocrx_word' id='word_1_178' title='bbox 1125 2523 1174 2568; x_wconf 90' lang='lat' dir='ltr'><strong>etc.</strong></span> <span class='ocrx_word' id='word_1_179' title='bbox 1188 2532 1240 2574; x_wconf 86' lang='lat' dir='ltr'><strong>rex,</strong></span> <span class='ocrx_word' id='word_1_180' title='bbox 1255 2517 1369 2579; x_wconf 82' lang='lat' dir='ltr'><strong>Georgio</strong></span> 
     </span>
     <span class='ocr_line' id='line_1_23' title="bbox 270 2601 1367 2669; baseline 0.005 -21"><span class='ocrx_word' id='word_1_181' title='bbox 270 2601 478 2667; x_wconf 76' lang='lat' dir='ltr'><strong>archiepiscopo</strong></span> <span class='ocrx_word' id='word_1_182' title='bbox 496 2602 661 2666; x_wconf 85' lang='lat' dir='ltr'><strong>strigoniensi</strong></span> <span class='ocrx_word' id='word_1_183' title='bbox 678 2604 790 2662; x_wconf 90' lang='lat' dir='ltr'><strong>mandat,</strong></span> <span class='ocrx_word' id='word_1_184' title='bbox 809 2611 838 2653; x_wconf 89' lang='grc'><strong>11</strong></span> <span class='ocrx_word' id='word_1_185' title='bbox 856 2605 884 2653; x_wconf 89' lang='lat' dir='ltr'><strong>in</strong></span> <span class='ocrx_word' id='word_1_186' title='bbox 899 2605 939 2654; x_wconf 87' lang='lat' dir='ltr'><strong>ius</strong></span> <span class='ocrx_word' id='word_1_187' title='bbox 951 2611 1025 2654; x_wconf 87' lang='lat' dir='ltr'><strong>vocet</strong></span> <span class='ocrx_word' id='word_1_188' title='bbox 1039 2604 1212 2669; x_wconf 89' lang='lat' dir='ltr'><strong>Rudolphum</strong></span> <span class='ocrx_word' id='word_1_189' title='bbox 1225 2603 1367 2663; x_wconf 84' lang='lat' dir='ltr'><strong>Albeuum,</strong></span> 
     </span>
     <span class='ocr_line' id='line_1_24' title="bbox 271 2691 1368 2758; baseline 0.004 -20"><span class='ocrx_word' id='word_1_190' title='bbox 271 2691 323 2752; x_wconf 91' lang='lat' dir='ltr'><strong>qui</strong></span> <span class='ocrx_word' id='word_1_191' title='bbox 343 2691 458 2754; x_wconf 88' lang='lat' dir='ltr'><strong>legatum</strong></span> <span class='ocrx_word' id='word_1_192' title='bbox 477 2692 510 2740; x_wconf 90' lang='lat' dir='ltr'><strong>ab</strong></span> <span class='ocrx_word' id='word_1_193' title='bbox 528 2691 645 2756; x_wconf 87' lang='lat' dir='ltr'><strong>Johaune</strong></span> <span class='ocrx_word' id='word_1_194' title='bbox 664 2691 771 2741; x_wconf 86' lang='lat' dir='ltr'><strong>Albeno</strong></span> <span class='ocrx_word' id='word_1_195' title='bbox 783 2693 906 2758; x_wconf 88' lang='lat' dir='ltr'><strong>episcopo</strong></span> <span class='ocrx_word' id='word_1_196' title='bbox 918 2692 1042 2743; x_wconf 86' lang='lat' dir='ltr'><strong>ecciesiae</strong></span> <span class='ocrx_word' id='word_1_197' title='bbox 1055 2692 1197 2742; x_wconf 74' lang='lat' dir='ltr'><strong>cathedrali</strong></span> <span class='ocrx_word' id='word_1_198' title='bbox 1209 2693 1368 2757; x_wconf 88' lang='lat' dir='ltr'><strong>zagrabieusi</strong></span> 
     </span>
    </p>

    <p class='ocr_par' dir='ltr' id='par_1_9' title="bbox 210 2778 1369 4347">
     <span class='ocr_line' id='line_1_25' title="bbox 273 2778 1364 2829; baseline 0.002 -1"><span class='ocrx_word' id='word_1_199' title='bbox 273 2778 399 2829; x_wconf 90' lang='lat' dir='ltr'><strong>relictum</strong></span> <span class='ocrx_word' id='word_1_200' title='bbox 417 2779 502 2829; x_wconf 86' lang='lat' dir='ltr'><strong>adhuc</strong></span> <span class='ocrx_word' id='word_1_201' title='bbox 520 2795 572 2829; x_wconf 92' lang='lat' dir='ltr'><strong>uon</strong></span> <span class='ocrx_word' id='word_1_202' title='bbox 590 2778 667 2829; x_wconf 84' lang='lat' dir='ltr'><strong>solvit</strong></span> <span class='ocrx_word' id='word_1_203' title='bbox 681 2807 1364 2821; x_wconf 86' lang='lat'><strong>·······································</strong></span> 
     </span>
     <span class='ocr_line' id='line_1_26' title="bbox 210 2867 1366 2934; baseline 0.005 -19"><span class='ocrx_word' id='word_1_204' title='bbox 210 2877 254 2927; x_wconf 89' lang='lat'><strong>71.</strong></span> <span class='ocrx_word' id='word_1_205' title='bbox 276 2869 362 2917; x_wconf 80' lang='lat' dir='ltr'><strong>Anno</strong></span> <span class='ocrx_word' id='word_1_206' title='bbox 384 2880 458 2931; x_wconf 87' lang='lat'><strong>1434,</strong></span> <span class='ocrx_word' id='word_1_207' title='bbox 478 2867 502 2920; x_wconf 89' lang='grc'>6,</span> <span class='ocrx_word' id='word_1_208' title='bbox 518 2867 592 2932; x_wconf 91' lang='lat' dir='ltr'><strong>Julii.</strong></span> <span class='ocrx_word' id='word_1_209' title='bbox 613 2869 760 2932; x_wconf 85' lang='lat' dir='ltr'><strong>Zagrabiae.</strong></span> <span class='ocrx_word' id='word_1_210' title='bbox 780 2870 915 2920; x_wconf 84' lang='lat' dir='ltr'><strong>Mathaeus</strong></span> <span class='ocrx_word' id='word_1_211' title='bbox 934 2869 1054 2927; x_wconf 84' lang='lat' dir='ltr'><strong>Talovac,</strong></span> <span class='ocrx_word' id='word_1_212' title='bbox 1073 2871 1241 2934; x_wconf 86' lang='lat' dir='ltr'><strong>episcopatus</strong></span> <span class='ocrx_word' id='word_1_213' title='bbox 1265 2870 1366 2932; x_wconf 85' lang='lat' dir='ltr'><strong>zagrab.</strong></span> 
     </span>
     <span class='ocr_line' id='line_1_27' title="bbox 275 2956 1367 3022; baseline 0.002 -18"><span class='ocrx_word' id='word_1_214' title='bbox 275 2956 443 3019; x_wconf 84' lang='lat' dir='ltr'><strong>gubernator,</strong></span> <span class='ocrx_word' id='word_1_215' title='bbox 462 2957 562 3015; x_wconf 88' lang='lat' dir='ltr'><strong>indicit,</strong></span> <span class='ocrx_word' id='word_1_216' title='bbox 581 2972 614 3005; x_wconf 93' lang='lat' dir='ltr'><strong>ue</strong></span> <span class='ocrx_word' id='word_1_217' title='bbox 633 2957 688 3006; x_wconf 87' lang='lat' dir='ltr'><strong>sola</strong></span> <span class='ocrx_word' id='word_1_218' title='bbox 703 2959 829 3021; x_wconf 85' lang='lat' dir='ltr'><strong>quaedam</strong></span> <span class='ocrx_word' id='word_1_219' title='bbox 842 2958 963 3022; x_wconf 88' lang='lat' dir='ltr'><strong>litigiosa,</strong></span> <span class='ocrx_word' id='word_1_220' title='bbox 977 2974 1043 3022; x_wconf 91' lang='lat' dir='ltr'><strong>quae</strong></span> <span class='ocrx_word' id='word_1_221' title='bbox 1056 2965 1115 3022; x_wconf 86' lang='lat' dir='ltr'><strong>post</strong></span> <span class='ocrx_word' id='word_1_222' title='bbox 1126 2958 1255 3022; x_wconf 86' lang='lat' dir='ltr'><strong>Johannis</strong></span> <span class='ocrx_word' id='word_1_223' title='bbox 1269 2957 1367 3006; x_wconf 90' lang='lat' dir='ltr'><strong>Albeni</strong></span> 
     </span>
     <span class='ocr_line' id='line_1_28' title="bbox 276 3045 1369 3111; baseline 0 -17"><span class='ocrx_word' id='word_1_224' title='bbox 276 3046 396 3110; x_wconf 85' lang='lat' dir='ltr'><strong>episcopi</strong></span> <span class='ocrx_word' id='word_1_225' title='bbox 414 3051 521 3094; x_wconf 88' lang='lat' dir='ltr'><strong>mortem</strong></span> <span class='ocrx_word' id='word_1_226' title='bbox 541 3046 608 3094; x_wconf 87' lang='lat' dir='ltr'><strong>inter</strong></span> <span class='ocrx_word' id='word_1_227' title='bbox 626 3046 768 3110; x_wconf 90' lang='lat' dir='ltr'><strong>capitulum</strong></span> <span class='ocrx_word' id='word_1_228' title='bbox 787 3055 812 3096; x_wconf 90' lang='lat' dir='ltr'><strong>et</strong></span> <span class='ocrx_word' id='word_1_229' title='bbox 831 3047 1038 3096; x_wconf 77' lang='lat' dir='ltr'><strong>communitatem</strong></span> <span class='ocrx_word' id='word_1_230' title='bbox 1057 3047 1170 3096; x_wconf 87' lang='lat' dir='ltr'><strong>civitatis</strong></span> <span class='ocrx_word' id='word_1_231' title='bbox 1189 3045 1278 3094; x_wconf 86' lang='lat' dir='ltr'><strong>relicta</strong></span> <span class='ocrx_word' id='word_1_232' title='bbox 1300 3053 1369 3111; x_wconf 87' lang='lat' dir='ltr'><strong>suut,</strong></span> 
     </span>
     <span class='ocr_line' id='line_1_29' title="bbox 277 3127 1364 3198; baseline 0.002 -16"><span class='ocrx_word' id='word_1_233' title='bbox 277 3133 404 3192; x_wconf 86' lang='lat' dir='ltr'><strong>colantur,</strong></span> <span class='ocrx_word' id='word_1_234' title='bbox 423 3134 495 3198; x_wconf 89' lang='lat' dir='ltr'><strong>prius</strong></span> <span class='ocrx_word' id='word_1_235' title='bbox 514 3149 591 3196; x_wconf 86' lang='lat' dir='ltr'><strong>quam</strong></span> <span class='ocrx_word' id='word_1_236' title='bbox 610 3127 755 3198; x_wconf 75' lang='lat' dir='ltr'><strong>permist&#39;srit</strong></span> <span class='ocrx_word' id='word_1_237' title='bbox 770 3157 1364 3175; x_wconf 85' lang='lat'><strong>··································</strong></span> 
     </span>
     <span class='ocr_line' id='line_1_30' title="bbox 213 3221 1365 3287; baseline 0.003 -19"><span class='ocrx_word' id='word_1_238' title='bbox 213 3231 256 3281; x_wconf 80' lang='lat'><strong>72.</strong></span> <span class='ocrx_word' id='word_1_239' title='bbox 279 3223 360 3271; x_wconf 86' lang='lat' dir='ltr'><strong>Anno</strong></span> <span class='ocrx_word' id='word_1_240' title='bbox 381 3234 456 3285; x_wconf 82' lang='lat'><strong>1434.</strong></span> <span class='ocrx_word' id='word_1_241' title='bbox 476 3221 499 3272; x_wconf 91' lang='lat'><strong>6.</strong></span> <span class='ocrx_word' id='word_1_242' title='bbox 518 3221 590 3286; x_wconf 89' lang='lat' dir='ltr'><strong>Julii.</strong></span> <span class='ocrx_word' id='word_1_243' title='bbox 610 3222 756 3286; x_wconf 82' lang='lat' dir='ltr'><strong>Zugrabiae.</strong></span> <span class='ocrx_word' id='word_1_244' title='bbox 778 3225 805 3272; x_wconf 82' lang='lat' dir='ltr'>A</span> <span class='ocrx_word' id='word_1_245' title='bbox 824 3223 947 3272; x_wconf 87' lang='lat' dir='ltr'><strong>Mathaeo</strong></span> <span class='ocrx_word' id='word_1_246' title='bbox 965 3222 1086 3280; x_wconf 85' lang='lat' dir='ltr'><strong>Talovac‚</strong></span> <span class='ocrx_word' id='word_1_247' title='bbox 1100 3223 1265 3287; x_wconf 86' lang='lat' dir='ltr'><strong>episcopatus</strong></span> <span class='ocrx_word' id='word_1_248' title='bbox 1278 3239 1365 3286; x_wconf 81' lang='lat' dir='ltr'><strong>zagru-</strong></span> 
     </span>
     <span class='ocr_line' id='line_1_31' title="bbox 279 3310 1368 3375; baseline 0 -17"><span class='ocrx_word' id='word_1_249' title='bbox 279 3311 378 3360; x_wconf 87' lang='lat' dir='ltr'><strong>biensis</strong></span> <span class='ocrx_word' id='word_1_250' title='bbox 396 3310 575 3374; x_wconf 88' lang='lat' dir='ltr'><strong>gubernatore,</strong></span> <span class='ocrx_word' id='word_1_251' title='bbox 589 3312 758 3360; x_wconf 86' lang='lat' dir='ltr'><strong>communitas</strong></span> <span class='ocrx_word' id='word_1_252' title='bbox 771 3312 882 3361; x_wconf 86' lang='lat' dir='ltr'><strong>civitatis</strong></span> <span class='ocrx_word' id='word_1_253' title='bbox 895 3312 1005 3374; x_wconf 83' lang='lat' dir='ltr'><strong>zagrab.,</strong></span> <span class='ocrx_word' id='word_1_254' title='bbox 1018 3327 1084 3375; x_wconf 87' lang='lat' dir='ltr'><strong>quae</strong></span> <span class='ocrx_word' id='word_1_255' title='bbox 1098 3311 1200 3360; x_wconf 87' lang='lat' dir='ltr'><strong>hortum</strong></span> <span class='ocrx_word' id='word_1_256' title='bbox 1214 3311 1368 3360; x_wconf 87' lang='lat' dir='ltr'><strong>cathedralis</strong></span> 
     </span>
     <span class='ocr_line' id='line_1_32' title="bbox 279 3398 1362 3456; baseline 0 -10"><span class='ocrx_word' id='word_1_257' title='bbox 279 3398 403 3448; x_wconf 86' lang='lat' dir='ltr'><strong>ecclesiae</strong></span> <span class='ocrx_word' id='word_1_258' title='bbox 422 3415 442 3450; x_wconf 89' lang='lat' dir='ltr'><strong>s.</strong></span> <span class='ocrx_word' id='word_1_259' title='bbox 461 3399 574 3448; x_wconf 87' lang='lat' dir='ltr'><strong>Emerici</strong></span> <span class='ocrx_word' id='word_1_260' title='bbox 593 3399 745 3456; x_wconf 83' lang='lat' dir='ltr'><strong>devastavit,</strong></span> <span class='ocrx_word' id='word_1_261' title='bbox 764 3407 866 3448; x_wconf 87' lang='lat' dir='ltr'><strong>centurn</strong></span> <span class='ocrx_word' id='word_1_262' title='bbox 886 3401 977 3448; x_wconf 87' lang='lat' dir='ltr'><strong>marcis</strong></span> <span class='ocrx_word' id='word_1_263' title='bbox 995 3400 1158 3448; x_wconf 86' lang='lat' dir='ltr'><strong>denariorum</strong></span> <span class='ocrx_word' id='word_1_264' title='bbox 1178 3398 1315 3448; x_wconf 90' lang='grc'>1111111111</span> <span class='ocrx_word' id='word_1_265' title='bbox 1340 3425 1362 3437; x_wconf 87' lang='grc'><strong>--</strong></span> 
     </span>
     <span class='ocr_line' id='line_1_33' title="bbox 218 3486 1367 3553; baseline -0.002 -17"><span class='ocrx_word' id='word_1_266' title='bbox 218 3497 259 3548; x_wconf 81' lang='grc'><strong>73.</strong></span> <span class='ocrx_word' id='word_1_267' title='bbox 282 3489 360 3537; x_wconf 77' lang='lat' dir='ltr'><strong>Anno</strong></span> <span class='ocrx_word' id='word_1_268' title='bbox 381 3497 456 3551; x_wconf 87' lang='lat'>1434,</span> <span class='ocrx_word' id='word_1_269' title='bbox 476 3489 499 3538; x_wconf 92' lang='lat'><strong>8.</strong></span> <span class='ocrx_word' id='word_1_270' title='bbox 517 3486 592 3551; x_wconf 89' lang='lat' dir='ltr'><strong>Julii.</strong></span> <span class='ocrx_word' id='word_1_271' title='bbox 612 3489 761 3551; x_wconf 88' lang='lat' dir='ltr'><strong>Zagrabiae.</strong></span> <span class='ocrx_word' id='word_1_272' title='bbox 779 3489 920 3553; x_wconf 88' lang='lat' dir='ltr'><strong>Johannes,</strong></span> <span class='ocrx_word' id='word_1_273' title='bbox 940 3488 1140 3537; x_wconf 87' lang='lat' dir='ltr'><strong>Cisterceusium</strong></span> <span class='ocrx_word' id='word_1_274' title='bbox 1159 3488 1259 3550; x_wconf 83' lang='lat' dir='ltr'><strong>aagrab.</strong></span> <span class='ocrx_word' id='word_1_275' title='bbox 1279 3487 1367 3544; x_wconf 87' lang='lat' dir='ltr'><strong>abbas,</strong></span> 
     </span>
     <span class='ocr_line' id='line_1_34' title="bbox 280 3573 1367 3641; baseline 0 -17"><span class='ocrx_word' id='word_1_276' title='bbox 280 3575 452 3640; x_wconf 91' lang='lat' dir='ltr'><strong>Rudolphum</strong></span> <span class='ocrx_word' id='word_1_277' title='bbox 472 3575 606 3625; x_wconf 81' lang='lat' dir='ltr'><strong>Albenum</strong></span> <span class='ocrx_word' id='word_1_278' title='bbox 625 3592 641 3625; x_wconf 86' lang='lat' dir='ltr'><strong>a</strong></span> <span class='ocrx_word' id='word_1_279' title='bbox 659 3590 687 3625; x_wconf 89' lang='lat' dir='ltr'><strong>se</strong></span> <span class='ocrx_word' id='word_1_280' title='bbox 706 3577 791 3640; x_wconf 90' lang='lat' dir='ltr'><strong>injus</strong></span> <span class='ocrx_word' id='word_1_281' title='bbox 810 3573 1012 3641; x_wconf 82' lang='lat' dir='ltr'><strong>esse&#39;vocatum,</strong></span> <span class='ocrx_word' id='word_1_282' title='bbox 1034 3577 1096 3639; x_wconf 92' lang='lat' dir='ltr'><strong>quia</strong></span> <span class='ocrx_word' id='word_1_283' title='bbox 1120 3575 1248 3639; x_wconf 86' lang='lat' dir='ltr'><strong>Johaunis</strong></span> <span class='ocrx_word' id='word_1_284' title='bbox 1273 3575 1367 3624; x_wconf 84' lang='lat' dir='ltr'><strong>Albeni</strong></span> 
     </span>
     <span class='ocr_line' id='line_1_35' title="bbox 280 3663 1368 3729; baseline -0.002 -17"><span class='ocrx_word' id='word_1_285' title='bbox 280 3665 395 3729; x_wconf 90' lang='lat' dir='ltr'><strong>episcopi</strong></span> <span class='ocrx_word' id='word_1_286' title='bbox 416 3665 530 3728; x_wconf 83' lang='lat' dir='ltr'><strong>legatum</strong></span> <span class='ocrx_word' id='word_1_287' title='bbox 543 3664 668 3715; x_wconf 89' lang='lat' dir='ltr'><strong>ecclesiae</strong></span> <span class='ocrx_word' id='word_1_288' title='bbox 681 3665 840 3729; x_wconf 85' lang='lat' dir='ltr'><strong>zagrabiensi</strong></span> <span class='ocrx_word' id='word_1_289' title='bbox 853 3680 906 3713; x_wconf 92' lang='lat' dir='ltr'><strong>non</strong></span> <span class='ocrx_word' id='word_1_290' title='bbox 919 3663 1032 3722; x_wconf 87' lang='lat' dir='ltr'><strong>solverit,</strong></span> <span class='ocrx_word' id='word_1_291' title='bbox 1047 3664 1161 3728; x_wconf 91' lang='lat' dir='ltr'><strong>Georgio</strong></span> <span class='ocrx_word' id='word_1_292' title='bbox 1174 3663 1368 3727; x_wconf 82' lang='lat' dir='ltr'><strong>archiepiscopo</strong></span> 
     </span>
     <span class='ocr_line' id='line_1_36' title="bbox 279 3754 1364 3802; baseline 0.002 0"><span class='ocrx_word' id='word_1_293' title='bbox 279 3754 379 3802; x_wconf 84' lang='lat' dir='ltr'><strong>nuntiat</strong></span> <span class='ocrx_word' id='word_1_294' title='bbox 391 3775 1364 3792; x_wconf 87' lang='lat'><strong>·······················································</strong></span> 
     </span>
     <span class='ocr_line' id='line_1_37' title="bbox 220 3825 1366 3905; baseline -0.002 -15"><span class='ocrx_word' id='word_1_295' title='bbox 220 3851 261 3903; x_wconf 90' lang='grc'><strong>74.</strong></span> <span class='ocrx_word' id='word_1_296' title='bbox 279 3843 358 3891; x_wconf 83' lang='lat' dir='ltr'><strong>Anno</strong></span> <span class='ocrx_word' id='word_1_297' title='bbox 383 3853 457 3903; x_wconf 85' lang='lat'><strong>1434,</strong></span> <span class='ocrx_word' id='word_1_298' title='bbox 484 3852 514 3905; x_wconf 79' lang='lat'><strong>25</strong></span> <span class='ocrx_word' id='word_1_299' title='bbox 547 3839 622 3905; x_wconf 88' lang='lat' dir='ltr'><strong>Julii.</strong></span> <span class='ocrx_word' id='word_1_300' title='bbox 648 3825 764 3891; x_wconf 64' lang='lat' dir='ltr'><strong>Casinas.</strong></span> <span class='ocrx_word' id='word_1_301' title='bbox 795 3839 887 3889; x_wconf 88' lang='lat' dir='ltr'><strong>Coram</strong></span> <span class='ocrx_word' id='word_1_302' title='bbox 913 3838 1028 3904; x_wconf 88' lang='lat' dir='ltr'><strong>capitulo</strong></span> <span class='ocrx_word' id='word_1_303' title='bbox 1052 3839 1179 3888; x_wconf 72' lang='lat' dir='ltr'><strong>casmensi</strong></span> <span class='ocrx_word' id='word_1_304' title='bbox 1206 3838 1366 3904; x_wconf 91' lang='lat' dir='ltr'><strong>Rudolphus</strong></span> 
     </span>
     <span class='ocr_line' id='line_1_38' title="bbox 280 3927 1368 3993; baseline -0.003 -15"><span class='ocrx_word' id='word_1_305' title='bbox 280 3928 407 3986; x_wconf 80' lang='lat' dir='ltr'><strong>Albenus,</strong></span> <span class='ocrx_word' id='word_1_306' title='bbox 426 3928 523 3977; x_wconf 90' lang='lat' dir='ltr'><strong>nobilis</strong></span> <span class='ocrx_word' id='word_1_307' title='bbox 541 3929 574 3976; x_wconf 92' lang='lat' dir='ltr'><strong>de</strong></span> <span class='ocrx_word' id='word_1_308' title='bbox 592 3928 712 3987; x_wconf 83' lang='lat' dir='ltr'><strong>Medved,</strong></span> <span class='ocrx_word' id='word_1_309' title='bbox 729 3927 858 3993; x_wconf 85' lang='lat' dir='ltr'><strong>Johannis</strong></span> <span class='ocrx_word' id='word_1_310' title='bbox 876 3927 976 3976; x_wconf 89' lang='lat' dir='ltr'><strong>Albeni</strong></span> <span class='ocrx_word' id='word_1_311' title='bbox 994 3929 1109 3992; x_wconf 86' lang='lat' dir='ltr'><strong>episcopi</strong></span> <span class='ocrx_word' id='word_1_312' title='bbox 1125 3927 1239 3991; x_wconf 86' lang='lat' dir='ltr'><strong>legatum</strong></span> <span class='ocrx_word' id='word_1_313' title='bbox 1252 3927 1368 3992; x_wconf 88' lang='lat' dir='ltr'><strong>capitulo</strong></span> 
     </span>
     <span class='ocr_line' id='line_1_39' title="bbox 278 4017 1359 4081; baseline 0.002 -16"><span class='ocrx_word' id='word_1_314' title='bbox 278 4017 378 4080; x_wconf 83' lang='lat' dir='ltr'><strong>aagrab.</strong></span> <span class='ocrx_word' id='word_1_315' title='bbox 397 4017 509 4081; x_wconf 82' lang='lat' dir='ltr'><strong>perfecte</strong></span> <span class='ocrx_word' id='word_1_316' title='bbox 527 4017 651 4081; x_wconf 87' lang='lat' dir='ltr'><strong>expendit</strong></span> <span class='ocrx_word' id='word_1_317' title='bbox 657 4041 1359 4056; x_wconf 87' lang='lat'><strong>········································</strong></span> 
     </span>
     <span class='ocr_line' id='line_1_40' title="bbox 220 4089 1364 4172; baseline -0.002 -18"><span class='ocrx_word' id='word_1_318' title='bbox 220 4117 259 4172; x_wconf 81' lang='lat'><strong>75.</strong></span> <span class='ocrx_word' id='word_1_319' title='bbox 278 4107 358 4154; x_wconf 89' lang='lat' dir='ltr'><strong>Anno</strong></span> <span class='ocrx_word' id='word_1_320' title='bbox 381 4117 453 4167; x_wconf 86' lang='grc'>1434,</span> <span class='ocrx_word' id='word_1_321' title='bbox 473 4115 515 4169; x_wconf 80' lang='lat'><strong>25.</strong></span> <span class='ocrx_word' id='word_1_322' title='bbox 540 4104 615 4168; x_wconf 90' lang='lat' dir='ltr'><strong>Julii.</strong></span> <span class='ocrx_word' id='word_1_323' title='bbox 640 4089 756 4155; x_wconf 64' lang='lat' dir='ltr'><strong>Casmae.</strong></span> <span class='ocrx_word' id='word_1_324' title='bbox 787 4104 879 4154; x_wconf 88' lang='lat' dir='ltr'><strong>Coram</strong></span> <span class='ocrx_word' id='word_1_325' title='bbox 904 4104 1018 4169; x_wconf 85' lang='lat' dir='ltr'><strong>capitulo</strong></span> <span class='ocrx_word' id='word_1_326' title='bbox 1043 4103 1176 4160; x_wconf 75' lang='lat' dir='ltr'><strong>dusmensi,</strong></span> <span class='ocrx_word' id='word_1_327' title='bbox 1205 4103 1364 4168; x_wconf 85' lang='lat' dir='ltr'><strong>Rudolphus</strong></span> 
     </span>
     <span class='ocr_line' id='line_1_41' title="bbox 278 4192 1365 4258; baseline -0.003 -15"><span class='ocrx_word' id='word_1_328' title='bbox 278 4194 406 4258; x_wconf 85' lang='lat' dir='ltr'><strong>Albenus,</strong></span> <span class='ocrx_word' id='word_1_329' title='bbox 424 4192 520 4243; x_wconf 90' lang='lat' dir='ltr'><strong>nobilis</strong></span> <span class='ocrx_word' id='word_1_330' title='bbox 539 4193 571 4242; x_wconf 85' lang='lat' dir='ltr'><strong>de</strong></span> <span class='ocrx_word' id='word_1_331' title='bbox 590 4194 710 4251; x_wconf 85' lang='lat' dir='ltr'><strong>Medved,</strong></span> <span class='ocrx_word' id='word_1_332' title='bbox 731 4193 938 4258; x_wconf 88' lang='lat' dir='ltr'><strong>possessionibus</strong></span> <span class='ocrx_word' id='word_1_333' title='bbox 957 4193 1107 4258; x_wconf 85' lang='lat' dir='ltr'><strong>Kraljevec,</strong></span> <span class='ocrx_word' id='word_1_334' title='bbox 1127 4193 1209 4256; x_wconf 86' lang='lat' dir='ltr'><strong>Cerje‚</strong></span> <span class='ocrx_word' id='word_1_335' title='bbox 1226 4192 1365 4256; x_wconf 83' lang='lat' dir='ltr'><strong>Kobiljak,</strong></span> 
     </span>
     <span class='ocr_line' id='line_1_42' title="bbox 277 4281 1365 4347; baseline -0.005 -15"><span class='ocrx_word' id='word_1_336' title='bbox 277 4283 378 4346; x_wconf 82' lang='lat' dir='ltr'><strong>Sviblje</strong></span> <span class='ocrx_word' id='word_1_337' title='bbox 393 4289 419 4331; x_wconf 91' lang='lat' dir='ltr'><strong>et</strong></span> <span class='ocrx_word' id='word_1_338' title='bbox 437 4283 513 4340; x_wconf 79' lang='lat' dir='ltr'><strong>Nati,</strong></span> <span class='ocrx_word' id='word_1_339' title='bbox 532 4297 596 4345; x_wconf 88' lang='lat' dir='ltr'><strong>quas</strong></span> <span class='ocrx_word' id='word_1_340' title='bbox 615 4282 782 4331; x_wconf 86' lang='lat' dir='ltr'><strong>Eberhardus</strong></span> <span class='ocrx_word' id='word_1_341' title='bbox 801 4283 938 4347; x_wconf 91' lang='lat' dir='ltr'><strong>episcopus</strong></span> <span class='ocrx_word' id='word_1_342' title='bbox 964 4281 1107 4331; x_wconf 89' lang='lat' dir='ltr'><strong>cathedrali</strong></span> <span class='ocrx_word' id='word_1_343' title='bbox 1132 4281 1255 4330; x_wconf 87' lang='lat' dir='ltr'><strong>ecclesiae</strong></span> <span class='ocrx_word' id='word_1_344' title='bbox 1279 4297 1365 4344; x_wconf 86' lang='lat' dir='ltr'><strong>zagra·</strong></span> 
     </span>
    </p>
   </div>
   <div class='ocr_carea' id='block_1_4' title="bbox 1400 760 1484 815">
    <p class='ocr_par' dir='ltr' id='par_1_10' title="bbox 1400 760 1484 815">
     <span class='ocr_line' id='line_1_43' title="bbox 1400 760 1484 815; baseline 0.024 -13"><span class='ocrx_word' id='word_1_345' title='bbox 1400 760 1484 815; x_wconf 79' lang='lat' dir='ltr'><strong>ngIna</strong></span> 
     </span>
    </p>
   </div>
   <div class='ocr_carea' id='block_1_5' title="bbox 1449 1104 1482 1168">
    <p class='ocr_par' dir='ltr' id='par_1_11' title="bbox 1449 1104 1482 1168">
     <span class='ocr_line' id='line_1_44' title="bbox 1449 1104 1482 1168; baseline 0 -16"><span class='ocrx_word' id='word_1_346' title='bbox 1449 1104 1482 1168; x_wconf 84' lang='lat'><strong>76</strong></span> 
     </span>
    </p>
   </div>
   <div class='ocr_carea' id='block_1_6' title="bbox 199 4369 1391 4435">
    <p class='ocr_par' dir='ltr' id='par_1_12' title="bbox 199 4369 1391 4435">
     <span class='ocr_line' id='line_1_45' title="bbox 199 4369 1391 4435; baseline -0.003 -15"><span class='ocrx_word' id='word_1_347' title='bbox 199 4429 201 4432; x_wconf 22' lang='lat'>¹</span> <span class='ocrx_word' id='word_1_348' title='bbox 278 4372 360 4420; x_wconf 90' lang='lat' dir='ltr'><strong>biensi</strong></span> <span class='ocrx_word' id='word_1_349' title='bbox 379 4371 406 4420; x_wconf 89' lang='lat' dir='ltr'><strong>in</strong></span> <span class='ocrx_word' id='word_1_350' title='bbox 425 4377 576 4435; x_wconf 87' lang='lat' dir='ltr'><strong>perpetuam</strong></span> <span class='ocrx_word' id='word_1_351' title='bbox 594 4370 712 4419; x_wconf 88' lang='lat' dir='ltr'><strong>altariam</strong></span> <span class='ocrx_word' id='word_1_352' title='bbox 731 4370 845 4434; x_wconf 91' lang='lat' dir='ltr'><strong>reliquit,</strong></span> <span class='ocrx_word' id='word_1_353' title='bbox 865 4385 892 4418; x_wconf 87' lang='lat' dir='ltr'><strong>se</strong></span> <span class='ocrx_word' id='word_1_354' title='bbox 911 4369 1013 4418; x_wconf 85' lang='lat' dir='ltr'><strong>abdicat</strong></span> <span class='ocrx_word' id='word_1_355' title='bbox 1032 4384 1126 4432; x_wconf 88' lang='lat' dir='ltr'><strong>easque</strong></span> <span class='ocrx_word' id='word_1_356' title='bbox 1145 4369 1260 4433; x_wconf 86' lang='lat' dir='ltr'><strong>capitulo</strong></span> <span class='ocrx_word' id='word_1_357' title='bbox 1285 4369 1365 4417; x_wconf 89' lang='lat' dir='ltr'><strong>admi·</strong></span> <span class='ocrx_word' id='word_1_358' title='bbox 1388 4382 1391 4390; x_wconf 90' lang='lat'>·</span> 
     </span>
    </p>
   </div>
   <div class='ocr_carea' id='block_1_7' title="bbox 217 4459 1365 5055">
    <p class='ocr_par' dir='ltr' id='par_1_13' title="bbox 217 4459 1365 5055">
     <span class='ocr_line' id='line_1_46' title="bbox 276 4459 1360 4527; baseline -0.005 -18"><span class='ocrx_word' id='word_1_359' title='bbox 276 4460 421 4527; x_wconf 74' lang='lat' dir='ltr'><strong>uistrandas</strong></span> <span class='ocrx_word' id='word_1_360' title='bbox 440 4459 518 4508; x_wconf 90' lang='lat' dir='ltr'><strong>tradit</strong></span> <span class='ocrx_word' id='word_1_361' title='bbox 533 4482 1360 4498; x_wconf 63' lang='lat'><strong>···············································</strong></span> 
     </span>
     <span class='ocr_line' id='line_1_47' title="bbox 217 4545 1365 4613; baseline -0.002 -17"><span class='ocrx_word' id='word_1_362' title='bbox 217 4548 258 4612; x_wconf 87' lang='lat'><strong>76.</strong></span> <span class='ocrx_word' id='word_1_363' title='bbox 278 4549 357 4598; x_wconf 83' lang='lat' dir='ltr'><strong>Anno</strong></span> <span class='ocrx_word' id='word_1_364' title='bbox 388 4561 462 4612; x_wconf 88' lang='grc'>1434,</span> <span class='ocrx_word' id='word_1_365' title='bbox 492 4559 515 4612; x_wconf 90' lang='lat'><strong>7.</strong></span> <span class='ocrx_word' id='word_1_366' title='bbox 544 4547 705 4613; x_wconf 87' lang='lat' dir='ltr'><strong>septembris.</strong></span> <span class='ocrx_word' id='word_1_367' title='bbox 735 4547 881 4610; x_wconf 87' lang='lat' dir='ltr'><strong>Zagrabiae.</strong></span> <span class='ocrx_word' id='word_1_368' title='bbox 915 4547 1087 4603; x_wconf 87' lang='lat' dir='ltr'><strong>Hermannus,</strong></span> <span class='ocrx_word' id='word_1_369' title='bbox 1117 4545 1205 4595; x_wconf 88' lang='lat' dir='ltr'><strong>Cileae</strong></span> <span class='ocrx_word' id='word_1_370' title='bbox 1230 4561 1315 4595; x_wconf 88' lang='lat' dir='ltr'><strong>comes</strong></span> <span class='ocrx_word' id='word_1_371' title='bbox 1339 4553 1365 4595; x_wconf 89' lang='lat' dir='ltr'><strong>et</strong></span> 
     </span>
     <span class='ocr_line' id='line_1_48' title="bbox 276 4632 1363 4700; baseline -0.004 -15"><span class='ocrx_word' id='word_1_372' title='bbox 276 4636 393 4686; x_wconf 83' lang='lat' dir='ltr'><strong>Croatiae</strong></span> <span class='ocrx_word' id='word_1_373' title='bbox 411 4637 501 4695; x_wconf 89' lang='lat' dir='ltr'><strong>banus,</strong></span> <span class='ocrx_word' id='word_1_374' title='bbox 521 4637 625 4686; x_wconf 89' lang='lat' dir='ltr'><strong>mandat</strong></span> <span class='ocrx_word' id='word_1_375' title='bbox 644 4635 758 4700; x_wconf 87' lang='lat' dir='ltr'><strong>capitulo</strong></span> <span class='ocrx_word' id='word_1_376' title='bbox 777 4635 911 4692; x_wconf 75' lang='lat' dir='ltr'><strong>dusmensi,</strong></span> <span class='ocrx_word' id='word_1_377' title='bbox 931 4641 959 4683; x_wconf 91' lang='lat' dir='ltr'><strong>ut</strong></span> <span class='ocrx_word' id='word_1_378' title='bbox 978 4634 1119 4700; x_wconf 87' lang='lat' dir='ltr'><strong>capitulum</strong></span> <span class='ocrx_word' id='word_1_379' title='bbox 1137 4635 1239 4699; x_wconf 85' lang='lat' dir='ltr'><strong>zagrab.</strong></span> <span class='ocrx_word' id='word_1_380' title='bbox 1259 4635 1286 4684; x_wconf 93' lang='lat' dir='ltr'><strong>in</strong></span> <span class='ocrx_word' id='word_1_381' title='bbox 1299 4632 1363 4699; x_wconf 86' lang='lat' dir='ltr'><strong>legi·</strong></span> 
     </span>
     <span class='ocr_line' id='line_1_49' title="bbox 277 4723 1360 4790; baseline -0.005 -15"><span class='ocrx_word' id='word_1_382' title='bbox 277 4727 363 4775; x_wconf 89' lang='lat' dir='ltr'><strong>timam</strong></span> <span class='ocrx_word' id='word_1_383' title='bbox 383 4726 571 4790; x_wconf 85' lang='lat' dir='ltr'><strong>possessionem</strong></span> <span class='ocrx_word' id='word_1_384' title='bbox 590 4723 732 4788; x_wconf 83' lang='lat' dir='ltr'><strong>Kraljevec</strong></span> <span class='ocrx_word' id='word_1_385' title='bbox 753 4731 801 4775; x_wconf 86' lang='lat' dir='ltr'><strong>etc.</strong></span> <span class='ocrx_word' id='word_1_386' title='bbox 821 4729 948 4772; x_wconf 87' lang='lat' dir='ltr'><strong>statuatur</strong></span> <span class='ocrx_word' id='word_1_387' title='bbox 960 4747 1360 4763; x_wconf 81' lang='lat'>······················</span> 
     </span>
     <span class='ocr_line' id='line_1_50' title="bbox 218 4811 1363 4878; baseline -0.003 -16"><span class='ocrx_word' id='word_1_388' title='bbox 218 4825 259 4875; x_wconf 82' lang='lat'><strong>77.</strong></span> <span class='ocrx_word' id='word_1_389' title='bbox 278 4815 354 4863; x_wconf 90' lang='lat' dir='ltr'><strong>Aeno</strong></span> <span class='ocrx_word' id='word_1_390' title='bbox 376 4826 450 4877; x_wconf 88' lang='grc'>1434,</span> <span class='ocrx_word' id='word_1_391' title='bbox 476 4827 514 4875; x_wconf 91' lang='grc'><strong>14,</strong></span> <span class='ocrx_word' id='word_1_392' title='bbox 528 4813 688 4878; x_wconf 86' lang='lat' dir='ltr'><strong>septembris.</strong></span> <span class='ocrx_word' id='word_1_393' title='bbox 701 4813 815 4864; x_wconf 88' lang='lat' dir='ltr'><strong>Posouii.</strong></span> <span class='ocrx_word' id='word_1_394' title='bbox 830 4811 1010 4876; x_wconf 87' lang='lat' dir='ltr'><strong>sigismundus</strong></span> <span class='ocrx_word' id='word_1_395' title='bbox 1022 4827 1067 4860; x_wconf 87' lang='lat' dir='ltr'><strong>rex</strong></span> <span class='ocrx_word' id='word_1_396' title='bbox 1081 4811 1178 4860; x_wconf 86' lang='lat' dir='ltr'><strong>civitati</strong></span> <span class='ocrx_word' id='word_1_397' title='bbox 1191 4811 1286 4860; x_wconf 87' lang='lat' dir='ltr'><strong>montis</strong></span> <span class='ocrx_word' id='word_1_398' title='bbox 1300 4811 1363 4858; x_wconf 85' lang='lat' dir='ltr'><strong>Gre-</strong></span> 
     </span>
     <span class='ocr_line' id='line_1_51' title="bbox 276 4899 1363 4964; baseline -0.003 -14"><span class='ocrx_word' id='word_1_399' title='bbox 276 4903 358 4950; x_wconf 87' lang='lat' dir='ltr'><strong>ceusis</strong></span> <span class='ocrx_word' id='word_1_400' title='bbox 376 4903 404 4952; x_wconf 92' lang='lat' dir='ltr'><strong>in</strong></span> <span class='ocrx_word' id='word_1_401' title='bbox 422 4915 507 4958; x_wconf 83' lang='lat' dir='ltr'><strong>causa,</strong></span> <span class='ocrx_word' id='word_1_402' title='bbox 528 4916 605 4964; x_wconf 87' lang='lat' dir='ltr'><strong>quam</strong></span> <span class='ocrx_word' id='word_1_403' title='bbox 624 4901 657 4949; x_wconf 92' lang='lat' dir='ltr'><strong>de</strong></span> <span class='ocrx_word' id='word_1_404' title='bbox 675 4901 828 4963; x_wconf 87' lang='lat' dir='ltr'><strong>quibusdam</strong></span> <span class='ocrx_word' id='word_1_405' title='bbox 847 4901 921 4949; x_wconf 86' lang='lat' dir='ltr'><strong>terris</strong></span> <span class='ocrx_word' id='word_1_406' title='bbox 942 4899 1059 4962; x_wconf 84' lang='lat' dir='ltr'><strong>agebant,</strong></span> <span class='ocrx_word' id='word_1_407' title='bbox 1080 4915 1174 4949; x_wconf 90' lang='lat' dir='ltr'><strong>novum</strong></span> <span class='ocrx_word' id='word_1_408' title='bbox 1187 4901 1324 4949; x_wconf 86' lang='lat' dir='ltr'><strong>terminum</strong></span> <span class='ocrx_word' id='word_1_409' title='bbox 1337 4900 1363 4947; x_wconf 94' lang='lat' dir='ltr'><strong>iu</strong></span> 
     </span>
     <span class='ocr_line' id='line_1_52' title="bbox 274 4988 1338 5055; baseline -0.004 -16"><span class='ocrx_word' id='word_1_410' title='bbox 274 4990 399 5054; x_wconf 89' lang='lat' dir='ltr'><strong>judicium</strong></span> <span class='ocrx_word' id='word_1_411' title='bbox 418 4990 582 5055; x_wconf 89' lang='lat' dir='ltr'><strong>comparendi</strong></span> <span class='ocrx_word' id='word_1_412' title='bbox 601 4988 720 5054; x_wconf 83' lang='lat' dir='ltr'><strong>praefigit</strong></span> <span class='ocrx_word' id='word_1_413' title='bbox 726 5012 1338 5029; x_wconf 89' lang='lat'>···································</span> 
     </span>
    </p>
   </div>
   <div class='ocr_carea' id='block_1_8' title="bbox 0 0 1872 5826">
    <p class='ocr_par' dir='ltr' id='par_1_14' title="bbox 0 0 1872 5826">
     <span class='ocr_line' id='line_1_53' title="bbox 0 0 1872 5826; baseline 0 4"><span class='ocrx_word' id='word_1_414' title='bbox 0 0 1872 5826; x_wconf 95' lang='lat' dir='ltr'><strong> </strong></span> 
     </span>
    </p>
   </div>
  </div>
 </body>
</html>
