3804 5858
408 525 468 604 432'
826 527 898 584 Dac.
922 540 993 603 344.
1018 561 1061 569 —
1084 527 1140 585 An.
1163 523 1253 604 1487.

406 742 550 800 innovata
582 747 613 800 et
643 741 810 799 reformata
842 741 924 799 dicta
956 743 1137 799 anctoritate
1168 743 1328 800 observari
1353 742 1545 814 mandamus,
1569 743 1674 800 absol·

406 854 511 906 ventes
533 849 672 920 singulos
694 854 816 906 vestros
839 863 857 904 a
880 849 1010 922 prestito
1034 863 1089 921 per
1114 863 1169 904 vos
1193 849 1366 906 iuramento
1382 848 1420 906 de
1437 849 1502 906 illis
1518 863 1576 922 pro
1592 855 1669 906 tem·

406 969 482 1027 pore
517 953 720 1012 observandis
755 953 795 1010 ad
830 955 916 1011 cuius
948 954 1204 1011 observacionem
1228 954 1375 1011 volumus
1398 969 1455 1012 ros
1478 969 1539 1011 non
1563 953 1668 1025 teneri,

406 1059 686 1118 nonobstantibus
721 1059 880 1133 permissis
912 1065 942 1116 et
974 1059 1244 1117 constitutionibus
1275 1065 1306 1118 et
1329 1054 1671 1134 decretis'apostolicis‚

387 1165 577 1240 ¹ceterisque
609 1165 770 1222 contrariis
802 1165 1058 1237 quibuscumque.
1091 1164 1179 1222 Nulli
1203 1180 1276 1236 ergo
1300 1165 1426 1222 omnino
1448 1163 1611 1222 hominum
1633 1163 1672 1220 li·

405 1276 472 1328 ceat
506 1272 586 1329 hanc
619 1271 765 1344 paginam
790 1276 894 1328 nostre
925 1271 1137 1340 concessionis,
1169 1270 1315 1341 mandati,
1340 1269 1549 1328 absolucionis
1572 1277 1602 1326 et
1623 1269 1669 1327 in·

403 1377 582 1435 novacionis
605 1375 781 1449 infringere,
804 1393 860 1434 nec
883 1378 911 1434 ei
935 1392 1011 1434 ausu
1035 1377 1200 1435 temerario
1224 1377 1383 1436 contraire.
1414 1376 1447 1435 Si
1469 1377 1539 1449 quis
1561 1382 1668 1433 autern

403 1483 462 1540 hoc
484 1487 670 1557 attemptare
693 1483 925 1557 presumpserit,
950 1481 1197 1555 indignacionem
1221 1483 1441 1556 omnipotentis
1465 1481 1514 1540 dei
1544 1488 1575 1539 et
1598 1481 1670 1538 bea·

403 1595 509 1646 torum
531 1589 614 1648 Petri
637 1595 667 1646 et
689 1589 779 1647 Pauli
801 1589 1020 1662 apostolorum
1043 1589 1108 1646 eius
1131 1605 1164 1646 se
1187 1589 1310 1647 noverit
1325 1589 1530 1647 incursurum.
1555 1587 1672 1644 Datum

402 1695 501 1753 Rome
525 1695 610 1770 apud
635 1739 765 1754 .....
789 1677 880 1753 Anno
903 1696 944 1752 ab
962 1695 1171 1753 incarnatione
1191 1695 1310 1753 domini
1333 1694 1505 1752 millesimo
1525 1693 1671 1767 quadrin-

403 1802 576 1874 gentesimo
611 1802 820 1874 octuagesimo
854 1801 1010 1875 septimo,
1045 1801 1178 1872 septimo
1210 1800 1280 1859 idus
1314 1801 1431 1876 aprilis.
1468 1799 1671 1858 Pontificatus

401 1908 502 1966 nostri
525 1921 605 1966 anno
629 1907 732 1966 tercio

506 2095 639 2160 Originale
657 2096 684 2146 in
703 2096 858 2148 membrana,
876 2096 905 2145 A
924 2112 987 2146 zona
1005 2097 1101 2146 sericea
1120 2096 1190 2146 rubri
1209 2101 1235 2144 et
1253 2095 1336 2144 crocei
1353 2095 1446 2144 coloris
1456 2093 1586 2159 appendet
1599 2092 1671 2142 bulla

403 2185 542 2251 pontificis.
562 2187 593 2234 In
612 2185 680 2236 arch.
701 2200 785 2234 vener.
805 2184 889 2249 Capit.
909 2185 1009 2249 zagrab.
1029 2186 1090 2236 Act.
1112 2184 1175 2250 Cap,
1194 2191 1246 2234 ant.
1265 2185 1326 2238 fasc.
1347 2184 1388 2236 88.
1409 2199 1447 2235 nr.
1468 2195 1508 2234 22.

988 2467 1079 2532 344.

507 2663 587 2710 Auno
610 2661 684 2725 1487,
705 2676 729 2724 4.
749 2661 819 2710 maii.
839 2661 987 2725 Zagrabiue.

405 2805 571 2880 Capitulum
601 2807 718 2880 zagrab.
750 2805 784 2864 de
813 2807 976 2865 colonatum
1006 2807 1085 2883 cquis
1107 2813 1136 2863 et
1151 2791 1314 2880 peccoribus
1336 2805 1466 2864 arcendis
1488 2824 1508 2861 a
1530 2801 1617 2864 tlacis
1639 2811 1669 2861 et

489 2927 650 3006 foenilibus
672 2929 883 3004 capitularibus
905 2930 949 2988 ad
970 2929 1149 3005 Zagrabt'am
1172 2930 1243 3002 sitis,
1265 2929 1407 3004 quaedam
1429 2930 1561 3004 di'sponii.

507 3109 597 3185 1487.
620 3109 655 3168 In
678 3109 728 3168 die
750 3109 888 3167 Floriani
910 3125 966 3182 per
990 3115 1089 3166 totum
1114 3109 1287 3180 capitulum
1311 3109 1492 3166 conclusum
1508 3113 1563 3182 est,
1580 3107 1664 3181 quod

398 3218 588 3291 quicumque
611 3215 715 3274 coloni
737 3229 799 3274 non
821 3214 1021 3272 custodierint
1045 3228 1141 3287 equos
1164 3229 1236 3271 suos
1260 3219 1312 3270 aut
1336 3213 1397 3271 alia
1420 3215 1530 3286 quevis
1546 3227 1659 3287 pecora

396 3323 526 3382 atlacis
550 3322 749 3380 dominorum
773 3327 803 3379 et
826 3320 982 3390 fenilibus,
1006 3327 1118 3378 extunc
1149 3319 1327 3377 huiusmodi
1362 3321 1434 3392 equi
1468 3327 1521 3376 aut
1550 3334 1661 3393 pecora

396 3430 515 3505 possint
537 3427 655 3486 ibidem
679 3427 710 3485 in
734 3427 822 3486 tlacis
846 3433 876 3484 et
909 3427 1005 3501 pratis
1039 3431 1092 3484 aut
1123 3425 1269 3483 fenilibus
1299 3424 1430 3482 interfici
1461 3425 1596 3499 impune.
1627 3424 1660 3483 Si

396 3551 471 3594 vero
494 3532 672 3593 huiusmodi
695 3548 808 3608 pecora
831 3534 864 3592 in
887 3532 1025 3608 dampno
1048 3533 1179 3606 reperiri
1202 3547 1264 3589 non
1287 3539 1421 3606 possent,
1444 3536 1556 3588 extunc
1580 3531 1661 3602 talis,

396 3632 482 3700 cuius
505 3655 618 3716 pecora
640 3640 804 3711 extiterint,
827 3644 966 3697 teneatur
990 3639 1113 3696 solvere
1137 3637 1270 3712 duplum
1292 3637 1429 3710 dampni.
1453 3641 1505 3694 aut
1528 3638 1554 3694 si
1578 3643 1662 3694 certo

396 3763 459 3806 non
493 3751 621 3821 possent
651 3746 784 3804 inveniri
814 3745 900 3816 tales,
933 3760 1066 3818 quorum
1097 3758 1210 3818 pecora
1233 3741 1406 3817 dampnum
1429 3741 1553 3811 iaciunt,
1579 3747 1661 3800 tene·

395 3859 485 3912 antur
508 3868 615 3911 omnes
638 3853 748 3924 iurare,
773 3857 803 3910 et
826 3852 1014 3924 quicumque
1036 3851 1138 3908 iurare
1161 3855 1324 3920 recusaret,
1348 3847 1460 3905 eodem
1492 3847 1587 3906 modo
1618 3855 1662 3904 te·

393 3966 504 4018 neatur
526 3958 566 4016 ad
588 3957 790 4017 solucionem.
822 3957 887 4030 ipsi
917 3964 1021 4015 autem
1051 3956 1155 4014 coloni
1185 3955 1282 4013 nostri
1313 3955 1394 4012 inter
1417 3969 1449 4012 se
1473 3953 1606 4012 habeant
1629 3953 1661 4012 in

393 4067 453 4124 hiis
478 4063 604 4122 vivendi
627 4063 889 4135 consuetudinem,
914 4070 947 4121 ut
970 4077 1083 4137 pecora
1115 4060 1294 4120 huiusmodi
1317 4061 1370 4118 rel
1393 4061 1466 4134 equi
1488 4060 1520 4118 in
1549 4073 1658 4117 eorum

393 4171 550 4245 segetibus
573 4177 604 4228 et
626 4171 724 4245 pratis
747 4171 864 4244 reperti
884 4185 946 4228 non
969 4170 1088 4243 possint
1109 4167 1250 4236 interfici,
1281 4166 1336 4225 sed
1367 4166 1478 4224 dentur
1500 4165 1606 4223 villico
1629 4171 1660 4222 et

394 4278 449 4336 fiat
471 4277 631 4336 estimacio
655 4276 792 4351 dampni,
816 4281 850 4334 ut
872 4281 918 4334 est
933 4273 1123 4334 consuetudo
1139 4288 1265 4343 eorum;
1287 4273 1380 4344 racio,
1396 4271 1470 4346 quia
1484 4271 1547 4346 ipsi
1563 4271 1659 4328 tlacas

393 4384 592 4444 dominorum
615 4389 645 4441 et
666 4381 773 4441 senilia
795 4397 832 4440 ac
855 4387 944 4457 prata
967 4381 1125 4439 maliciose
1151 4372 1239 4438 erani
1261 4379 1345 4436 soliti
1369 4377 1535 4452 depascere
1559 4381 1589 4434 et
1604 4375 1657 4434 de-

392 4496 515 4550 vastare
549 4505 587 4546 ex
622 4503 667 4561 eo,
703 4489 776 4562 quia
808 4487 887 4546 tlace
921 4487 1119 4546 dominorum
1144 4490 1175 4543 et
1195 4484 1302 4558 senilia
1324 4492 1396 4542 sunt
1418 4485 1511 4556 longe
1534 4489 1565 4541 et
1587 4481 1658 4541 ideo

393 4594 542 4654 custodiri
564 4609 628 4653 non
651 4601 789 4669 possunt,
812 4610 868 4653 nec
890 4601 936 4653 est
958 4594 1079 4653 licitum
1104 4591 1189 4666 quod
1211 4592 1318 4650 rustici
1341 4591 1440 4649 nostri
1456 4595 1526 4648 suut
1540 4587 1658 4666 judices

392 4701 491 4761 nostri
520 4701 551 4759 in
581 4701 780 4759 estimacione
811 4699 1021 4774 dampnorum
1051 4714 1109 4774 per
1138 4712 1190 4756 eos
1212 4697 1375 4756 illatorum
1397 4697 1477 4754 sicut
1499 4696 1658 4766 hucusque

393 4808 494 4868 facere
517 4807 618 4866 conati
640 4811 718 4864 sunt.

497 4995 578 5045 Liber
596 4994 690 5043 rubeus
707 5009 764 5045 ven.
784 4993 861 5059 Capit
887 4992 987 5056 zugrab.
1013 4994 1046 5041 In
1064 4991 1159 5044 archiv.
1178 4990 1239 5043 incl.
1259 4989 1343 5041 Acad.
1363 4989 1458 5040 Sciunt.
1478 4987 1546 5038 Slav.
1566 4987 1656 5040 merid.
