3948 5804
723 603 796 664 Doc.
819 613 866 680 71.
892 637 932 646 -
957 603 1014 662 An.
1039 617 1129 682 1434.
1520 621 1557 680 9¹

299 819 380 877 dicte
404 819 541 877 civitatis
562 819 641 878 nihil
664 820 791 877 omnino
812 819 990 878 huiusmodi
1014 820 1263 878 commissionem
1292 819 1422 896 predicti
1446 817 1564 876 domini

298 926 436 1000 episcopi
460 931 602 984 curantes
624 941 679 983 seu
702 923 897 984 advertentes
920 941 994 984 mox
1018 927 1101 984 etin
1124 926 1299 1000 continenti,
1326 931 1452 984 mortuo
1470 938 1564 982 anno-

298 1035 362 1089 tato
386 1031 517 1090 condam
543 1031 670 1091 domino
692 1031 832 1114 Johanne
855 1032 1003 1106 episcopo
1027 1032 1229 1106 zagrabiensi,
1252 1031 1424 1107 sepissimis
1442 1030 1565 1088 vicibus

297 1151 444 1211 magnam
467 1143 589 1212 partem
613 1143 776 1208 terrarum,
799 1153 972 1212 nemorum,
997 1136 1139 1197 senilium
1173 1143 1203 1196 et
1234 1144 1396 1213 pratorum
1427 1135 1565 1195 annotati

297 1243 426 1318 capituli
450 1247 558 1302 contra
581 1243 679 1317 ipsius
703 1243 833 1318 capituli
857 1243 1061 1303 inhibiciones
1094 1249 1296 1318 occupassent
1324 1244 1355 1302 in
1386 1241 1564 1316 eisdemque

261 1345 266 1356 '
298 1349 413 1406 multas
435 1349 661 1424 extirpaciones
685 1345 826 1408 faciendo
849 1347 973 1408 easdem
994 1351 1205 1422 seminassent,
1237 1349 1405 1424 feniliaque
1439 1347 1564 1423 depasci

297 1469 333 1512 ac
356 1455 534 1514 conculcari
556 1463 587 1514 et
609 1456 792 1514 annichilari
815 1456 966 1528 fecissent,
990 1457 1170 1531 eisdemque
1193 1457 1294 1532 terris,
1325 1455 1482 1524 fenilibus,
1512 1469 1564 1511 ne-

299 1561 440 1619 moribus
463 1565 494 1620 et
517 1559 636 1624 rubetis
658 1563 698 1621 ad
721 1563 864 1638 ipsorum
887 1563 1014 1622 libitum
1038 1569 1198 1623 uterentur
1227 1565 1326 1622 eciam
1360 1561 1399 1622 de
1429 1560 1564 1637 presenti

297 1668 439 1742 potencia
463 1667 627 1738 mediante,
641 1670 673 1728 in
697 1669 903 1744 preludicium
927 1667 1005 1746 juris
1028 1669 1109 1729 dicte
1143 1671 1271 1730 ecclesie
1293 1675 1323 1728 et
1345 1673 1564 1728 annotatorum

297 1773 497 1833 dominorum
528 1777 747 1835 canonicorum
782 1777 856 1834 satis
879 1776 1005 1850 grande.
1028 1776 1099 1851 Quo
1122 1777 1237 1848 audito,
1260 1775 1374 1852 prefati
1396 1774 1565 1858 Johanness

297 1879 384 1938 filius
415 1879 551 1954 Peronis‚
585 1879 679 1958 judex
713 1899 749 1941 ac
783 1883 950 1955 Anthonya
983 1883 1136 1955 ithalicus,
1169 1884 1277 1942 Petrus
1299 1883 1475 1955 Hungarus,
1499 1878 1564 1938 Ste-

297 1986 420 2060 phanus
442 1987 521 2046 alias
544 1988 688 2048 similiter
710 1987 836 2065 judices,
859 2003 1000 2048 necnon
1025 1989 1171 2060 Thomas,
1195 1988 1357 2062 Georgius,
1374 1985 1565 2057 Benedictus,

297 2098 440 2166 sartores,
474 2099 505 2152 et
537 2095 702 2167 Fabyanus
735 2095 899 2168 litteratus,
922 2095 1016 2172 jurati
1047 2103 1076 2152 et
1096 2097 1180 2154 cives
1202 2094 1341 2170 predicte
1363 2094 1506 2165 civitatis,
1530 2099 1565 2150 ut

202 2279 204 2284 Ι
297 2200 503 2274 premittitur,
528 2216 642 2275 prose
672 2201 748 2274 ipsis
778 2201 983 2276 personaliter
1012 2209 1042 2259 et
1071 2217 1129 2277 pro
1159 2201 1230 2260 aliis
1261 2200 1409 2276 predictis
1440 2200 1562 2258 civibus

298 2319 369 2363 cum
393 2305 490 2379 pleno
514 2306 662 2365 mandato
692 2307 723 2365 in
747 2313 884 2365 nostram
920 2307 1098 2380 exurgendo
1124 2307 1314 2382 presenciam
1338 2305 1564 2381 responderunt

298 2427 336 2469 ex
360 2411 510 2471 adverso:
535 2412 618 2486 quod
643 2413 703 2486 ipsi
726 2417 798 2486 post
827 2414 1033 2487 prescriptam
1065 2414 1253 2472 revisionem
1283 2413 1461 2471 metharum
1494 2427 1563 2486 pre·

298 2517 452 2576 dictarum
483 2519 579 2577 nichil
609 2519 733 2594 penitus
763 2517 801 2576 de
833 2518 950 2578 eisdem
974 2520 1073 2591 terris,
1097 2521 1278 2578 nemoribus
1301 2525 1332 2578 et
1354 2518 1451 2594 pratis
1474 2531 1563 2575 occu-

297 2629 423 2699 passent
445 2629 476 2683 et
497 2625 558 2684 hoc
579 2625 732 2684 revisione
754 2625 876 2683 oculata
900 2627 1073 2699 proborum
1096 2631 1126 2684 et
1149 2627 1305 2684 nobilium
1327 2625 1470 2683 virorum
1493 2637 1563 2697 pos·

297 2735 364 2788 sent
397 2731 614 2806 comprobare,
650 2737 788 2805 petentes
821 2747 886 2802 nos,
920 2739 955 2790 ut
989 2731 1114 2790 easdem
1148 2733 1268 2790 methas
1302 2729 1437 2790 revidcri
1461 2727 1561 2787 facere

299 2835 509 2910 dignaremur.
532 2837 596 2896 Nos
617 2838 713 2911 igitur
735 2838 918 2896 auctoritate
940 2840 1039 2913 ipsius
1062 2837 1181 2898 domini
1203 2839 1301 2897 nostri
1317 2837 1515 2912 imperatoris
1531 2842 1561 2894 ct

297 2943 385 3017 regni
408 2943 567 3017 Hungarie
590 2944 672 3017 regis
695 2945 727 3001 in
749 2943 807 3002 bac
830 2951 918 3018 parte
941 2945 1032 3003 nobis
1047 2945 1205 3014 attributa,
1223 2949 1327 3018 partes
1342 2945 1421 3003 inter
1436 2942 1560 3000 easdem

297 3050 437 3108 volentes
460 3065 554 3124 super
576 3049 737 3124 premissis
760 3057 844 3108 certo
867 3051 985 3108 cercius
1007 3051 1142 3126 experiri
1164 3057 1195 3109 et
1218 3049 1349 3121 edoceri,
1367 3049 1510 3123 egregios
1533 3055 1563 3105 et

295 3156 418 3215 nobiles
452 3157 537 3215 viros
569 3155 762 3230 Stephanum
791 3157 946 3230 Bychlrele
969 3157 1008 3216 de
1031 3157 1201 3230 Zelnawar,
1224 3156 1396 3230 Georgium
1419 3155 1458 3212 de
1481 3153 1563 3228 Byk-

295 3261 381 3336 mad,
420 3263 585 3334 Andream,
619 3263 723 3322 filium
755 3263 883 3322 Vithecz
917 3264 956 3321 de
990 3265 1175 3335 Kamarcha,
1211 3261 1422 3338 Stephanum,
1457 3261 1562 3320 filium

295 3367 434 3427 Farlrasii
457 3368 496 3426 de
518 3370 616 3428 Ebres
640 3376 670 3428 et
692 3368 850 3444 prefatum
875 3370 1061 3443 magistrum
1084 3369 1269 3428 Michaelem
1292 3383 1329 3427 ac
1351 3369 1431 3428 alios
1453 3383 1562 3442 quam·

296 3473 403 3548 plures
425 3475 547 3534 nobiles
571 3481 601 3533 et
623 3477 740 3550 probos
764 3477 850 3534 viros
874 3475 913 3534 ad
936 3477 1124 3536 revisionem
1155 3475 1309 3535 dictarum
1339 3475 1561 3550 occupancium

296 3579 493 3638 duxissemus
527 3581 732 3641 destinandos.
769 3581 831 3656 Qui
864 3581 990 3640 tandem
1025 3581 1137 3642 exinde
1170 3582 1210 3642 ad
1233 3597 1291 3642 nos
1313 3583 1430 3641 reversi
1453 3586 1483 3640 et
1508 3597 1562 3655 per

294 3700 352 3744 nos
375 3687 517 3760 requisiti
537 3687 710 3761 diligenter,
735 3688 931 3763 presentibus
952 3688 1069 3747 eisdem
1093 3689 1243 3763 partibus,
1259 3689 1349 3746 nobis
1366 3688 1563 3746 uniformiter

296 3792 468 3850 retulerunt
493 3807 529 3851 eo
552 3793 662 3856 modo:
687 3793 771 3868 quod
796 3794 926 3869 pretacti
947 3795 1031 3853 cives
1048 3801 1118 3868 post
1134 3795 1360 3869 preallegatam
1375 3795 1562 3853 revisionern

296 3899 473 3957 metharum
496 3904 526 3957 et
556 3904 711 3958 terrarum
741 3900 953 3976 predictarum
986 3917 1132 3975 magnam
1163 3905 1286 3976 partem
1317 3901 1562 3976 prescriptamm

295 4009 449 4063 terrarum
472 4005 650 4079 arabilium,
671 4006 814 4066 senilium
837 4011 867 4065 et
889 4007 1074 4066 rubetorum
1105 4023 1159 4066 seu
1182 4023 1347 4066 nemorum
1377 4008 1460 4065 ultra
1490 4021 1562 4066 con·

294 4111 503 4185 signacionem
527 4128 583 4186 per
606 4113 739 4171 eundern
762 4113 926 4172 dominum
949 4115 1132 4190 episcopum
1155 4119 1297 4190 tempore
1320 4121 1462 4172 annotate
1481 4115 1561 4172 revi-

295 4219 390 4276 sionis
413 4217 536 4291 factam,
560 4225 762 4294 occupassent
783 4225 813 4278 et
836 4219 960 4279 easdem
984 4227 1083 4280 terras
1117 4221 1278 4296 extirpari,
1300 4221 1454 4292 seminari,
1487 4219 1562 4279 feni·

295 4325 400 4398 liaque
423 4323 548 4400 depasci
571 4329 602 4383 et
624 4327 808 4384 annichilari
832 4325 982 4384 fecissent.
1006 4328 1043 4384 Et
1076 4327 1149 4385 licet
1172 4327 1247 4387 dicti
1269 4327 1352 4385 cives
1376 4341 1434 4400 pro
1457 4326 1562 4384 huius-

295 4430 382 4489 modi
401 4431 534 4490 accionis
557 4433 698 4506 ipsorum
721 4433 908 4507 potenciarie
931 4438 1049 4507 segetes
1067 4434 1099 4492 in
1130 4433 1247 4492 eisdem
1276 4433 1367 4492 terris
1396 4433 1562 4490 seminatas

295 4538 422 4596 omnino
445 4537 576 4612 perdere
600 4537 787 4610 debuissent,
809 4545 912 4597 tamen
935 4555 992 4598 nos
1022 4539 1139 4598 eisdem
1170 4541 1305 4614 rigorem
1336 4539 1456 4597 iusticie
1486 4539 1562 4598 levi·

294 4649 356 4702 tate
390 4643 605 4702 misericordie
639 4651 813 4718 temperare
847 4646 995 4717 volentes,
1027 4645 1151 4704 easdem
1184 4650 1302 4719 segetes
1324 4646 1400 4720 ipsis
1423 4661 1481 4720 pro
1504 4631 1562 4703 hac

295 4749 364 4808 rice
386 4749 523 4809 metendi
547 4758 577 4808 et
601 4751 771 4826 recipiendi
794 4752 966 4812 annuimus.
991 4752 1053 4812 Sed
1073 4755 1147 4828 quia
1169 4768 1232 4824 nos,
1256 4753 1327 4812 aliis
1350 4751 1456 4810 arduis
1472 4752 1561 4811 factis

296 4856 393 4930 ipsius
417 4855 536 4914 domini
561 4857 659 4914 nostri
682 4857 880 4931 imperatoris
903 4860 1046 4934 occupati
1069 4859 1108 4916 ad
1132 4875 1258 4933 presens
1281 4859 1376 4917 finem
1393 4866 1423 4917 et
1438 4860 1561 4917 conclu·

296 4963 414 5020 sionem
439 4961 520 5020 facto
544 4963 576 5020 in
599 4962 709 5020 eodem
732 4963 812 5022 inter
835 4971 939 5038 partes
955 4964 1110 5039 predictas
1125 4957 1226 5024 facere
1244 4979 1306 5024 non
1321 4965 1473 5038 valemus,
1490 4965 1561 5025 ideo

295 5083 351 5127 nos
375 5071 477 5144 ipsam
506 5085 632 5128 causam
655 5071 777 5128 racione
811 5070 891 5130 dicte
925 5071 1139 5147 occupacionis
1171 5070 1382 5148 predictarum
1406 5077 1560 5140 terrarum
