3948 5804
831 527 904 587 Doc.
925 522 980 602 96.
1003 559 1047 571 -
1069 526 1125 585 Au.
1150 521 1242 604 1436.

1000 737 1062 804 96.

507 842 589 892 Anno
611 841 685 906 1436,
705 855 730 908 7.
742 843 873 907 'Augusti
893 843 947 893 Sub
966 849 1049 892 castro
1068 844 1135 908 Zyri.

402 933 562 996 Mammas
587 934 716 993 Toloooc
738 935 839 1008 bonus,
862 937 975 1010 egregio
998 933 1144 1010 Stephano
1158 935 1273 994 Bt'ckelo
1287 937 1321 995 do
1338 936 1509 1006 Zeliuaoar,
1525 942 1553 994 et
1564 935 1669 1006 comiti,

402 1023 616 1094 vicecomitibus,
624 1023 826 1098 judicibusque
847 1023 983 1082 nobilium
1006 1024 1154 1082 comitatus
1174 1025 1290 1099 sagrab.
1306 1027 1460 1100 praecipit,
1475 1043 1510 1082 uo
1524 1025 1556 1082 im
1568 1041 1668 1096 causa,

402 1129 476 1188 quae
505 1111 581 1170 sister
608 1113 834 1172 communitatem
856 1113 981 1171 ciuitatis
1010 1120 1040 1170 ct
1058 1113 1217 1190 capitulum
1237 1113 1270 1172 do
1292 1115 1425 1188 litigiosis
1447 1114 1529 1188 agm's
1551 1113 1663 1191 agitur,

656 1200 800 1276 judicium
816 1201 944 1277 faciant,
959 1202 1135 1276 priusquam
1157 1202 1216 1276 ipso
1238 1202 1399 1261 decreuerit.

506 1309 633 1369 Mathko
667 1309 706 1369 de
739 1309 897 1368 Tallowcz
931 1324 1100 1383 regnorum
1134 1309 1305 1383 Dalmacie,
1340 1311 1468 1370 Croacie
1502 1314 1532 1369 et
1567 1311 1666 1369 tocius

402 1414 564 1474 Sclauonie
586 1417 686 1475 banus
709 1421 763 1476 etc.
786 1416 917 1474 Dilectis
939 1415 1029 1474 nobis
1053 1416 1177 1489 egregio
1200 1415 1357 1491 Stephano
1380 1415 1529 1490 Bycultele
1545 1415 1584 1474 de
1599 1415 1667 1474 Zel-

401 1512 516 1596 nawar,
538 1538 656 1581 necnon
678 1523 785 1582 comiti
808 1523 860 1581 vel
883 1522 1058 1581 vicecomiti
1082 1528 1112 1580 et
1133 1520 1289 1598 judicibus
1312 1523 1467 1582 nobilium
1502 1523 1666 1581 comitatus

401 1629 608 1701 zagrabiensis
631 1628 765 1688 salutem
788 1645 859 1688 cum
883 1629 1059 1688 dileccione.
1077 1627 1246 1702 Querelam
1264 1644 1323 1704 pro
1346 1635 1434 1704 parte
1457 1628 1664 1704 providorum

401 1739 431 1793 et
453 1735 749 1810 circumspectorum
773 1733 893 1812 judicis,
915 1733 1099 1811 juratorum,
1122 1739 1359 1810 ceterorumque
1389 1735 1506 1794 civium
1535 1741 1565 1793 et
1595 1735 1666 1794 hos·

401 1842 502 1915 pitum
525 1841 659 1900 civitatis
681 1842 796 1900 montis
819 1840 1002 1915 Grecyensis
1025 1841 1063 1899 de
1079 1842 1164 1899 iuxta
1186 1841 1473 1915 Zagrabiamnobis
1488 1846 1665 1917 porrectam

400 1948 577 2022 accepimus
613 1949 836 2020 continentem,
871 1947 1030 2022 quomodo
1066 1948 1265 2006 honorabiles
1299 1947 1415 2006 domini
1452 1945 1490 2005 de
1527 1945 1665 2020 capitulo

401 2053 528 2114 ecclesie
550 2054 758 2128 zagrabiensis
785 2055 862 2129 ipsis
884 2055 988 2112 insciis
1010 2059 1040 2112 et
1062 2054 1184 2128 penitus
1214 2053 1437 2127 ignorantibus,
1461 2069 1493 2112 se
1527 2052 1666 2112 median·

400 2160 484 2220 tibus
519 2161 707 2235 quibusdam
739 2161 850 2220 litteris
883 2162 996 2220 nostris
1031 2161 1121 2219 robis
1144 2161 1345 2236 loquentibus
1375 2160 1414 2219 ad
1438 2160 1664 2234 querimoniam

401 2265 594 2340 prefatorum
611 2266 810 2326 dominorum
826 2267 864 2326 de
887 2267 1025 2342 capitulo
1048 2267 1241 2341 zagrabiensi
1264 2268 1422 2339 emunctis,
1445 2266 1486 2324 ad
1509 2264 1662 2350 quasdam

399 2377 506 2446 terras,
530 2372 644 2444 senilia,
667 2374 788 2446 rubeta,
811 2389 906 2448 super
928 2374 1043 2448 quihus
1066 2373 1127 2446 ipsi
1149 2370 1244 2448 judex
1267 2378 1297 2431 et
1318 2371 1413 2449 jurati
1435 2389 1468 2430 se
1492 2377 1522 2430 ct
1553 2385 1663 2430 corum

400 2481 654 2548 communitatem
677 2479 868 2539 sufficiencia
890 2479 958 2538 iura
981 2481 1096 2538 habere
1119 2485 1268 2552 asserunt,
1284 2479 1406 2540 racione
1425 2493 1560 2554 quarum
1574 2479 1665 2563 inter

400 2584 525 2644 eosdem
549 2586 692 2644 dominos
715 2591 744 2644 et
767 2584 866 2644 dictos
890 2586 973 2645 cives
997 2600 1033 2644 ac
1055 2600 1163 2645 eorum
1186 2586 1443 2644 communitatem
1459 2585 1499 2644 lis
1522 2589 1552 2643 ct
1575 2600 1664 2668 ques·

399 2692 491 2750 tionis
514 2693 644 2752 materia
666 2709 685 2751 a
707 2693 854 2768 pluribus
883 2693 1043 2751 retroactis
1071 2692 1266 2766 temporibus
1300 2696 1386 2750 mota
1420 2691 1533 2750 dicitur
1567 2691 1663 2749 fuisse

399 2801 429 2856 et
452 2803 567 2870 exorta,
590 2814 646 2872 per
669 2813 725 2856 ros
747 2797 901 2856 introduci
924 2803 1149 2873 procurassent,
1174 2803 1203 2856 et
1219 2803 1337 2872 segetes
1359 2798 1391 2856 in
1407 2796 1523 2856 eisdem
1539 2797 1662 2856 habitas

399 2904 536 2978 sibiipsis
567 2921 719 2978 usurpare
750 2912 780 2964 et
802 2905 939 2979 recipcre
961 2905 1212 2964 machinarentur
1235 2905 1267 2962 in
1291 2903 1498 2978 preludicium
1521 2905 1663 2978 ipsorum

399 3011 622 3084 exponencium
645 3016 675 3070 et
697 3010 870 3086 dampnum
892 3010 986 3069 valde
1008 3026 1167 3084 magnum,
1192 3011 1403 3085 supplicantes
1424 3026 1481 3086 per
1502 3025 1560 3068 nos
1585 3010 1663 3084 ipsis

398 3116 430 3175 in
451 3116 612 3190 premissis
634 3115 673 3175 de
695 3117 848 3190 condigno
867 3114 944 3192 juris
965 3116 1104 3176 remedio
1126 3123 1303 3191 opportune
1326 3115 1493 3192 provideri.
1528 3115 1567 3175 Et
1589 3117 1663 3190 quia

398 3237 455 3282 nos
477 3222 517 3280 ad
540 3238 668 3297 presens
690 3223 829 3283 serviciis
852 3223 1039 3282 serenissimi
1062 3222 1180 3281 domini
1202 3223 1301 3281 nostri
1323 3223 1521 3298 imperatoris
1543 3223 1576 3282 in
1602 3223 1663 3282 hiis

397 3329 540 3404 partibus
562 3329 690 3388 Croacie
712 3331 855 3405 occupati
877 3329 1012 3388 examini
1034 3329 1115 3388 dicte
1138 3345 1228 3388 cause
1251 3335 1281 3388 et
1303 3329 1495 3388 conclusioni
1520 3329 1660 3388 eiusdem

397 3451 509 3495 vacare
530 3451 593 3496 non
616 3450 791 3511 possumus,
814 3435 1024 3509 nolumusque
1047 3435 1173 3494 eosdem
1195 3433 1313 3512 judices
1334 3441 1371 3498 et,
1385 3433 1503 3512 juratos
1526 3441 1556 3494 et
1579 3437 1662 3494 cives

398 3540 478 3601 dicte
501 3543 635 3601 civitatis
658 3543 772 3602 montis
796 3541 958 3602 Grecensis
981 3557 1089 3600 eorum
1111 3528 1301 3618 juribus'sic
1333 3541 1506 3616 improvise
1537 3541 1662 3600 destitui

397 3663 451 3712 seu
474 3649 593 3723 privari
615 3649 847 3724 quoquomodo,
871 3647 941 3707 ideo
963 3647 1127 3706 dileccioni
1148 3653 1251 3706 vestre
1273 3647 1498 3707 committimus
1521 3664 1579 3723 per
1593 3665 1663 3723 pre·

396 3759 506 3827 sentes,
530 3761 680 3829 quatenus
702 3755 809 3814 hahita
832 3755 1028 3829 presencium
1051 3755 1164 3812 noticia
1187 3752 1294 3827 fruges
1317 3761 1347 3812 et
1369 3759 1488 3828 segetes
1519 3755 1552 3814 in
1583 3753 1661 3813 facie

397 3860 551 3920 dictarum
585 3867 740 3920 terrarum
769 3861 979 3934 litigiosarum
1013 3860 1136 3918 habitas
1170 3867 1202 3918 et
1221 3860 1387 3920 seminatas
1410 3860 1538 3932 tamdiu,
1564 3860 1662 3919 donec

395 3981 452 4026 nos
475 3967 644 4026 auxiliante
666 3967 793 4025 domino
816 3967 929 4025 abhinc
952 3970 1142 4026 revertentes
1170 3966 1352 4026 discussioni
1376 3971 1407 4026 et
1421 3967 1557 4026 examini
1571 3981 1662 4025 cause

395 4073 547 4149 premisse
569 4072 732 4132 commode
754 4087 865 4133 vacare
888 4079 918 4132 et
939 4073 1097 4132 attendere
1120 4074 1300 4148 poterimus,
1316 4074 1349 4133 in
1363 4079 1523 4148 sequestro
1538 4075 1661 4148 reponi·

396 4178 506 4252 facere,
541 4183 572 4238 et
605 4181 689 4254 ipsas
722 4180 832 4238 ambas
862 4184 966 4254 partes
997 4179 1038 4237 ab
1061 4181 1147 4238 omni
1167 4195 1227 4238 usu
1250 4180 1473 4254 premissorum
1497 4185 1661 4251 terrarum,

395 4285 539 4344 senilium
561 4291 591 4345 et
612 4287 796 4345 rubetorum
818 4287 1029 4361 litigiosorum
1051 4287 1110 4345 sub
1133 4287 1221 4361 penis
1244 4292 1275 4346 et
1297 4287 1550 4360 ohligaminihus,
1583 4286 1660 4347 alias

395 4408 453 4466 per
474 4406 531 4452 nos
551 4399 717 4467 propterea
733 4393 895 4468 impositis,
912 4394 1053 4453 inhibere
1077 4399 1106 4452 et
1122 4394 1304 4452 interdicere
1320 4394 1466 4452 debeatis.
1489 4392 1583 4468 Secus
1598 4408 1661 4452 non

395 4497 514 4558 facturi
537 4499 697 4557 Presentes
720 4507 791 4574 post
814 4515 922 4557 earum
945 4500 1096 4558 lecturam
1119 4515 1243 4572 semper
1275 4498 1432 4557 reddende
1463 4499 1660 4573 presentanti

395 4604 512 4664 Datum
534 4605 567 4664 in
589 4603 737 4664 descensu
759 4611 865 4664 nostro
889 4606 1070 4664 exercituali
1093 4606 1152 4664 sub
1175 4611 1276 4664 castro
1299 4605 1371 4678 Zyri
1401 4613 1520 4678 vocato,
1543 4605 1660 4677 habito,

395 4709 471 4770 ieria
494 4711 588 4770 tercia
611 4712 756 4785 proxima
778 4719 849 4785 post
872 4711 987 4770 festum
1008 4719 1113 4771 sancte
1135 4712 1231 4770 Marie
1254 4711 1293 4770 de
1315 4712 1395 4771 nive.
1419 4714 1510 4770 Anno
1542 4710 1661 4768 domini

394 4815 620 4876 MCCCCXXX
642 4822 736 4875 sexto

500 4915 633 4980 Originale
651 4917 678 4967 in
698 4917 794 4975 charta,
813 4916 841 4966 in
858 4919 972 4981 margine
990 4917 1106 4967 inferiori
1124 4919 1276 4983 impressum
1295 4924 1332 4967 est
1353 4918 1476 4983 sigillum.
1506 4919 1538 4967 In
1563 4919 1659 4969 archiv.

394 4986 440 5039 lib.
460 5003 512 5052 reg.
531 4987 579 5038 civ.
598 4987 697 5053 uagrab.
