3948 5804
752 532 825 593 Doc,
846 544 898 608 93.
925 563 963 574 -
984 531 1040 589 An.
1069 541 1157 609 1435.
1518 551 1578 610 119

316 751 508 825 sigismundi
531 749 582 810 dei
604 750 707 823 gracia
729 748 944 807 Romanorum
967 747 1165 822 imperatoris
1188 751 1218 804 et
1239 747 1321 820 regis
1344 748 1581 821 Hungarieetc.

316 858 434 918 domini
468 855 568 916 nostri
601 854 831 930 graciosissimi,
864 868 923 930 pro
959 857 1047 927 parte
1070 853 1188 912 civium
1210 857 1240 910 et
1262 854 1423 929 hospitum
1447 855 1587 918 civitatis

315 965 430 1024 montis
464 963 626 1024 Grecensis
660 961 699 1020 de
732 961 818 1020 iuxta
852 959 1045 1034 Zagrabiam
1073 961 1230 1033 emanatis,
1266 961 1357 1019 vobis
1392 966 1422 1020 et
1454 961 1581 1020 cuilibet

315 1076 454 1130 vestrum
478 1069 687 1144 loquentibus,
711 1083 818 1126 coram
840 1067 931 1126 nobis
953 1065 1122 1140 productis,
1146 1066 1285 1126 vidimus
1308 1067 1465 1140 contineri,
1496 1068 1583 1142 quod·

317 1192 374 1236 sua
396 1177 552 1248 maiestas,
573 1191 612 1234 ex
634 1173 767 1252 'juribus
796 1175 937 1248 ipsorum
972 1173 1088 1232 ciuium
1118 1187 1223 1232 coram
1247 1189 1302 1232 sua
1324 1175 1487 1234 serenitate
1509 1190 1582 1249 pro-

319 1282 428 1355 ductis,
468 1283 552 1357 ipsos
586 1286 616 1340 et
649 1297 699 1340 res
740 1295 849 1338 eorum
892 1278 1049 1353 quaslibet
1085 1279 1336 1339 mercimoninles
1371 1296 1390 1338 a
1416 1281 1583 1340 cuiuslibet

319 1389 428 1448 tributi
451 1388 609 1447 solucione
632 1391 794 1462 exemptos
811 1385 879 1444 fore
907 1384 1101 1461 reperiendo,
1123 1385 1216 1444 vobis
1239 1389 1269 1445 et
1291 1387 1420 1447 cuilibet
1442 1393 1582 1447 vestrum

317 1494 502 1568 mandasset,
524 1499 559 1554 ut
580 1495 666 1570 ipsos
689 1495 772 1552 cives
795 1496 825 1551 et
840 1493 977 1568 hospites
998 1492 1121 1551 racione
1143 1492 1274 1551 alicuius
1297 1493 1463 1554 solucionis
1484 1495 1582 1552 tribu·

315 1602 392 1660 tarie
416 1601 448 1660 in
470 1601 548 1660 locis
571 1599 760 1660 tributorum
781 1603 956 1657 vestrorum
979 1613 1042 1656 non
1062 1597 1216 1657 auderetis
1239 1599 1461 1674 quoquomodo
1483 1601 1583 1675 impc-

316 1707 391 1766 dire.
413 1706 600 1782 Superquo
620 1710 651 1764 et
672 1719 728 1780 nos
751 1705 784 1764 in
806 1719 938 1778 persona
971 1703 1084 1778 prefati
1110 1703 1228 1762 domini
1254 1705 1352 1764 nostri
1385 1706 1582 1781 imperatoris

314 1829 371 1871 vos
405 1817 436 1872 et
474 1812 648 1887 quemlibet
683 1815 822 1870 vestrum
855 1810 1043 1883 requirimus
1078 1815 1108 1868 et
1141 1810 1305 1869 hortamur
1338 1812 1581 1887 auctoritateque

317 1919 414 1978 nostri
437 1917 535 1976 officii
564 1918 789 1976 committimus
811 1958 1216 1976 ..............
1239 1917 1434 1992 presencium
1461 1919 1579 1991 notitia,

318 2024 432 2084 amodo
463 2029 493 2083 et
523 2025 555 2083 in
586 2029 747 2099 posterum
770 2037 789 2080 a
811 2021 940 2097 pretatis
963 2022 1085 2080 civibus
1109 2027 1138 2080 et
1162 2023 1346 2098 hospitibus,
1370 2024 1526 2100 rebusque
1550 2031 1580 2085 et

316 2131 407 2188 bonis
442 2131 583 2204 ipsorum
618 2129 812 2203 quibuslibet
844 2129 876 2186 in
905 2127 983 2186 locis
1006 2126 1162 2186 dictorum
1185 2129 1375 2188 tributorum
1397 2137 1582 2208 vestrorum,

317 2242 423 2296 contra
458 2235 641 2294 mandatum
675 2233 750 2294 dicti
784 2233 902 2302 domini
930 2235 1029 2293 nostri
1051 2235 1248 2310 imperatoris
1270 2236 1396 2295 nullum
1419 2237 1582 2312 tributum,

317 2343 480 2402 nullamve
510 2335 700 2400 solucionem
731 2341 929 2404 tributariam
959 2341 1096 2415 recipere
1132 2347 1163 2400 et
1193 2343 1315 2416 exigere
1338 2347 1582 2420 presumpmatis

317 2466 373 2510 nec
396 2450 463 2509 sitis
485 2450 552 2508 ausi
574 2448 669 2507 modo
691 2447 841 2522 aliquali;
865 2453 894 2505 et
917 2447 1012 2521 aliud,
1034 2449 1141 2523 prouti
1163 2453 1404 2523 transgressores
1427 2450 1583 2511 dictorum

321 2531 540 2616 mandatorum
563 2555 776 2631 imperialium
799 2553 882 2612 effici
905 2553 1089 2627 formidatis,
1121 2554 1222 2614 facere
1247 2571 1308 2614 non
1331 2558 1437 2616 ausuri
1460 2559 1490 2616 in
1513 2575 1583 2633 pre·

316 2663 426 2722 missis.
445 2653 604 2720 Presentes
627 2662 726 2720 eciam
749 2657 821 2737 post
851 2675 959 2718 earum
990 2661 1144 2720 lecturam
1174 2663 1291 2737 ubique
1321 2664 1410 2724 reddi
1438 2663 1583 2742 jubemus

317 2769 516 2846 presentanti.
540 2768 657 2826 Datum
679 2769 712 2826 in
734 2766 886 2826 Prodauiz
916 2766 993 2826 feria
1008 2771 1095 2826 sexta
1118 2770 1261 2843 proxima
1278 2777 1349 2845 post
1364 2770 1478 2830 festum
1493 2772 1583 2831 beate

316 2876 409 2934 Lucic
428 2875 566 2948 virginis.
591 2877 680 2932 Anno
703 2873 821 2933 domini
844 2872 1014 2932 millesimo
1038 2874 1343 2949 quadringentesimo
1358 2877 1446 2936 XXX
1463 2879 1588 2952 quinto:

421 3008 554 3075 originale
572 3009 713 3068 incheme,
732 3009 760 3058 in
777 3009 892 3074 margine
910 3009 1026 3059 inferiori
1044 3010 1197 3075 impressum
1215 3018 1254 3061 est
1273 3011 1395 3076 sigillum.
1426 3014 1459 3062 In
1473 3013 1581 3066 ¹urchiv.

316 3099 375 3151 incl.
397 3099 481 3151 Acad.
500 3099 595 3148 Scient.
615 3097 685 3148 Slav.
703 3097 793 3149 merid.

932 3274 994 3341 93.

424 3433 505 3484 Anno
527 3431 601 3496 1436,
622 3433 645 3486 8.
665 3433 795 3486 februarii.
815 3435 845 3482 In
866 3431 982 3486 Draaelc.

324 3562 486 3622 Marsaeus
512 3563 544 3620 T
539 3563 642 3621 alovac
669 3563 771 3634 banus,
801 3571 836 3622 ut
861 3565 1059 3622 communitati
1079 3565 1203 3624 ciuitates
1226 3566 1364 3624 vtlmalia
1379 3575 1439 3640 per
1452 3561 1583 3643 fratrem

317 3687 400 3728 suum
423 3668 604 3744 hominesque
625 3687 692 3726 suos
713 3677 885 3744 coassumpta
908 3671 1049 3742 restituat,
1072 3672 1266 3731 resrllm'tatem
1286 3673 1472 3740 pecuniamne
1495 3681 1584 3732 taxat

563 3775 642 3852 regio
664 3775 801 3833 mandato
823 3776 970 3852 impositae
992 3778 1112 3837 relaxat
1132 3780 1335 3838 emmunitati.
1582 3779 1586 3782 ’

1132 3916 1243 3967 Relacio
1261 3917 1360 3967 domini
1377 3917 1513 3969 Perkonis.

422 4030 487 4090 Nos
509 4027 636 4112 Mathko
659 4028 698 4087 de
727 4029 875 4088 Talloucz
908 4031 997 4105 regni
1031 4029 1194 4088 Sclauonie
1222 4031 1330 4090 banus.
1367 4032 1487 4089 Damus
1524 4047 1584 4106 pro

317 4137 477 4211 mempria,
502 4134 586 4210 quod
608 4149 665 4194 uos
688 4135 727 4195 ad
751 4136 912 4210 peticionis
935 4137 1117 4195 instanciam
1140 4137 1172 4195 in
1202 4138 1343 4212 personis
1374 4135 1582 4212 providorum

318 4242 459 4300 virorum
482 4243 599 4301 civium
623 4241 769 4302 videlicet
792 4249 822 4302 et
845 4245 1007 4318 hospitum
1037 4245 1172 4302 civitatis
1202 4245 1316 4303 montis
1351 4244 1514 4304 Grecensis
1545 4244 1586 4313 de

318 4349 532 4423 promontorio
555 4348 754 4422 Zagrabiensi
776 4351 867 4408 nobis
890 4350 1031 4421 allatam,
1055 4351 1248 4424 paupertatis
1272 4351 1377 4424 inopie
1400 4351 1586 4418 eorumdem

318 4455 553 4528 compacientes,
588 4455 800 4514 residuitatem
823 4462 892 4516 taxe
924 4457 1100 4530 pecuniaric
1121 4473 1178 4532 per
1212 4457 1371 4530 egregium
1402 4455 1590 4530 Perkonem,

318 4560 447 4619 fratrem
470 4565 619 4632 nostrum,
647 4561 685 4620 de
708 4562 865 4635 imperiali
888 4563 1035 4622 mandato
1058 4580 1153 4638 super
1175 4541 1426 4638 ipsosimposite,
1443 4562 1583 4634 nondum

319 4673 468 4739 exactam,
493 4667 525 4724 in
547 4666 792 4726 satisfaccionem
816 4669 1000 4727 victualium
1022 4686 1080 4744 per
1102 4670 1207 4744 ipsum
1237 4669 1365 4728 fratrem
1388 4674 1531 4727 nostrum
1553 4674 1584 4730 et

317 4774 458 4834 homines
481 4787 553 4830 suos
575 4778 646 4848 post
669 4789 761 4832 suum
783 4791 940 4833 recessum
963 4781 1228 4850 consumptorum,
1265 4775 1380 4838 eisdem
1405 4775 1527 4833 civibus
1551 4781 1582 4834 et

319 4880 505 4954 hospitibus,
528 4895 586 4953 per
608 4880 692 4954 ipsos
723 4881 915 4955 exigendam,
951 4881 1098 4942 duximus
1133 4880 1335 4941 relaxandam
1368 4883 1466 4940 immo
1500 4881 1580 4940 rela-

317 5001 428 5044 xamus
448 4986 644 5062 presencium
666 4987 842 5046 litterarum
864 4993 1043 5047 nostrarum
1066 4981 1270 5068 (testimonio)
1294 4994 1324 5048 et
1346 4988 1455 5062 vigore
1486 4986 1584 5047 medi·
