3930 5802
419 625 479 685 194
785 607 857 664 Doc.
879 616 945 683 137,
969 601 1039 677 138.
1060 639 1105 650 -
1126 606 1183 664 An.
1206 619 1296 684 1443.

414 829 540 898 temque
564 827 747 898 perpetuam
770 822 910 897 sigillum
934 828 1075 882 nostrum
1097 837 1262 880 commune
1285 822 1431 880 duximus
1448 819 1677 896 apponendum.

415 929 531 988 Datum
562 929 594 988 in
618 928 696 988 festo
719 929 803 987 beati
826 931 986 1016 Ambrosii
1009 928 1147 1004 episcopi
1169 933 1262 1002 atque
1284 928 1428 987 doctoris.
1454 930 1544 986 Anno
1559 927 1679 986 domini

415 1036 586 1095 millesimo
609 1036 916 1110 quadringentesimo
939 1035 1179 1111 quadragesimo
1201 1036 1305 1094 tercio.

520 1171 654 1237 Originale
673 1173 700 1222 in
718 1172 873 1224 membrana.
894 1173 916 1222 A
941 1181 1014 1238 tergo
1031 1172 1170 1236 vestigium
1194 1171 1314 1236 impressi
1332 1169 1420 1236 sigilli.
1447 1172 1480 1220 In
1498 1169 1613 1220 archivio
1631 1167 1676 1221 lib.

415 1276 467 1325 reg.
487 1261 535 1313 civ.
554 1261 655 1326 zagrab.

929 1499 936 1516 ,
1016 1436 1094 1506 137.

521 1582 601 1632 Anno
625 1594 699 1646 1443,
721 1593 760 1634 ιο.
780 1580 877 1646 aprilis.
896 1581 994 1633 Budae.

523 1703 732 1789 (Vladisiaus)
754 1726 810 1769 rex
825 1710 988 1786 prohibuit
1002 1711 1061 1768 snb
1077 1723 1177 1784 poena
1199 1709 1318 1783 capitis,
1341 1706 1428 1766 exilii
1450 1709 1481 1763 et
1496 1701 1679 1778 privationis

417 1818 558 1876 omnium
580 1818 734 1876 bonorum
757 1834 796 1876 ne
819 1818 957 1876 canonici
978 1817 1051 1876 huic
1073 1817 1221 1892 episcopo
1244 1805 1434 1894 (Benedicto)
1448 1810 1603 1882 obediant,
1630 1807 1681 1865 cui

417 1923 565 1982 mandato
600 1939 671 1982 cum
701 1925 734 1982 bi
766 1925 1040 1998 obtemperassent,
1074 1922 1115 1981 ad
1150 1923 1332 1982 instanciam
1356 1919 1512 1979 Benedicti
1541 1915 1680 1993 ejusdem

418 2031 556 2104 episcopi
578 2031 794 2105 zagrabiensis,
817 2032 958 2105 suspensi
980 2036 1010 2088 et
1033 2029 1187 2088 interdicti
1211 2029 1351 2101 fuerunt,
1390 2043 1409 2084 a
1440 2040 1502 2099 qna
1532 2021 1680 2082 sententia

418 2137 619 2211 appelarunt;
652 2136 777 2194 interim
811 2137 1135 2212 appropinquantibus
1166 2135 1252 2194 festis
1284 2133 1500 2208 supplicarunt
1531 2127 1681 2188 cardinali

418 2242 522 2315 iegato
546 2286 554 2301 .
578 2288 584 2300 .
608 2289 614 2300 .
638 2259 662 2302 s.
686 2241 820 2301 Sabinae
842 2242 993 2302 cardinali
1026 2259 1049 2301 s.
1084 2243 1197 2316 Angeli
1229 2241 1402 2315 vulgariter
1438 2241 1624 2310 nuncupato,
1647 2238 1682 2290 nt

419 2362 471 2406 eos
494 2349 681 2422 absolveret,
704 2366 742 2408 ne
765 2365 783 2407 a
806 2349 901 2408 sacris
923 2349 1078 2408 abstinere
1101 2365 1158 2424 per
1180 2348 1258 2406 testa
1288 2351 1479 2420 cogerentur,
1515 2342 1681 2418 praecipue

420 2470 492 2512 cum
515 2461 674 2528 sperarent
696 2472 728 2514 se
751 2471 842 2530 posse
864 2456 988 2514 interim
1012 2470 1084 2513 cum
1107 2455 1217 2512 eodem
1233 2454 1380 2529 episcopo
1396 2449 1589 2524 zagrabiensi
1610 2461 1682 2506 con-

337 2605 340 2611 r
419 2561 547 2619 cordare
570 2568 599 2618 et
615 2577 676 2620 non
698 2569 817 2636 sponte,
840 2561 892 2620 sed
916 2561 1062 2620 mandato
1082 2563 1175 2634 regio,
1191 2563 1233 2618 ab
1255 2560 1431 2619 obedientia
1446 2558 1682 2618 retraherentur.

420 2666 595 2725 Cardinalis
617 2668 743 2726 mandat
766 2670 873 2727 abbati
896 2669 926 2726 B.
943 2670 979 2726 V.
996 2675 1028 2726 ut
1044 2684 1096 2727 eos
1117 2668 1297 2726 absolvata
1318 2665 1518 2740 suspensione
1541 2669 1571 2721 et
1587 2663 1681 2720 etiam

419 2774 654 2846 irregularitate,
685 2776 711 2833 si
735 2791 830 2848 quam
853 2775 1040 2834 celebrando
1072 2776 1276 2846 incurrerunt,
1310 2775 1353 2832 ita
1374 2781 1408 2830 ut
1431 2773 1511 2830 inter
1544 2785 1594 2845 40.
1618 2768 1682 2826 dies

421 2879 614 2950 concordent,
638 2881 719 2939 intra
753 2895 839 2954 quoa,
862 2882 970 2940 sinon
1003 2880 1259 2940 concordaverint
1288 2881 1357 2954 ipso
1388 2878 1470 2936 facto
1505 2877 1536 2935 in
1559 2873 1682 2934 easdem

421 3000 537 3060 poenas
560 2985 706 3045 recidant.
729 3015 770 3026 -
795 2987 922 3060 Eugenii
946 2988 996 3046 IV.
1020 3002 1101 3045 anno
1123 2982 1200 3046 Xlll.

526 3121 633 3186 Georgii
652 3122 823 3181 Marcelovte;
843 3125 968 3188 Regesta,
987 3131 1016 3174 ut
1035 3139 1120 3188 supra.

1017 3352 1095 3420 138.

528 3513 610 3562 Anno
631 3525 706 3576 1443,
727 3524 768 3564 21.
788 3513 947 3578 septembris.
968 3513 1114 3576 Zagrabiae.

429 3640 532 3700 Coram
555 3639 753 3698 communitate
774 3641 899 3698 ctortulis
919 3641 1023 3700 neentis
1052 3640 1203 3700 Grecensis
1225 3641 1385 3700 Marsaeus
1406 3641 1527 3700 Farkas'
1540 3640 1686 3716 Stephano

806 3745 897 3823 Sajko
919 3748 1052 3822 carnufici
1071 3766 1177 3822 agrum
1200 3749 1304 3806 vendit.

530 3889 593 3948 Nos
609 3888 799 3962 Benedictus,
815 3890 900 3948 filius
916 3892 1085 3964 Michaelis,
1096 3889 1200 3968 judex,
1217 3891 1369 3965 Vrbanus,
1382 3893 1549 3962 Emericus,
1563 3891 1687 3964 Paulus,

424 3995 629 4068 Sebastianus,
653 3996 770 4068 Petrus,
793 3997 978 4068 Demetrius,
1006 3998 1139 4056 Michael
1162 4003 1192 4056 et
1215 3997 1367 4072 Georgius
1390 3997 1491 4073 jurati,
1519 3999 1687 4058 consiliarii

425 4107 454 4161 et
476 4103 612 4160 universi
635 4103 718 4160 cives
740 4103 873 4160 civitatis
897 4105 1010 4162 montis
1032 4103 1224 4162 Grechensis.
1248 4106 1396 4163 Memorie
1431 4105 1686 4163 commendamus

424 4224 482 4282 per
503 4215 669 4282 presentes,
693 4208 777 4282 quod
800 4211 849 4268 vir
870 4210 1020 4285 providus
1043 4217 1073 4268 et
1095 4211 1241 4270 honestus
1264 4211 1403 4283 Mathias,
1420 4211 1520 4270 dictus
1542 4211 1686 4280 Farkass,

425 4314 509 4373 tilius
521 4314 622 4388 Egidii
645 4313 683 4372 de
695 4314 846 4388 Klolroch,
863 4315 985 4390 pridem
999 4315 1127 4393 juratus,
1144 4317 1341 4391 concivisque
1364 4325 1469 4377 noster
1492 4317 1531 4376 ad
1547 4325 1686 4377 nostram

425 4421 629 4496 personaliter
653 4421 805 4480 veniendo
828 4423 1021 4496 presenciam
1052 4423 1209 4483 confessus
1232 4429 1279 4482 est
1312 4425 1344 4484 in
1367 4425 1449 4482 hunc
1472 4424 1618 4483 modum:
1653 4433 1688 4486 ut

426 4529 493 4603 ipse
515 4527 672 4602 quandam
695 4535 811 4588 terram
841 4544 930 4588 suam
961 4529 1115 4586 arabilem
1138 4531 1170 4588 in
1204 4546 1316 4605 campo
1350 4535 1456 4588 nostro
1478 4546 1532 4588 seu
1555 4531 1688 4590 civitatis

426 4633 564 4708 predicte
586 4635 666 4693 inter
688 4637 850 4710 antiquum
881 4641 1018 4693 meatum
1041 4651 1096 4694 seu
1130 4636 1310 4695 descensum
1346 4637 1433 4695 fluvii
1464 4637 1687 4696 Chemomercz

427 4740 530 4798 vocati
554 4740 595 4798 ab
618 4741 783 4816 occidente,
806 4742 994 4800 Mathichina
1017 4747 1171 4816 vocatum,
1195 4749 1224 4801 et
1246 4745 1326 4802 inter
1348 4742 1425 4802 duas
1449 4744 1515 4802 vias
1538 4743 1688 4817 publicas,

426 4861 522 4904 unam
544 4861 563 4905 a
586 4849 715 4908 meridie
738 4855 767 4906 et
789 4849 921 4907 alteram
944 4863 962 4907 a
983 4851 1204 4924 septemtrione
1227 4850 1398 4923 existentes,
1422 4865 1458 4907 ac
1480 4850 1560 4907 inter
1590 4853 1686 4908 terras

427 4953 572 5012 similiter
601 4955 736 5012 arabiles
766 4955 939 5013 liberorum
962 4971 1016 5014 sen
1039 4971 1253 5015 successorum
1271 4953 1403 5014 condam
1419 4955 1547 5040 Joannis
1568 4953 1688 5032 judicis,

428 5059 487 5120 filii
508 5061 617 5144 Jacobi
649 5059 723 5118 dicti
745 5060 831 5118 Bolie
853 5061 894 5118 ab
917 5063 1042 5134 oriente,
1066 5063 1221 5123 mediante
1243 5061 1394 5120 moderno
1425 5067 1528 5120 meatu
1551 5077 1605 5120 seu
1638 5061 1688 5120 de·
