3930 5802
751 515 826 574 Doc.
850 508 920 589 146.
944 545 985 554 -
1009 512 1066 569 An.
1090 524 1182 588 1449.
1530 526 1589 584 203

328 735 525 808 imperatoris
548 740 578 791 et
600 733 683 805 regis
704 738 759 790 etc.
783 746 837 788 seu
859 729 1015 803 predictas
1038 742 1148 786 eorum
1183 727 1352 800 libertates,
1384 725 1507 783 nullum
1536 726 1591 783 tri-

328 842 448 912 butum,
463 840 624 898 nullamve
648 838 845 896 tributariam
861 835 1057 894 exaccionern
1073 839 1103 892 et
1118 834 1309 892 solucionem
1325 835 1439 906 petere,
1455 831 1591 905 recipere

328 953 358 1004 et
381 947 504 1020 exigere
526 945 630 1004 velitis
649 961 706 1002 nec
729 942 973 1018 presumpmatis
995 939 1091 998 modo
1114 939 1254 1014 aliquali,
1277 937 1330 996 sed
1355 939 1440 1011 ipsos
1463 938 1546 994 cives
1562 942 1592 995 et

327 1066 436 1110 eorum
459 1051 640 1125 quemlibet,
663 1050 745 1108 dicta
776 1048 939 1106 tributaria
963 1047 1163 1120 exempcione
1201 1059 1318 1103 necnon
1349 1045 1474 1117 antique
1497 1043 1592 1100 liber-

330 1159 401 1216 tatis
424 1173 532 1216 eorum
555 1157 762 1231 prerogativa,
783 1155 859 1228 ipsis
882 1155 914 1212 in
936 1154 995 1212 hac
1017 1158 1106 1227 parte
1129 1167 1280 1222 concessa,
1303 1151 1357 1220 uti,
1380 1150 1443 1208 frui
1465 1154 1495 1208 et
1518 1164 1591 1222 gau·

327 1265 400 1322 dere
423 1263 610 1338 permittatis
633 1269 663 1320 et
686 1263 825 1336 permitti
850 1260 977 1330 faciatis,
1001 1259 1146 1317 diuorum
1176 1273 1285 1330 regum
1315 1257 1403 1329 regni
1432 1255 1591 1328 Hungarie

326 1370 544 1444 multipliciter
566 1384 780 1427 concessarum
804 1369 981 1440 graciarum
1016 1363 1291 1438 contemplacionis
1314 1363 1424 1422 intuitu
1448 1367 1478 1420 et
1493 1363 1592 1420 eciam

328 1476 483 1534 libertatis
505 1476 630 1548 antique
666 1474 747 1532 dicte
779 1473 913 1532 civitatis
948 1472 1062 1530 montis
1094 1470 1256 1528 Grecensis
1291 1470 1329 1526 de
1364 1467 1515 1542 Zagrabia
1550 1468 1591 1525 ob

325 1588 511 1657 respectum,
533 1585 699 1654 nostreque
722 1579 951 1653 complacencie
974 1577 1139 1650 singularis
1170 1577 1212 1634 ob
1246 1575 1398 1634 favorem.
1433 1574 1591 1632 Presentes

327 1703 453 1762 quoque
476 1692 547 1762 post
569 1701 677 1745 earum
699 1686 850 1744 lecturam
881 1700 955 1758 erga
985 1699 1095 1742 manus
1125 1682 1300 1741 exhibentis
1330 1697 1455 1754 semper
1484 1679 1591 1738 sedule

326 1793 473 1852 volumus
507 1808 675 1852 remanere.
717 1793 832 1850 Datum
869 1791 961 1850 Crisii
994 1791 1027 1849 in
1060 1789 1139 1848 festo
1174 1789 1384 1864 apparicionis
1418 1788 1501 1846 beati
1533 1787 1589 1844 Mi·

325 1900 441 1958 chaelis
463 1899 647 1973 archangeli.
681 1901 771 1957 Anno
795 1897 913 1956 domini
936 1897 1106 1956 millesimo
1129 1895 1434 1969 quadringentesimo
1457 1891 1589 1967 quadra·

324 2007 443 2080 gesimo
464 2021 554 2065 nono.

430 2141 564 2206 Originale
582 2143 610 2192 in
628 2141 782 2199 membrana,
801 2142 829 2191 in
847 2141 962 2205 margine
979 2139 1096 2190 inferiori
1117 2141 1270 2205 impressum
1283 2144 1323 2187 est
1335 2135 1458 2202 sigillam.
1477 2137 1510 2184 In
1521 2135 1590 2186 arch.

324 2230 371 2282 lib.
391 2246 445 2294 reg.
464 2230 534 2282 civit.
552 2231 653 2294 nagrab.

919 2404 1000 2472 146.

430 2496 511 2544 Anno
533 2507 608 2560 1449,
630 2506 670 2546 12.
689 2495 758 2546 maii.
779 2495 864 2546 Crisii.

330 2623 438 2683 Coram
466 2625 564 2684 Ulm'co
586 2624 661 2682 bano
683 2631 712 2681 et
731 2623 873 2680 nobilibus
895 2623 982 2695 regni
1011 2620 1174 2681 Ladislans
1208 2620 1322 2680 Bickele
1356 2629 1482 2692 accusat,
1515 2621 1593 2696 quod

318 2731 431 2806 furem,
463 2731 517 2805 qui
547 2729 686 2788 Ladeslae'
709 2729 877 2806 jobagionis
911 2725 1007 2788 bovem
1030 2728 1119 2804 furto
1149 2729 1179 2785 in
1210 2729 1435 2786 communitatem
1468 2728 1592 2786 civitates

360 2838 465 2896 montis
494 2835 645 2896 Grecensis
665 2837 770 2910 abegit,
793 2835 1008 2910 deprehendere,
1030 2835 1220 2909 iudiciumque
1234 2836 1375 2909 profiteri
1394 2835 1560 2908 neglexerit.

430 2981 493 3040 Nos
516 2981 641 3039 Vlrr'cus
665 2980 714 3040 dei
737 2981 841 3054 gracia
864 2979 952 3054 Cilic,
971 2980 1187 3053 Ortemburge,
1204 2979 1394 3053 Zagorieque
1417 2993 1521 3038 comes
1536 2982 1591 3036 etc.

323 3102 442 3146 necnon
465 3088 552 3160 regni
574 3085 736 3146 Sclauonie
760 3089 867 3146 banus.
889 3087 1040 3145 Memorie
1063 3085 1326 3158 commendamus,
1343 3083 1428 3158 quod
1443 3099 1500 3143 nos
1515 3082 1592 3143 seria

323 3193 458 3252 secunda
491 3195 635 3267 proxima
670 3199 741 3269 post
775 3200 901 3253 octavas
936 3193 1007 3252 festi
1040 3194 1124 3252 beati
1147 3193 1275 3266 Georgii
1297 3192 1435 3250 martiris
1457 3206 1592 3250 unacum

325 3299 413 3372 regni
443 3299 603 3358 nobilibus
634 3314 692 3372 pro
722 3299 863 3358 faciendo
891 3299 1086 3358 moderativo
1109 3299 1224 3359 iudicio
1247 3299 1444 3358 causantibus
1466 3298 1498 3356 in
1520 3297 1592 3356 sede

323 3410 429 3463 nostra
451 3404 611 3464 iudiciaria
627 3404 814 3478 sedentibus,
837 3407 979 3480 egregius
1001 3406 1164 3465 Ladislaus
1189 3405 1341 3480 Bylrcbele
1364 3404 1403 3464 de
1422 3404 1591 3477 Zelnawar,

326 3509 367 3569 ad
389 3515 528 3570 nostram
551 3512 756 3586 personaliter
779 3512 930 3571 veniendo
953 3513 1154 3587 presenciam,
1178 3513 1374 3588 presentibus
1405 3517 1435 3570 et
1466 3511 1591 3570 audien-

323 3617 407 3676 tibus
441 3617 587 3690 Rawsar,
621 3617 698 3676 alias
732 3617 833 3676 iudice
863 3633 899 3676 ac
928 3620 1043 3678 Mathia
1074 3619 1220 3690 litterato,
1251 3619 1372 3677 notario
1416 3624 1446 3676 et
1476 3617 1591 3690 Blasio,

326 3724 448 3783 civibus
486 3723 619 3782 civitatis
658 3725 771 3783 montis
811 3723 973 3784 Grecensis
1016 3731 1121 3784 contra
1155 3725 1281 3783 eosdem
1326 3734 1357 3783 et
1390 3725 1469 3783 alios
1507 3725 1591 3782 cives

327 3831 426 3905 ipsius
449 3830 582 3888 civitatis
605 3831 719 3889 montis
743 3829 913 3905 Grecensis,
944 3833 1108 3908 proposuit
1130 3847 1166 3890 eo
1192 3831 1295 3890 modo:
1319 3835 1470 3906 quatenus
1492 3846 1592 3905 nuper

330 3935 458 4010 quidam
498 3935 581 3994 fures
623 3953 676 3994 seu
713 3937 930 3997 malefactores
966 3954 1064 3997 unum
1102 3941 1218 3997 bovem
1256 3939 1429 4011 iobagionis
1463 3937 1592 3996 antefati

326 4042 463 4100 Ladislai
484 4042 630 4101 Bikchelc
653 4044 887 4118 subtraxissent,
911 4045 1058 4119 idemque
1082 4047 1206 4118 iobagio
1229 4047 1360 4118 vestigia
1386 4044 1485 4120 ipsius
1500 4044 1591 4103 bovis

324 4163 454 4220 sequens
489 4148 529 4206 ad
560 4149 675 4208 dictam
711 4151 868 4208 civitatem
902 4167 959 4226 per
993 4153 1090 4226 ipsius
1123 4151 1254 4224 vestigia
1278 4151 1430 4222 venisset;
1464 4165 1539 4208 mox
1562 4155 1592 4208 et

322 4254 355 4310 in
390 4253 556 4312 continenti
589 4256 693 4329 ipsum
727 4257 842 4315 bovem
877 4259 909 4316 in
942 4259 1044 4332 specie
1077 4259 1108 4316 in
1144 4273 1237 4316 curru
1268 4257 1421 4330 Symonis,
1456 4257 1592 4316 concivis

323 4357 463 4416 eiusdem
480 4361 615 4418 civitatis
637 4363 811 4437 reperisset,
835 4368 866 4422 et
888 4363 1021 4422 eundem
1043 4380 1100 4438 per
1116 4363 1240 4436 iudices,
1256 4365 1434 4438 iuratosque
1450 4369 1480 4422 et
1495 4378 1592 4421 asses·

322 4480 407 4524 sores
429 4465 528 4539 ipsius
551 4467 684 4526 civitatis
707 4469 767 4528 sibi
790 4469 909 4528 iusticia
932 4470 1094 4542 mediante,
1116 4476 1150 4529 ut
1174 4471 1269 4528 moris
1292 4478 1345 4542 est,
1369 4469 1408 4528 de
1431 4475 1592 4529 consuetu·

323 4570 394 4629 dine
417 4573 505 4645 regni
528 4574 690 4632 extradere
714 4576 909 4649 postulasset,
939 4577 1048 4635 volens
1080 4577 1289 4635 iuramentum
1324 4583 1464 4650 prestare
1497 4593 1591 4651 super

322 4677 381 4736 illo
403 4679 494 4750 bove,
518 4687 553 4737 ut
575 4686 622 4738 est
644 4681 834 4740 consuetudo
857 4683 953 4756 regni,
977 4687 1030 4741 aut
1053 4682 1136 4757 quod
1159 4682 1355 4741 venditorem
1382 4683 1468 4742 illius
1491 4685 1591 4757 bovis,

322 4784 376 4858 qui
398 4783 505 4858 ipsum
527 4785 576 4845 1111
598 4785 728 4860 Symoni
752 4789 943 4862 vendiderat,
976 4789 1210 4862 demonstraret,
1243 4789 1326 4864 quod
1360 4790 1460 4848 eidem
1491 4789 1592 4849 facere

321 4895 523 4964 recusassent,
546 4891 578 4949 in
599 4891 811 4964 preiudicium
835 4893 909 4952 dicti
933 4895 1114 4968 exponentis
1138 4900 1168 4954 et
1192 4895 1364 4970 dampnum
1387 4895 1481 4954 valde
1505 4912 1591 4970 mag·

321 5011 405 5054 num.
430 4995 500 5070 Quo
517 4997 624 5055 audito
641 5000 807 5057 memorati
822 5000 958 5072 Rawsar,
975 5000 1077 5074 iudex,
1094 5001 1228 5060 Mathias
1244 5002 1398 5060 litteratus
1415 5008 1445 5060 et
1461 5001 1590 5077 Blasius,
