3804 5858
427 544 490 618 476
842 552 914 608 Duc.
932 565 1005 628 355.
1032 589 1071 596 -
1096 557 1152 613 An.
1177 569 1269 632 1490.

424 773 564 834 uxorem,
587 757 739 838 similiter,
755 774 789 826 ut
812 768 933 840 dicitur,
958 770 996 827 de
1019 767 1088 846 jure
1103 779 1277 844 spectantes
1300 789 1354 830 seu
1377 777 1559 848 spectancia,
1576 777 1703 836 eisdem

425 867 637 942 restituissent
670 873 852 949 realemque
875 883 905 936 et
927 880 1082 937 actualem
1105 894 1214 938 eorum
1237 881 1461 953 possessionem
1485 883 1701 954 tradidissent,

425 985 462 1028 ac
496 973 572 1046 ipsis
596 975 633 1033 de
657 976 808 1052 dampnis,
834 986 984 1057 expensis,
1016 983 1136 1059 injuriis
1158 991 1188 1044 et
1211 987 1359 1045 interesse
1381 987 1606 1047 satisfecissent
1631 989 1699 1048 Sed

426 1077 497 1150 quia
521 1079 587 1153 ipse
609 1081 771 1144 Balthasar
802 1095 832 1145 et
855 1087 954 1147 Catha
977 1093 1041 1149 eius
1065 1107 1143 1150 uxor
1174 1091 1204 1150 id
1228 1092 1329 1151 facere
1352 1099 1382 1151 et
1404 1094 1579 1169 adimplere
1604 1113 1700 1154 recu·

425 1190 527 1242 santes
549 1192 579 1244 et
602 1204 634 1244 se
657 1191 778 1249 iusticie
809 1195 981 1270 afferentes,
1012 1205 1220 1272 gravatosque
1252 1216 1285 1257 se
1315 1200 1479 1273 superinde
1514 1203 1698 1274 sencienteS‚

425 1289 551 1348 eosdem
583 1295 676 1353 citavi
706 1303 917 1374 peremptorie
942 1309 1043 1362 vestre
1066 1306 1321 1364 reverendissime
1345 1307 1537 1380 paternitatis
1566 1309 1599 1365 in
1621 1324 1699 1382 pre-

424 1397 565 1469 senciam,
582 1399 621 1457 ad
638 1403 806 1462 terminum
823 1406 887 1466 Xll.
900 1407 1022 1467 dierum
1040 1417 1109 1484 post
1125 1413 1250 1485 lapsum
1266 1411 1420 1469 dictorum
1436 1427 1549 1471 novem
1567 1413 1696 1472 dierum

425 1499 603 1562 immediate
625 1511 834 1584 sequencium,
857 1515 901 1572 sic
924 1521 953 1572 et
977 1517 1088 1589 taliter,
1112 1525 1145 1574 ut
1169 1519 1228 1591 ipsi
1253 1517 1336 1575 Bude
1360 1518 1412 1575 vel
1435 1519 1514 1576 alibi
1536 1520 1592 1576 ubi
1615 1525 1697 1576 tunc

424 1612 560 1666 vestram
592 1617 884 1677 reverendissimam
915 1623 1132 1696 paternitatem
1159 1625 1357 1682 constitutam
1388 1624 1454 1683 fore
1476 1625 1695 1698 cognoverint,

423 1724 623 1787 compareant
653 1719 821 1797 injudicio
856 1727 1007 1800 legittime
1040 1729 1152 1789 dicturi
1182 1737 1213 1788 et
1242 1731 1408 1803 allegaturi
1435 1745 1532 1804 quare
1555 1730 1593 1788 ad
1620 1747 1695 1804 pre·

423 1817 517 1876 missa
541 1821 580 1878 de
611 1821 679 1899 jure
708 1844 770 1886 non
799 1839 967 1907 teneantur,
1002 1837 1141 1910 alioquin
1171 1837 1279 1895 eadem
1303 1843 1406 1894 vestra
1428 1837 1696 1895 reverendissima

424 1927 594 1994 paternitas
613 1929 652 1986 ad
677 1935 773 2006 partis
797 1941 1005 2012 comparentis
1028 1943 1210 2001 instanciam
1233 1944 1264 2000 in
1287 1957 1379 2000 causa
1402 1943 1468 2016 ipsa
1492 1949 1585 2017 prout
1611 1940 1697 2016 juris

423 2027 516 2088 fuerit
539 2032 579 2090 ad
610 2035 761 2098 ulteriora
794 2044 950 2116 procedet,
983 2049 1110 2106 alterius
1132 2049 1229 2122 partis
1261 2049 1404 2106 absencia
1426 2049 1457 2106 in
1480 2049 1603 2122 reliquo
1626 2063 1696 2107 non

424 2135 574 2197 obstante.
597 2139 648 2200 Sic
671 2144 776 2219 itaque
807 2151 885 2209 serie
917 2152 1097 2213 huiusmodi
1119 2155 1310 2214 execucionis
1333 2161 1437 2214 nostre
1459 2154 1561 2212 eidem
1583 2162 1697 2213 vestre

421 2244 677 2308 reverendissime
694 2255 872 2324 paternitati
890 2260 1113 2318 conscienciose
1126 2261 1280 2334 rescripsi,
1295 2261 1412 2319 Datum
1428 2261 1577 2333 Zagrabie
1604 2276 1695 2318 nono

422 2345 473 2404 die
504 2348 565 2408 diei
596 2358 789 2417 execuciouis
820 2362 947 2436 prefate.
972 2367 1061 2424 Anno
1085 2367 1204 2426 domini
1229 2366 1479 2425 MCCCCLXXX
1501 2381 1590 2424 nono.
1616 2366 1697 2423 Pre-

421 2455 560 2516 sentibus
590 2461 708 2521 ibidem
739 2465 895 2529 discretis:
930 2473 1087 2532 Anthonio
1110 2480 1140 2531 et
1170 2474 1322 2547 Gregorio
1346 2473 1526 2548 presbiteris
1550 2473 1581 2530 in
1605 2471 1696 2530 dicta

421 2567 526 2620 monte
560 2562 715 2643 Grecensi,
746 2574 902 2650 altaristis,
924 2593 974 2636 ·ac
997 2579 1156 2654 Stephano
1186 2582 1324 2639 litterato
1348 2579 1466 2658 ibidem
1488 2581 1520 2636 in
1542 2579 1695 2637 testimo·

421 2682 510 2724 nrum
533 2673 696 2744 requisitis.

1008 2769 1131 2818 Mattheus
1149 2770 1257 2834 Georgii
1275 2769 1308 2818 de
1326 2767 1644 2833 Zenthgevvrghmotarius

524 2895 656 2961 Originalc
675 2901 702 2950 iu
721 2904 817 2957 charta.
836 2911 868 2958 In
887 2913 1001 2976 margine
1019 2913 1134 2962 inferiori
1152 2913 1305 2979 impressum
1315 2921 1354 2962 est
1373 2915 1496 2979 sigillum.
1517 2914 1548 2962 In
1568 2909 1695 2962 archivio

420 2981 466 3034 lib.
485 2999 540 3048 reg.
563 2986 632 3040 civit.
645 2993 754 3056 vzngrab.

1009 3231 1091 3298 355.

524 3375 605 3424 Anno
627 3387 702 3438 1490,
722 3389 747 3438 9.
767 3376 891 3440 Augusti.
909 3375 1059 3439 Zagrabiae.

424 3501 528 3560 Coram
546 3504 648 3578 legatis
670 3505 795 3562 ciuitates
816 3505 979 3574 Dorothea,
1002 3504 1100 3561 Blasii
1120 3504 1262 3563 institoris
1284 3511 1373 3562 morte
1395 3504 1524 3575 vriluata,
1546 3503 1691 3563 Martr'uo

490 3609 601 3667 Radlin
625 3611 740 3684 eiusque
759 3612 844 3685 patri
863 3618 949 3685 atquc
970 3629 1066 3668 cotum
1089 3609 1238 3668 heredibus
1260 3628 1364 3684 agrum
1386 3623 1435 3688 14,
1449 3609 1488 3684 fl.
1513 3609 1615 3670 vendit.

523 3753 586 3811 Nos
610 3753 771 3827 Georgius,
794 3755 879 3813 filius
902 3755 976 3827 Viti,
998 3753 1101 3831 judex,
1125 3757 1289 3839 Johannes,
1313 3755 1433 3827 Gallus,
1457 3753 1597 3825 Michael,
1622 3754 1689 3813 Ge-

416 3860 529 3932 orgius,
563 3860 671 3934 Lucas,
703 3859 864 3935 Georgius,
899 3859 1008 3920 Stansa
1038 3867 1068 3920 et
1097 3861 1287 3933 Valentinus,
1318 3860 1420 3938 jurati,
1451 3859 1617 3918 consiliarii
1653 3868 1687 3920 et

416 3965 553 4023 universi
569 3967 652 4023 cives
672 3967 805 4025 civitatis
820 3969 936 4026 montis
953 3967 1123 4026 Grecensis
1138 3967 1289 4026 Memorie
1305 3967 1559 4026 commendamus
1573 3969 1685 4026 tenore

416 4074 612 4146 presencium
646 4073 862 4147 significantes,
899 4075 1013 4148 quibus
1047 4075 1173 4149 expedit
1202 4075 1363 4145 universis,
1388 4072 1472 4148 quod
1495 4072 1629 4148 provida
1651 4079 1684 4132 et

416 4178 543 4236 honesta
577 4178 703 4237 domina
738 4181 896 4238 Dorothea
927 4185 1045 4253 vocata,
1079 4181 1188 4239 relicta
1222 4181 1360 4254 primum
1396 4178 1527 4238 condam
1563 4179 1684 4238 Mathie

416 4287 551 4357 sartoris
587 4285 663 4343 olim
696 4286 825 4344 senioris
856 4285 966 4362 judicis
998 4293 1027 4344 et
1062 4286 1197 4344 concivis
1228 4286 1334 4358 nostri,
1367 4291 1396 4343 et
1419 4285 1546 4342 demum
1569 4284 1681 4343 relicta

419 4389 550 4449 condam
574 4391 668 4450 Blasii
701 4393 858 4464 institoris,
893 4392 1037 4450 similiter
1056 4393 1149 4450 olim
1187 4392 1314 4450 senioris
1345 4389 1457 4466 judicis
1480 4396 1509 4448 et
1541 4390 1680 4450 concivis

414 4498 520 4570 nostri,
544 4497 582 4555 ad
614 4505 752 4556 nostram
784 4499 989 4572 personaliter
1018 4499 1144 4556 veniens
1167 4497 1367 4571 presenciam,
1398 4494 1536 4553 contessa
1569 4502 1616 4553 est
1646 4497 1680 4555 in

412 4605 495 4662 hunc
517 4604 654 4674 modum,
667 4612 702 4663 ut
725 4606 792 4679 ipsa
815 4605 970 4679 quandam
994 4607 1122 4664 totalem
1134 4612 1248 4663 terram
1272 4604 1441 4662 arrabilem
1463 4616 1550 4660 suam
1576 4599 1679 4674 Chyr-

413 4709 559 4784 lrwysche
582 4711 754 4784 vulgariter
784 4717 894 4770 vocato
918 4713 949 4770 in
971 4727 1083 4785 campo
1106 4719 1136 4770 et
1159 4711 1314 4769 territorio
1336 4715 1442 4767 nostro
1465 4723 1519 4766 seu
1543 4707 1679 4766 civitatis

413 4817 551 4892 predicte
580 4819 660 4876 inter
689 4825 787 4877 terras
817 4819 969 4877 atrabiles
1000 4833 1212 4878 successorum
1236 4815 1368 4875 condam
1392 4814 1501 4873 Berlek
1522 4812 1675 4886 Chaylryn

414 4929 524 4982 vocato
547 4925 587 4983 ab
611 4925 794 4984 occidentali
817 4932 905 4999 parte
928 4931 958 4983 et
980 4926 1063 4984 Petri
1088 4925 1224 4999 agricole
1247 4923 1419 4981 Bedelroich
1443 4920 1517 4978 dicti
1539 4925 1570 4978 et
1592 4925 1677 4978 terra

413 5032 540 5092 ecclesie
570 5037 674 5091 nostre
704 5033 893 5106 parochialis
925 5033 1007 5090 beati
1038 5033 1138 5091 Marci·
1165 5031 1362 5104 ewangeliste
1392 5030 1423 5088 in
1446 5026 1527 5084 dicta
1550 5026 1677 5085 civitate
