3932 5806
723 570 796 630 Duc.
819 583 890 646 203.
915 602 957 612 -
982 569 1037 626 An.
1060 565 1156 647 1458.

890 779 981 846 203.

402 925 483 974 Anno
504 925 578 990 1458,
599 925 622 978 8.
642 924 741 990 aprilis.
762 923 910 988 Zagrnbiae.

306 1055 397 1130 Vltus,
421 1061 607 1136 praepositus
639 1062 760 1136 caprioli
787 1059 916 1132 segrei,
944 1066 972 1116 et
1006 1059 1131 1116 Clemens
1154 1059 1305 1115 canonicus
1324 1065 1445 1131 propter
1466 1064 1561 1114 contu-

296 1168 411 1225 meliam
426 1168 560 1226 canonico
581 1167 693 1226 cuidam
716 1168 837 1234 tilulum,
853 1167 1000 1236 consono,
1014 1165 1202 1239 proventibus
1217 1162 1386 1237 etpraediis
1401 1162 1444 1219 ud
1456 1171 1563 1236 tempus

766 1273 907 1348 quoddam
924 1273 1094 1350 privantur.

324 1481 326 1485 ,
403 1418 493 1475 Anno
519 1417 638 1476 domini
661 1417 904 1490 MCCCCLVIII,
928 1417 1060 1474 sabbato
1084 1416 1229 1490 proximo
1245 1419 1317 1489 post
1339 1413 1452 1471 festum
1477 1428 1562 1470 resu-

297 1523 440 1580 rectionis
462 1523 600 1595 Domini,
623 1523 662 1582 ad
680 1539 790 1582 sonum
807 1523 933 1582 maioris
951 1538 1109 1598 campane,
1133 1537 1240 1580 omnes
1255 1521 1382 1580 domini
1404 1525 1561 1594 presentes

298 1628 514 1702 capitulariter
546 1631 731 1704 congregati,
762 1635 831 1688 ante
862 1645 1010 1704 magnam
1041 1630 1200 1688 choralem
1231 1630 1368 1700 missam,
1400 1627 1508 1686 multis
1530 1633 1560 1685 et

298 1734 431 1793 diversis
452 1737 541 1810 prius
564 1737 727 1811 premissis
746 1737 930 1796 tractatibus
946 1743 977 1796 et
998 1743 1120 1795 matura
1137 1737 1300 1810 prehabita
1323 1734 1559 1806 deliberacione,

298 1841 438 1900 unanimi
471 1847 545 1900 voto
575 1847 606 1900 et
629 1841 774 1902 concordi
803 1843 962 1902 voluntate
994 1844 1218 1914 concluserunt,
1250 1841 1334 1915 quod
1364 1841 1559 1899 venerabiles

298 1948 367 2019 viri,
391 1947 519 2021 domini,
544 1949 634 2006 Vitus
659 1949 834 2022 prepositus
857 1954 886 2007 et
899 1951 1046 2023 magister
1062 1949 1215 2021 Clemens,
1238 1947 1435 2005 concanonici
1455 1948 1561 2017 nostri,

298 2071 356 2129 per
376 2055 582 2113 reverendum
620 2056 651 2114 in
679 2056 803 2114 Christo
835 2061 964 2130 patrem,
997 2055 1159 2114 dominum
1193 2059 1334 2112 nostrum
1365 2066 1558 2126 generosum,

298 2161 461 2219 dominum
491 2162 674 2237 episcopum
703 2162 939 2234 waradiensem,
970 2180 1008 2220 ex
1038 2162 1192 2221 relacione
1225 2159 1417 2218 honorabilis
1441 2158 1559 2216 domini

298 2267 417 2325 Thome
440 2267 562 2342 Tompa
585 2270 694 2341 vocati,
717 2270 850 2326 consocii
871 2270 977 2340 nostri,
1001 2268 1160 2342 inculpati,
1181 2267 1323 2338 accusati,
1347 2264 1431 2339 quod
1463 2263 1557 2321 iidem

298 2372 430 2431 eundem
454 2377 597 2448 tempore
621 2389 674 2432 sue
691 2375 879 2448 captivitatis
899 2375 989 2432 certis
1006 2374 1223 2433 diffamatoriis
1246 2373 1298 2430 vel
1321 2371 1561 2430 exacerbatoriis

299 2480 410 2553 pocius
433 2481 539 2538 verbis
562 2481 698 2554 graviter
722 2481 922 2540 offendissent
946 2481 1030 2538 Bude
1061 2481 1178 2538 scilicet
1207 2481 1238 2538 in
1268 2484 1374 2537 nostra
1404 2479 1560 2551 legacione

298 2587 472 2658 existentes,
498 2587 539 2644 ob
563 2602 658 2660 quam
681 2587 780 2645 eciam
804 2588 906 2645 littere
930 2588 1141 2660 privilegiales
1173 2587 1302 2661 capituli
1332 2586 1455 2643 racione
1481 2583 1562 2641 deci·

298 2707 422 2750 marum
449 2693 528 2750 inter
552 2694 672 2750 liuram
697 2699 726 2750 et
750 2693 897 2750 Drasvam
922 2710 977 2767 per
1000 2693 1133 2751 eundem
1157 2693 1318 2751 dominum
1338 2690 1562 2749 waradiensern

301 2798 535 2873 quodammodo
558 2798 719 2874 prepedite
742 2798 844 2858 forent
865 2816 921 2856 nec
944 2799 983 2857 ad
1007 2815 1133 2875 presens
1157 2805 1226 2857 sunt
1257 2803 1408 2868 extracte;
1441 2797 1561 2870 primo:

300 2907 454 2964 consortio
479 2905 611 2964 fratrum
635 2906 862 2979 capitularium,
886 2906 1013 2964 demum
1037 2906 1153 2980 prediis
1176 2906 1414 2975 canonicalibus,
1433 2901 1558 2960 tandem

299 3013 443 3070 omnibus
467 3017 496 3069 et
520 3011 682 3084 quibusvis
705 3012 909 3086 proventibus
933 3011 1051 3070 tamdiu
1075 3019 1144 3070 sunt
1168 3013 1282 3086 privati
1305 3017 1335 3068 et
1358 3010 1471 3068 debent
1496 3009 1557 3081 pri·

300 3120 376 3189 vari,
398 3133 559 3190 quousque
582 3117 701 3174 litteras
723 3117 912 3191 placacionis
935 3118 975 3175 ad
999 3120 1067 3193 ipso
1091 3119 1217 3177 domino
1241 3117 1414 3176 varadiensi
1432 3115 1554 3188 optinu-

299 3225 378 3282 erint
409 3230 438 3281 et
468 3222 592 3281 easdem
622 3237 728 3281 coram
757 3224 847 3281 nobis
877 3224 1081 3297 produxerint
1105 3227 1156 3298 ita,
1181 3224 1264 3299 quod
1288 3224 1420 3282 eundem
1446 3237 1558 3294 cogno·

299 3331 437 3388 verimus
455 3345 512 3403 per
528 3330 632 3387 omnia
647 3329 814 3403 placatum.
843 3329 989 3403 Magister
1016 3337 1119 3389 autem
1144 3332 1288 3389 Clemens
1311 3330 1438 3400 tamdiu,
1463 3330 1561 3386 eciam

299 3441 369 3510 post
392 3432 550 3494 inventam
572 3451 590 3492 a
613 3435 740 3494 domino
764 3435 946 3495 waradiensi
971 3439 1117 3510 graciam,
1142 3439 1327 3512 privabitur,
1352 3451 1514 3511 quousque
1540 3449 1557 3491 a

299 3543 391 3600 nobis
413 3543 550 3615 graciam
574 3543 696 3600 racione
720 3543 943 3615 imperticionis
968 3545 1147 3616 Kralyouch
1172 3545 1318 3602 meruerit
1340 3544 1487 3617 optinere.
1514 3539 1561 3597 Ad

302 3665 362 3722 que
385 3651 536 3724 premissa
560 3650 754 3707 observanda
774 3665 880 3708 omnes
904 3653 1031 3727 propria
1055 3668 1147 3710 manu
1171 3651 1289 3710 domini
1313 3667 1345 3708 se
1367 3648 1563 3706 subscribent

299 3761 329 3812 et
352 3757 411 3813 sub
435 3757 594 3829 premissis
617 3757 705 3830 penis
728 3771 819 3813 nemo
843 3773 881 3814 ex
904 3758 1037 3816 dominis
1062 3774 1119 3832 pro
1141 3773 1173 3816 se
1196 3759 1325 3815 ulterius
1349 3771 1406 3830 pro
1430 3755 1562 3825 Kralyo-

299 3861 359 3919 uch
390 3869 418 3919 et
450 3863 513 3920 suis
544 3863 740 3936 pertinenciis
772 3863 936 3935 laborabit,
960 3881 1060 3938 neque
1082 3865 1175 3923 alicui
1206 3863 1379 3936 consilium,
1409 3861 1562 3920 auxilium

299 3969 350 4024 vel
375 3967 515 4026 favorem
540 3985 577 4025 ex
601 3969 690 4025 nobis
709 3969 760 4025 vel
786 3971 886 4027 alieno
912 3972 1072 4044 prestabit.

403 4069 536 4134 Johannes
560 4069 641 4118 lector
665 4076 690 4117 et
716 4086 770 4122 can.
796 4071 857 4121 eccl.
883 4072 1063 4135 zagrabiensis,
1084 4073 1186 4137 propria
1200 4087 1276 4120 manu
1295 4071 1434 4134 subscripsi
1453 4070 1485 4117 ad
1505 4083 1561 4131 pre-

299 4158 384 4208 missa.
404 4157 602 4206 Bartholomeus
629 4165 718 4206 cantor
736 4165 761 4206 et
781 4175 834 4210 can.
855 4176 887 4210 m.
908 4177 932 4224 p.
953 4177 971 4213 s.
998 4162 1119 4226 Mnthyas
1139 4163 1284 4226 prepositus
1307 4159 1463 4208 chasmensis
1483 4173 1515 4207 m.
1536 4171 1560 4219 p.

299 4248 357 4310 Ego
370 4249 469 4304 Petrus,
489 4246 683 4294 archidiaconus
702 4247 863 4296 dubiczensis
882 4265 915 4300 m.
935 4265 959 4313 p.
979 4250 1120 4315 subscripsi
1139 4251 1171 4299 ad
1183 4252 1307 4315 premissa
1319 4250 1485 4299 observanda.
1504 4250 1562 4310 Ego

299 4335 487 4398 sigismundus,
501 4335 696 4384 archidiaconus
716 4337 748 4384 de
762 4337 875 4386 Warosd
889 4354 922 4389 in.
937 4355 960 4403 p.
976 4355 995 4390 s.
1016 4341 1074 4402 Ego
1086 4342 1178 4388 Petrus
1192 4340 1386 4388 archidiaconus
1399 4340 1431 4386 de
1445 4336 1562 4386 Kemleir

300 4440 326 4488 p.
345 4439 378 4474 m.
398 4439 418 4472 s.
438 4425 495 4487 Ego
507 4424 648 4487 Johannes‚
668 4425 863 4474 archidiaconus
881 4427 913 4474 de
932 4428 1015 4476 Berin
1034 4445 1059 4492 p.
1079 4445 1111 4480 m.
1132 4445 1143 4476 s
1172 4431 1231 4492 Ego
1249 4427 1353 4486 Paulus,
1367 4425 1561 4476 archidiaconus

299 4513 331 4561 de
351 4512 453 4561 Waslra
471 4528 504 4564 m.
524 4529 548 4577 p.
577 4515 636 4576 Ego
661 4513 812 4562 Franciscus
837 4517 976 4564 canonicus
996 4533 1028 4568 m.
1049 4534 1073 4582 p.
1105 4519 1163 4580 Ego
1182 4517 1304 4566 Matheus
1323 4533 1377 4568 can.
1397 4531 1429 4568 m.
1450 4533 1466 4580 p
1504 4516 1561 4578 Ego

300 4601 431 4650 Fabianus
450 4615 504 4652 can.
524 4617 557 4652 m.
578 4617 602 4666 p.
622 4604 680 4664 Ego
700 4603 837 4652 Ladislaus
856 4611 942 4653 custos
961 4613 987 4653 et
1006 4622 1060 4657 can.
1078 4622 1110 4656 m.
1131 4623 1156 4671 p.
1175 4607 1334 4657 Vincencius
1353 4607 1443 4674 doctor
1462 4620 1516 4656 can.
1536 4611 1562 4654 et

301 4689 409 4737 vicarius
428 4688 536 4738 ecclesie
555 4690 735 4754 zagrabiensis.
762 4693 820 4754 Ego
838 4692 985 4757 Stephanus
1004 4694 1185 4743 Cherzthwecz
1210 4709 1264 4744 can.
1284 4695 1384 4758 aagrab.
1405 4710 1437 4744 m.
1459 4709 1483 4757 p.
1504 4694 1561 4756 Ego

298 4777 420 4842 Jacobus,
449 4778 546 4836 doctor,
575 4779 607 4827 de
633 4780 712 4828 Tiuer
730 4795 785 4830 can.
811 4781 873 4832 eccl.
892 4783 992 4844 zagrab.
1013 4798 1044 4830 m.
1065 4799 1090 4847 p.
1120 4784 1177 4845 Ego
1197 4783 1325 4831 Martinus
1343 4783 1376 4830 de
1394 4781 1561 4830 Martinowcz

300 4881 354 4916 can.
381 4866 442 4917 eccl.
468 4867 568 4930 zagrab.
595 4884 628 4919 m.
656 4884 681 4932 p.
712 4871 770 4932 Ego
795 4869 919 4918 Nicolaus
942 4870 1055 4918 Tolduer
1074 4887 1128 4923 can.
1149 4871 1209 4921 eccl.
1230 4872 1331 4934 nagrab.
1352 4871 1394 4918 hic
1421 4885 1461 4918 me
1481 4885 1513 4921 m.
1534 4887 1560 4934 p.

300 4955 448 5020 subscripsi.
478 4957 536 5019 Ego
555 4956 635 5021 Elyas
654 4957 796 5022 Saploncza
815 4973 870 5009 can.
890 4959 943 5006 eccl
978 4960 1078 5021 zagrab.
1098 4974 1131 5011 m.
1153 4975 1177 5024 p.
1198 4976 1217 5008 s.
1250 4962 1308 5022 Ego
1326 4958 1441 5007 Thomas
1462 4960 1562 5023 Tompa

299 5045 332 5092 de
351 5045 481 5094 Horzowa
500 5045 678 5110 strigoniensis
697 5053 723 5095 et
741 5047 913 5110 aagrabiensis
939 5048 1103 5098 ecclesiarum
1121 5065 1176 5098 can.
1196 5066 1229 5102 m.
1249 5066 1273 5115 p.
1300 5050 1359 5114 Ego
1384 5047 1511 5098 Albertus
1530 5048 1562 5096 de
