3930 5802
774 546 847 603 Doc.
871 555 937 621 157.
964 576 999 586 ·-
1028 545 1085 603 An.
1108 555 1196 621 1451.
1538 562 1598 615 215

445 765 486 831 (A
505 766 601 830 tergo).
626 761 725 834 Regni
747 759 911 819 Sclauonie
934 761 1023 819 bano.
1047 761 1107 820 Pro
1128 759 1239 837 judice,
1263 759 1372 836 juratis
1395 765 1425 818 et
1448 759 1601 818 universis

338 869 460 926 civibus
483 869 617 927 civitatis
640 867 755 925 montis
778 865 942 925 Greceucis
959 865 997 924 de
1012 867 1098 926 iuxta
1114 866 1300 940 Zagrabiam
1318 870 1424 923 contra
1441 865 1601 938 egregium

340 974 514 1048 Hennyngh
538 973 577 1032 de
599 973 800 1032 Zomzedwar
822 972 863 1030 ad
886 978 1011 1031 octavas
1034 972 1105 1032 festi
1121 973 1368 1047 Epiphaniarum
1385 970 1503 1030 domini
1517 987 1598 1029 nunc

338 1085 492 1154 venturas,
516 1081 547 1138 in
569 1081 676 1139 sedem
698 1080 939 1152 zagrabiensem,
963 1081 1155 1139 evocacionis
1177 1079 1299 1136 relacio.

445 1234 577 1299 Originale
597 1235 624 1284 in
641 1234 735 1285 charta.
755 1235 841 1298 Tergo
859 1235 1014 1300 impressum
1032 1242 1070 1284 est
1089 1234 1211 1298 sigilium.
1231 1235 1264 1282 In
1283 1233 1398 1283 archivio
1415 1233 1453 1282 lib
1480 1248 1533 1296 reg.
1553 1231 1602 1286 civ.

336 1323 518 1387 aagrabiensis.

780 1422 796 1449 0

931 1498 1005 1568 157.

441 1645 522 1695 Auno
543 1656 617 1710 1451,
639 1655 679 1704 19.
697 1643 766 1693 maii.
787 1643 935 1708 Zagrabiae.

343 1771 446 1830 Coram
481 1771 629 1830 Friderr'co
662 1770 737 1828 bano
766 1779 796 1829 et
826 1772 913 1846 regni
944 1771 1083 1830 nobilibus
1118 1772 1306 1830 communitas
1340 1771 1467 1829 civitatis
1499 1769 1602 1827 montis

344 1876 495 1937 Greeense's
509 1878 731 1936 intercessionem
745 1875 831 1954 facit
848 1877 985 1951 Hene'ngo
1008 1877 1041 1934 de
1063 1875 1163 1952 Sused,
1186 1879 1240 1952 qui
1251 1878 1320 1954 jam
1335 1876 1377 1935 bis
1392 1877 1602 1949 condemnatus,

644 2003 664 2041 a
687 1985 794 2042 civz'bus
815 1984 952 2043 tribuerem
970 1991 1027 2059 pro
1049 2001 1139 2044 merce
1154 1985 1284 2060 flagitat.

443 2127 507 2186 Nos
528 2127 704 2188 Fridericus
727 2128 776 2187 dei
798 2129 903 2202 gracia
926 2129 1012 2200 Cilic,
1036 2129 1252 2204 Ortemburge,
1283 2129 1474 2203 Zagorieque
1498 2143 1602 2188 comes

338 2238 395 2293 etc.
430 2249 547 2294 necnon
582 2235 671 2308 regni
704 2234 866 2294 Sclauonie
900 2235 1007 2294 banus.
1043 2237 1191 2294 Memorie
1225 2234 1490 2307 commendamus,
1515 2233 1601 2308 quod

337 2340 428 2400 nobis
451 2342 484 2399 in
505 2342 623 2399 octavis
646 2341 717 2400 festi
739 2341 824 2400 beati
847 2340 975 2414 Georgii
998 2342 1134 2400 martiris
1157 2357 1290 2402 unacum
1323 2342 1413 2414 regni
1442 2341 1602 2402 nobilibus

338 2461 399 2519 pro
426 2446 568 2506 faciendo
591 2445 787 2506 moderativo
809 2445 924 2523 judicio
948 2448 1144 2506 causancium
1167 2449 1199 2506 in
1221 2446 1293 2506 sede
1315 2453 1420 2506 nostra
1442 2443 1602 2522 judiciaria

337 2551 524 2624 sedentibus,
541 2552 693 2628 providus
715 2559 746 2612 et
768 2553 915 2612 honestus
933 2555 983 2612 vir
1000 2555 1147 2627 magister
1162 2554 1311 2626 Matheus,
1327 2555 1464 2613 notarius
1479 2557 1510 2612 et
1525 2553 1602 2612 civis

339 2659 473 2718 civitatis
495 2660 610 2718 montis
645 2659 807 2718 Grecensis
844 2659 883 2718 de
916 2658 1004 2736 juxta
1035 2661 1229 2734 Zagrabiam,
1262 2664 1449 2735 procurator
1483 2659 1602 2718 scilicet

335 2763 455 2840 judicis,
478 2763 654 2840 juratorum
677 2771 707 2826 et
730 2767 949 2826 universorum
972 2768 1089 2826 civium
1112 2784 1148 2825 ac
1170 2767 1346 2826 incolarum
1368 2766 1509 2862 predicte
1525 2766 1599 2824 civi-

336 2871 407 2929 tatis
431 2871 603 2944 legittimus
634 2873 667 2930 in
700 2887 755 2930 sua
778 2888 814 2931 ac
848 2874 1031 2932 eorumdem
1064 2871 1184 2949 judicis,
1219 2871 1392 2950 juratorum
1417 2878 1448 2932 et
1482 2872 1599 2930 civium

339 2992 376 3035 ac
398 2978 542 3050 aliorum,
567 2992 702 3051 quorum
724 2993 828 3053 supra,
852 2980 1000 3053 personis,
1024 2979 1064 3038 ad
1086 2986 1225 3038 nostram
1256 2980 1382 3038 veniens
1405 2980 1598 3053 presenciam

338 3099 396 3157 per
418 3083 549 3142 modurn
573 3085 808 3158 protestaciouis
843 3093 873 3144 et
907 3086 1132 3159 prohibicionis
1167 3086 1257 3145 nobis
1280 3085 1455 3158 significare
1480 3085 1601 3144 curavit

335 3191 368 3248 in
387 3191 468 3248 hunc
491 3189 641 3249 modum:
673 3191 757 3264 quod
781 3192 853 3250 licet
876 3193 956 3250 inter
978 3192 1062 3266 ipsos
1085 3189 1229 3268 jndicem,
1252 3189 1368 3266 juratos
1390 3207 1427 3250 ac
1448 3192 1532 3250 cives
1559 3192 1600 3249 ab

335 3310 396 3353 una
419 3301 450 3354 et
471 3297 552 3355 inter
574 3299 734 3369 egregium
757 3299 933 3371 Hennyngh
956 3297 994 3355 de
1018 3298 1208 3357 Zomzeduar
1230 3300 1271 3356 ab
1294 3299 1356 3356 alia
1376 3298 1527 3372 partibus,
1551 3312 1600 3354 ra·

337 3402 424 3460 cione
446 3403 636 3476 recepcionis
658 3405 884 3480 etsexaccionis
907 3419 961 3462 seu
983 3405 1151 3463 solucionis
1185 3403 1294 3462 tributi
1329 3403 1465 3478 quedam
1499 3403 1539 3462 lis
1570 3408 1600 3462 et

281 3567 285 3574 ,
336 3507 505 3582 questionis
528 3509 659 3567 materia
682 3511 714 3568 in
742 3509 815 3568 sede
847 3511 985 3569 crisiensi
1007 3512 1147 3586 primum
1170 3515 1201 3569 et
1235 3510 1359 3570 tandem
1394 3511 1445 3568 hic
1466 3510 1498 3568 in
1528 3509 1601 3571 sede

335 3618 441 3672 nostra
463 3615 695 3688 zagrabiensia
729 3624 814 3676 certo
850 3622 991 3691 tempore
1030 3626 1115 3676 mota
1154 3618 1289 3676 extiterit
1327 3621 1357 3675 et
1392 3616 1431 3676 de
1465 3617 1600 3690 presenti

297 3733 302 3742 ·
337 3725 517 3791 moventur;
540 3726 644 3780 tamen
667 3723 843 3796 Hennyngh
866 3740 922 3798 per
953 3723 1078 3782 easdem
1100 3724 1278 3782 crisiensem
1301 3729 1332 3782 et
1364 3723 1597 3795 zagrabiensem

337 3825 430 3884 sedes
454 3842 526 3884 cum
547 3829 701 3888 universis
724 3830 897 3888 tributariis
920 3835 950 3887 et
973 3829 1151 3888 hominibus
1173 3831 1245 3899 suis,
1281 3845 1338 3904 per
1368 3828 1493 3887 easdem
1516 3829 1601 3888 crisi·

336 3948 441 3991 ensem
476 3938 506 3992 et
540 3935 772 4008 zagrabiensem
807 3935 895 3994 sedes
930 3950 948 3993 a
979 3937 1139 4010 peticione,
1174 3937 1354 4010 recepcione
1385 3941 1415 3994 et
1438 3937 1601 3994 exaccione

335 4038 475 4098 eiusdem
498 4041 607 4099 tributi
631 4041 751 4100 tamdiu
775 4042 951 4116 prohibitus
965 4047 994 4100 et
1011 4046 1163 4101 arestatus
1179 4043 1294 4115 fuisset,
1312 4057 1474 4117 quousque
1491 4041 1600 4100 eadem

334 4146 398 4204 litis
421 4150 452 4204 et
474 4147 795 4219 questionismateria
816 4149 939 4206 racione
955 4147 1094 4206 eiusdem
1110 4149 1219 4207 tributi
1240 4150 1320 4208 inter
1342 4149 1426 4223 ipsos
1443 4147 1545 4206 decisa
1571 4154 1601 4206 et

335 4254 498 4310 terminata
521 4251 635 4312 fuisset.
658 4254 776 4314 Tamen
799 4257 865 4328 ipse
900 4255 1076 4328 Hennyngh
1100 4255 1237 4328 quadam
1272 4256 1445 4314 temeritate
1481 4253 1600 4326 ductus,

335 4359 488 4432 premissa
510 4358 565 4416 lite
587 4359 667 4418 inter
689 4359 774 4434 ipsos
797 4360 958 4434 pendente,
974 4361 1014 4418 ab
1030 4360 1148 4420 eisdem
1164 4362 1286 4420 civibus
1312 4361 1445 4420 civitatis
1462 4361 1600 4434 predicte

335 4464 432 4522 aede
456 4466 550 4522 rebus
583 4469 612 4523 et
635 4466 725 4524 bonis
757 4481 865 4524 eorum
900 4453 1017 4525 dictum
1056 4467 1210 4526 tributum
1243 4469 1431 4526 incessanter
1465 4446 1622 4538 exigier

335 4571 431 4645 recipi
455 4569 586 4646 fecisset,
610 4570 785 4646 seceretque
809 4573 906 4630 eciam
930 4573 968 4631 de
992 4574 1128 4648 presenti
1145 4573 1176 4630 in
1191 4573 1399 4647 preiudicium
1415 4571 1598 4632 eorumdem

336 4677 461 4749 civium,
483 4674 623 4752 J'urisque
647 4693 755 4735 eorum
779 4677 967 4751 derogamen
990 4679 1083 4737 valde
1107 4693 1264 4752 magnum.
1280 4679 1370 4739 Unde
1387 4679 1469 4736 sacta
1483 4679 1598 4737 ‘huius-

336 4782 423 4841 modi
446 4783 681 4856 protestacione,
705 4784 843 4858 prefatus
866 4786 1013 4858 magister
1036 4787 1176 4844 Matheus
1199 4787 1231 4844 in
1253 4799 1317 4858 sua,
1341 4791 1375 4844 ut
1398 4785 1599 4860 premittitur,

335 4899 365 4950 et
388 4893 532 4963 aliorum,
556 4905 692 4964 quornm
714 4907 809 4966 supra
833 4893 980 4965 personis,
1005 4896 1214 4950 memoratum
1237 4892 1412 4965 Hennyngh
1441 4907 1478 4950 ac
1508 4905 1600 4965 quos·

337 4999 418 5058 libet
440 4998 623 5057 tributarios
646 5001 676 5055 et
698 4997 847 5056 homines·
862 5011 934 5056 suos
957 5013 975 5055 a
998 4998 1158 5072 peticione,
1183 4997 1345 5056 exaccione
1367 5005 1397 5056 et
1419 4997 1600 5071 recepcione
