3948 5804
717 583 794 640 ·Doc.
818 579 870 641 86.
891 616 935 626 -
958 584 1013 642 An.
1037 597 1124 664 1435·
1488 603 1547 653 ,ιιι

287 777 534 872 evanginatiset
549 799 703 874 exemptis
717 799 749 857 in
765 799 956 858 territorium
972 801 1106 859 civitatis
1122 801 1261 876 predicte
1276 817 1377 876 prope
1391 800 1553 876 ecelesiam

285 913 389 972 sancte
413 899 620 978 „Margarethe
650 906 780 978 virginis
815 921 852 973 err
887 920 1035 964 consensu
1064 911 1095 966 et
1118 907 1279 968 voluntale
1302 909 1401 966 tocius
1424 907 1553 980 capituli

285 1011 430 1086 predicte
457 1011 589 1089 ecclesie
620 1011 827 1083 zagrabiensis
859 1012 1075 1085 potencialiter
1108 1013 1255 1072 irruendo
1285 1014 1317 1071 in
1340 1012 1553 1074 hortolome

284 1118 386 1188 iurati,
419 1117 479 1176 filil
514 1116 623 1188 Choni,
657 1115 775 1188 iudicis,
811 1117 842 1174 in
875 1117 1028 1176 suburbio
1064 1122 1093 1178 et
1116 1119 1273 1182 territorio
1298 1119 1396 1192 ipsius
1419 1119 1553 1180 civitatis

285 1224 401 1295 habito,
425 1223 515 1297 palos
538 1238 592 1280 seu
616 1221 709 1293 valla,
733 1222 831 1294 vulgo
854 1232 1010 1296 preatecze
1026 1222 1117 1296 dicta,
1133 1223 1349 1297 potencialiter
1364 1221 1553 1288 extrahendo

285 1330 316 1387 in
339 1330 444 1403 ipsum
466 1331 593 1388 hortum
617 1329 735 1402 potenti
758 1334 788 1386 et
811 1332 930 1386 armata
953 1343 1047 1386 manu
1068 1309 1225 1400 irruendo
1242 1327 1409 1403 quemdam
1426 1344 1552 1412 servum

242 1451 246 1457 ·
284 1451 375 1493 suum
399 1435 586 1508 Gregorium
609 1435 777 1508 Churman,
801 1435 1062 1508 prenominatum,
1086 1437 1145 1494 sub
1167 1427 1294 1494 nomine
1320 1434 1399 1494 furis
1415 1435 1552 1510 arripere

284 1547 313 1598 et
336 1556 446 1615 capere
469 1555 505 1600 ac
528 1541 657 1600 detineri
681 1541 762 1613 fecit,
785 1541 928 1614 potencia
952 1541 1117 1614 mediante,
1141 1543 1173 1600 in
1196 1541 1403 1615 preiudiciuru
1435 1547 1465 1602 et
1495 1558 1553 1616 op-

285 1649 475 1721 pressionem
490 1663 533 1724 ac
556 1649 763 1706 violacionem
785 1648 976 1720 libertatum,
1000 1649 1211 1722 territoriique
1235 1649 1369 1708 civitatis
1392 1654 1552 1722 prenotate

284 1753 377 1817 valde
400 1767 556 1828 magnum.
581 1754 646 1812 lite
670 1755 749 1812 inter
772 1753 947 1828 capitulum
970 1759 1000 1812 et
1024 1755 1107 1814 cives
1130 1753 1287 1830 predictos
1310 1753 1470 1827 pendente.

355 1855 359 1862 “
388 1861 476 1931 Item,
500 1860 632 1918 sabbato
655 1860 802 1933 proximo
818 1865 889 1933 post
905 1837 1020 1918 festum
1043 1861 1127 1918 beati
1141 1860 1292 1943 Jolrannis
1307 1861 1451 1934 baptiste,
1471 1875 1551 1920 anno

283 1966 427 2026 similiter
458 1967 490 2026 in
522 1967 667 2040 presenti,
702 1966 896 2024 honorabilis
930 1966 980 2026 vir
1002 1965 1148 2026 dommus
1169 1966 1305 2050 Jacobus
1329 1966 1368 2023 de
1400 1966 1552 2028 Zerdahel

283 2073 447 2132 canonicus
470 2073 599 2134 ecclesie
621 2073 840 2146 zagrabiensis,
861 2089 918 2153 per
940 2077 1040 2131 certos
1063 2073 1204 2130 homines
1227 2077 1257 2130 et
1280 2071 1452 2130 familiares
1479 2083 1551 2131 suos

283 2178 315 2236 in
338 2179 495 2258 territorio
518 2185 548 2238 et
571 2179 605 2238 in
627 2193 748 2254 campo·
763 2179 897 2238 civitatis
920 2178 1067 2253 predicte,
1091 2179 1290 2236 Franciscum
1320 2183 1457 2236 sutorem
1481 2189 1551 2236 eum

193 2329 195 2333 ,
282 2299 345 2346 uno
368 2287 521 2348 servitore
541 2299 595 2344 seu
618 2293 743 2358 pastore
765 2299 821 2344 suo
844 2300 942 2342 unum
964 2299 1082 2357 equum
1105 2289 1135 2344 et
1158 2285 1255 2342 boves
1278 2298 1350 2342 suos
1373 2289 1551 2358 pascentem

283 2407 322 2451 ex
344 2392 431 2462 scitu,
454 2407 603 2456 consensu
626 2395 656 2450 et
679 2392 839 2452 voluntate
861 2392 960 2450 tocius
984 2390 1114 2464 capituli
1148 2389 1281 2464 predicti
1316 2389 1482 2464 depredari
1515 2396 1547 2456 et

283 2497 457 2572 predictum
481 2513 596 2572 equum
618 2514 711 2562 suum
733 2498 831 2571 recipi
854 2503 883 2555 et
907 2497 1020 2555 abduci
1044 2511 1081 2554 ac
1097 2496 1143 2554 ab
1160 2497 1228 2571 ipso
1245 2501 1370 2570 pastore
1384 2511 1441 2554 suo
1457 2496 1550 2554 vesti,-

283 2610 388 2664 menta
410 2611 439 2667 et
461 2605 622 2676 cingulum
645 2620 716 2664 curn
739 2586 815 2678 pera
838 2609 868 2664 et
891 2603 1030 2677 pecuniis
1056 2601 1258 2676 depredative
1278 2603 1376 2676 recipi
1398 2609 1427 2660 et
1444 2617 1550 2676 aspar»
1649 2607 1655 2614 “

283 2711 341 2770 tari
364 2726 399 2768 ac
420 2710 535 2772 auferri
559 2711 630 2770 fecit
653 2695 795 2786 potencia
832 2710 996 2793 mediante,
1026 2708 1286 2783 inpreiudicium
1316 2714 1346 2766 et
1376 2707 1550 2782 dampnum

282 2832 318 2874 ac
341 2820 577 2891 oppressionem
606 2818 760 2876 libertatis
795 2818 930 2876 civitatis
966 2821 1129 2891 prenotate
1163 2821 1193 2872 et
1225 2815 1373 2873 territorii
1404 2813 1550 2872 eiusdem.

282 2923 348 2982 Lite
371 2930 475 2982 tamen
498 2926 578 2982 inter
601 2925 705 2998 ipsum
728 2924 902 2998 capitulum
925 2929 955 2982 et
977 2922 1132 2998 predictos
1156 2923 1239 2980 cives
1263 2921 1422 2996 pendente.

388 3080 577 3128 Documentum
605 3077 810 3127 transactionale.
845 3080 877 3127 In
904 3078 973 3130 arch.
1002 3094 1058 3129 ven.
1086 3077 1171 3141 Capit.
1199 3073 1300 3139 zagrab.
1328 3075 1382 3123 Act
1409 3089 1465 3138 cap.
1485 3075 1549 3123 Ant.

282 3167 343 3218 fasc.
366 3179 404 3219 ιο.
423 3183 462 3220 nr.
484 3167 523 3219 16.

885 3345 947 3412 86.

388 3485 467 3535 Anno
490 3497 564 3550 1435,
588 3493 626 3536 10.
646 3485 770 3549 Augusti.
791 3487 900 3534 Bruuae.

283 3611 485 3687 Segismundus
495 3613 675 3687 Hungun'uc
687 3622 734 3672 etc.
746 3593 809 3684 rex,
822 3613 964 3670 Mathaeo
980 3613 1011 3670 T
1006 3614 1117 3682 elaeae,
1133 3613 1307 3686 episcopatus
1319 3612 1437 3684 zcrgrab.
1447 3611 1549 3685 guber-

281 3721 388 3792 natori,
411 3721 526 3794 ariesque
539 3717 644 3796 fratri
662 3720 793 3790 mandat,
825 3725 860 3777 ut
880 3719 1036 3794 capitulum
1061 3719 1091 3774 r'rr
1107 3720 1241 3793 fructum
1264 3711 1412 3796 agrorum
1436 3736 1456 3773 a
1478 3735 1549 3774 com-

569 3827 708 3884 munitate
730 3827 855 3884 ct'vitatis
877 3827 906 3884 εἰ
925 3831 1083 3898 ereptorum
1105 3825 1247 3884 restituat.
1328 3829 1331 3836 ’

896 3963 1050 4014 Commissio
1069 3964 1173 4028 propria
1191 3963 1288 4011 domiui
1308 3963 1477 4027 imperatoris.

386 4073 603 4147 sigismundus
627 4074 676 4132 dei
692 4077 793 4148 gracia
814 4077 1028 4134 Romanorum
1040 4078 1218 4150 imperator,
1241 4090 1364 4147 semper
1392 4079 1548 4146 augustus,

281 4196 316 4239 ac
341 4182 506 4253 ilungarie‚
539 4181 692 4252 Bohemie‚
716 4182 885 4254 Dalmacic‚
917 4182 1044 4240 Croacie
1068 4191 1123 4240 etc.
1156 4197 1219 4239 rex.
1244 4181 1403 4238 Fidelibus
1434 4181 1549 4246 nostris

281 4287 447 4360 magnifico
471 4287 630 4344 Mathlroni
646 4287 684 4344 de
707 4288 853 4346 Talloucz
876 4290 961 4346 inter·
979 4295 1079 4346 cetera
1103 4287 1209 4345 comiti
1232 4285 1392 4344 kouinensi
1415 4291 1444 4344 et
1460 4300 1550 4358 cape-

282 4399 370 4451 taneo
392 4393 633 4451 nandoralbensi
657 4409 692 4450 ac
712 4395 913 4466 gubernatori
936 4396 1132 4468 episcopatus
1149 4392 1356 4465 zagrabiensis
1380 4398 1409 4449 et
1425 4392 1549 4464 egregio

280 4499 413 4558 Perlroni
443 4499 481 4557 de
505 4499 587 4557 dicta
610 4499 766 4570 Talloucz,
791 4500 879 4558 tratri
914 4499 1062 4572 eiusdem,
1088 4500 1221 4556 salutern
1256 4504 1286 4556 et
1320 4499 1465 4570 graciam.
1489 4497 1549 4554 Pro

235 4617 239 4625 ·
280 4611 369 4680 parte
393 4608 475 4664 etin
500 4621 632 4679 persona
663 4607 854 4664 honorabilis
886 4607 1014 4680 capituli
1045 4606 1172 4663 ecclesie
1203 4604 1411 4677 zagrabiensis
1441 4609 1546 4660 nostre

280 4713 445 4787 exponitur
469 4713 622 4770 maiestati
643 4713 734 4785 gravi
757 4728 826 4770 cum
852 4713 987 4785 quercla,
1012 4711 1170 4785 quomodo
1186 4710 1381 4785 temporibus
1407 4710 1549 4784 proxime

280 4820 435 4894 preteritis
459 4817 562 4894 judex,
588 4817 689 4894 jurati,
707 4819 861 4892 ceterique
885 4819 969 4876 cives
991 4825 1021 4876 et
1037 4819 1148 4893 populi
1164 4819 1297 4876 civitatis
1316 4823 1419 4874 nostre
1436 4816 1549 4873 montis

280 4925 441 4984 Grccensis
465 4925 502 4982 de
526 4924 678 4997 Zagrabia
702 4925 853 4998 quasdam
878 4931 975 4984 terras
991 4927 1126 4983 arabiles
1143 4932 1173 4982 et
1190 4925 1295 4983 senilia
1319 4923 1449 4998 predicti
1465 4922 1548 4995 capi-

280 5033 338 5090 tuli
361 5033 448 5105 Krog
470 5037 604 5104 vocatas,
636 5033 666 5092 in
699 5047 831 5105 quarum
868 5031 1006 5091 dominio
1037 5031 1121 5090 idem
1155 5031 1329 5106 capitulum
1359 5046 1378 5088 a
1407 5033 1548 5101 ternpore
