3930 5802
426 522 484 580 188
835 523 908 579 Doc.
932 536 1000 599 134·
1026 555 1065 564 -
1090 523 1147 580 An.
1172 535 1261 599 1441.

422 753 472 794 me
493 735 562 812 jure
583 737 755 795 nobilitatis
770 737 957 796 hereditario
979 739 1037 796 rite
1060 745 1090 797 et
1112 740 1264 812 legittime
1286 742 1509 812 concernentes,
1532 753 1602 796 cum
1618 753 1684 796 om·

420 843 512 901 nibus
535 859 642 900 earum
665 843 851 902 utilitatibus
871 849 903 902 et
924 846 1121 919 pertinenciis
1136 846 1308 920 quibusvis,
1331 845 1358 903 si
1381 844 1476 902 michi
1499 845 1530 902 in
1550 845 1684 918 presenti

419 948 600 1007 infirmitate
633 964 703 1008 mea
737 951 818 1008 mori
852 951 1024 1025 contigerit,
1052 953 1123 1024 lego
1146 957 1177 1010 et
1210 951 1335 1010 dimitto
1365 950 1510 1008 omnibus
1532 965 1586 1008 sex
1609 949 1683 1008 filiis

420 1055 498 1114 meis
520 1055 672 1128 equaliter
693 1054 761 1132 jure
790 1056 963 1115 nobilitatis
995 1063 1146 1132 perpetuo
1180 1055 1390 1133 possidendas.
1421 1056 1508 1128 Item,
1532 1055 1684 1129 quasdam

419 1161 627 1235 possessiones
650 1176 735 1219 meas
759 1161 835 1219 duas
858 1163 890 1220 in
913 1161 1021 1220 eadem
1044 1164 1198 1236 Prybych,
1232 1177 1332 1237 prope
1354 1163 1517 1220 ecclesiam
1550 1162 1682 1234 habitas,

420 1265 556 1338 Gomyla
589 1271 620 1325 et
653 1267 809 1326 Ztermecz
845 1274 978 1340 vocatas,
1012 1269 1039 1327 si
1069 1270 1165 1328 michi
1189 1270 1220 1328 in
1243 1269 1378 1343 presenti
1400 1267 1580 1326 infirmitate
1602 1267 1684 1326 mori

421 1373 590 1445 contigerit,
613 1373 685 1446 lego
707 1379 738 1432 et
760 1375 957 1434 recommitto
979 1381 1045 1433 tarn
1068 1375 1121 1434 diu
1145 1381 1248 1434 tenere
1271 1379 1301 1432 et
1324 1373 1482 1449 possidere
1511 1373 1615 1432 acuti
1644 1388 1683 1431 ex

419 1477 536 1536 eisdem
557 1493 718 1552 quousque
739 1481 800 1554 ipsi
821 1479 880 1539 filii
903 1482 964 1540 mei
986 1481 1111 1540 easdem
1141 1497 1160 1538 a
1190 1480 1316 1540 domina
1346 1479 1461 1538 Vrsula
1489 1493 1587 1537 uxore
1614 1492 1683 1536 mea

419 1583 571 1657 legittima
592 1600 651 1660 pro
666 1590 790 1644 centum
813 1586 936 1646 florenis
958 1589 1025 1646 auri
1045 1589 1085 1646 ab
1105 1586 1214 1646 eadem
1230 1586 1426 1658 redemerint,
1441 1584 1564 1659 quando
1579 1589 1683 1642 autem

418 1691 502 1764 ipsos
518 1697 642 1750 centum
656 1690 788 1750 ilorenos
811 1693 879 1751 auri
901 1695 962 1767 ipsi
984 1692 1044 1751 filii
1065 1695 1128 1752 mei
1146 1693 1285 1767 predicte
1301 1692 1427 1751 domine
1443 1691 1565 1764 Vrsule,
1590 1690 1684 1748 matri

419 1809 535 1868 eorum,
558 1797 697 1870 plenarie
720 1799 937 1871 persolverint,
961 1805 1032 1857 tunc
1055 1801 1160 1858 statim
1181 1799 1291 1858 eadem
1315 1798 1442 1856 domina
1466 1797 1581 1856 Vrsula
1602 1811 1682 1854 uxor

418 1917 496 1974 mea,
520 1907 620 1961 mater
641 1905 782 1976 ipsorum
806 1904 945 1963 filiorum
975 1921 1128 1976 meorum,
1161 1905 1278 1964 eisdem
1308 1904 1384 1962 filiis
1414 1905 1502 1975 meis,
1533 1903 1682 1962 rehabitis

418 2008 506 2082 prius
529 2007 619 2066 dictis
642 2015 766 2068 centum
788 2010 912 2070 florenis
934 2013 1012 2083 auri,
1029 2011 1185 2085 predictas
1201 2011 1278 2068 duas
1295 2011 1389 2068 villas
1404 2025 1457 2068 seu
1474 2009 1682 2084 possessiones

418 2129 503 2171 meas
525 2114 656 2173 reddere
678 2121 709 2173 et
731 2118 892 2175 restituere
914 2123 1077 2188 teneatur;
1100 2119 1225 2176 interim
1247 2122 1352 2175 autem
1375 2131 1536 2190 quousque
1558 2115 1682 2173 easdem

418 2219 495 2278 duas
518 2221 611 2278 villas
633 2237 687 2280 seu
711 2225 920 2296 possessiones
942 2239 1028 2282 meas
1050 2224 1091 2282 ab
1114 2224 1183 2297 ipsa
1206 2222 1333 2280 domina
1356 2222 1470 2280 Vrsula
1492 2236 1590 2280 uxore
1611 2235 1681 2279 mea

417 2326 477 2400 ipsi
501 2326 559 2384 filii
581 2329 643 2386 mei
666 2328 854 2388 redemerint
876 2345 935 2404 pro
958 2331 1035 2404 ipsis
1057 2333 1183 2387 centum
1206 2329 1328 2388 florenis
1344 2329 1421 2399 auri,
1437 2327 1555 2386 tamdiu
1572 2325 1681 2384 eadem

418 2431 544 2490 domina
566 2433 683 2492 Vrsula
705 2435 830 2494 easdem
854 2435 931 2494 duas
954 2436 1164 2510 possessiones
1180 2435 1317 2507 Gomyla
1333 2440 1363 2492 et
1378 2435 1533 2492 Ztermecr
1549 2437 1681 2503 vocatas,

417 2537 530 2596 debeat
552 2543 655 2598 tenere
678 2545 708 2599 et
730 2541 890 2616 possidere
913 2543 1015 2601 acuti
1040 2558 1078 2600 ex
1101 2541 1227 2615 eisdem,
1249 2545 1285 2601 ut
1304 2539 1471 2616 prefertur.
1501 2539 1588 2611 item,
1612 2553 1681 2612 pre-

418 2642 533 2700 dictam
556 2644 686 2704 domum
709 2662 813 2706 meam
836 2649 964 2708 civilem
986 2650 1018 2707 in
1048 2648 1188 2724 predicta
1220 2648 1345 2707 civitate
1374 2647 1488 2705 montis
1519 2644 1680 2704 Grecensis

416 2749 566 2822 habitam,
589 2767 639 2810 me
662 2752 845 2812 litteratorie
867 2755 1038 2828 emptionis
1059 2756 1151 2814 titulo
1174 2758 1417 2826 concernentem,
1441 2769 1513 2811 cum
1529 2750 1632 2810 fundis
1651 2755 1682 2808 et

416 2854 569 2914 hedificiis
592 2857 726 2932 aliisque
748 2861 865 2918 cunctis
888 2861 952 2920 suis
972 2861 1160 2920 utilitatibus
1183 2865 1213 2918 et
1235 2860 1433 2934 pertinenciis
1463 2857 1624 2928 universis,
1655 2857 1682 2914 si

418 2962 513 3019 michi
547 2964 580 3022 in
613 2967 748 3038 presenti
782 2967 963 3025 infirmitate
996 2984 1066 3026 mea
1098 2969 1180 3026 mori
1215 2967 1388 3040 contigerit,
1411 2965 1483 3039 lego
1505 2970 1535 3022 et
1558 2964 1681 3022 dimitto

416 3067 555 3140 predicte
585 3068 711 3130 domine
742 3073 856 3131 Vrsule
890 3075 981 3133 uxori
1015 3090 1084 3133 mee
1106 3080 1136 3132 et
1158 3074 1261 3146 Eleue,
1285 3073 1351 3130 filie
1374 3073 1519 3130 similiter
1541 3086 1618 3141 mee,
1642 3085 1681 3127 err

415 3172 485 3246 ipsa
507 3173 634 3234 domina
656 3177 771 3236 Vrsula
794 3185 824 3236 et
847 3195 885 3238 ex
907 3196 958 3240 me
989 3181 1150 3256 progenite
1170 3185 1321 3254 perpetuo
1344 3177 1571 3252 possidendam.
1594 3175 1680 3248 Item,

416 3279 444 3336 si
473 3279 569 3338 michi
600 3283 632 3340 in
664 3261 801 3360 presenti
830 3301 900 3344 mea
930 3286 1110 3344 infirmitate
1132 3286 1213 3343 mori
1235 3285 1406 3358 contigerit,
1429 3289 1541 3341 extunc
1563 3296 1680 3340 recom-

416 3384 507 3443 mitto
531 3387 704 3460 predictam
726 3406 857 3450 uxorem
881 3408 983 3450 meam
999 3408 1133 3450 unacum
1155 3391 1304 3467 predictis
1335 3390 1440 3464 pueris
1463 3394 1493 3447 et
1515 3387 1681 3462 possessio-

416 3491 509 3550 nibus
531 3493 608 3552 meis
630 3497 791 3556 nobilibus
814 3498 949 3570 tuicioni,
972 3499 1160 3574 proteccioni
1176 3505 1206 3556 et
1222 3497 1428 3556 defensacioni
1445 3493 1680 3568 magnificorum

416 3597 617 3658 dominorum
646 3600 795 3676 Stephani
825 3609 854 3662 et
884 3605 1009 3663 Martini
1038 3606 1189 3663 comitum
1222 3604 1342 3676 Wegle,
1366 3602 1601 3675 Modrussieque
1624 3603 1680 3659 etc.

415 3703 555 3764 filiorum
578 3707 709 3766 condam
732 3709 854 3768 Nicolai
876 3711 962 3784 groff
982 3711 1020 3769 de
1043 3712 1257 3784 Frangyapan,
1280 3725 1316 3767 ac
1339 3709 1455 3767 nobilis
1472 3707 1532 3765 viri
1547 3706 1679 3778 Martini,

414 3809 474 3869 filii
496 3811 628 3872 condam
651 3815 790 3874 Ladislai
812 3815 851 3874 de
873 3815 1021 3890 Gorycza,
1038 3817 1097 3875 filii
1112 3817 1229 3876 scilicet
1245 3817 1359 3875 sororis
1378 3831 1454 3886 mee,
1471 3829 1507 3872 ac
1522 3813 1677 3872 nobilium

415 3917 556 3976 virorum
579 3918 721 3978 filiorum
743 3921 875 3980 condam
898 3923 981 3980 Petri
1005 3921 1043 3980 de
1072 3923 1230 3995 Raironok,
1265 3922 1398 3980 fratrum
1432 3919 1551 3979 scilicet
1585 3919 1679 3976 uteri·

414 4037 528 4082 norum
551 4031 581 4084 et
603 4027 776 4085 camaliam
799 4028 939 4101 predicte
962 4031 1067 4088 uxoris
1098 4046 1175 4102 mee,
1208 4036 1242 4089 ut
1272 4029 1333 4104 ipsi
1364 4027 1500 4099 eosdem,
1533 4025 1679 4084 videlicet

414 4145 546 4190 uxorem
568 4137 598 4190 et
619 4148 733 4206 pueros
756 4148 842 4192 meos
865 4150 999 4193 unacum
1021 4135 1170 4210 predictis
1192 4135 1440 4210 possessionibus
1463 4147 1572 4191 eorum
1592 4130 1679 4190 nobi·

414 4237 498 4295 libus
521 4239 596 4312 ipsis
619 4241 723 4314 pueris
746 4241 823 4298 meis
846 4257 903 4316 per
925 4258 976 4300 me
999 4243 1118 4316 legatis,
1141 4248 1248 4301 contra
1271 4241 1430 4316 quoslibet
1460 4239 1676 4296 molestatores
1760 4257 1767 4271 ·

414 4349 444 4401 et
467 4345 687 4418 inquietatores
722 4363 833 4406 eorum
866 4347 998 4406 debeant
1032 4349 1120 4420 tueri,
1155 4354 1319 4424 protegere
1349 4352 1379 4405 et
1401 4345 1563 4404 defensare
1587 4357 1679 4434 causa

415 4449 465 4508 dei
487 4457 518 4508 et
551 4451 660 4510 salutis
689 4453 864 4511 animarum
897 4469 1005 4513 eorum
1040 4456 1082 4513 ob
1112 4459 1298 4529 respectum,
1320 4467 1382 4510 non
1404 4455 1526 4510 tantum
1548 4454 1678 4524 propter

415 4557 599 4630 peticionem
622 4574 734 4617 meam.
757 4561 835 4618 Item
858 4575 947 4619 arma
968 4576 1038 4619 mea
1062 4561 1174 4632 omnia,
1198 4575 1259 4634 que
1281 4559 1392 4630 habeo,
1415 4558 1441 4615 si
1471 4537 1567 4614 micbi
1597 4554 1677 4612 mori

414 4663 584 4737 contigerit,
615 4666 687 4737 lego
717 4665 786 4724 dari
818 4680 876 4740 pro
906 4667 1010 4725 anima
1041 4683 1110 4726 mea
1143 4667 1182 4725 ad
1207 4667 1379 4724 claustrum
1402 4664 1500 4722 sancti
1522 4661 1679 4720 Francisci

415 4768 607 4842 confessoris,
630 4771 782 4844 Zagrabie
805 4771 977 4841 fundatum,
1001 4773 1056 4832 ubi
1079 4773 1242 4831 committo
1265 4787 1379 4845 eorpus
1395 4785 1449 4828 seu
1465 4768 1558 4827 funus
1573 4782 1681 4826 meum

414 4889 465 4932 me
488 4876 639 4934 moriente
662 4877 819 4936 tumulari.
842 4877 919 4936 Item
943 4879 1002 4937 filii
1024 4895 1078 4938 seu
1104 4878 1233 4938 heredes
1263 4877 1395 4937 condam
1419 4874 1595 4946 Lowrandi,
1617 4873 1677 4931 filii

415 4980 542 5057 Gurgelr
564 4983 701 5042 Delosan
724 4988 864 5045 tenentur
887 4985 982 5046 michi
1005 4986 1153 5046 ducentos
1176 4985 1308 5044 llorenos
1330 4984 1406 5058 auri,
1430 4997 1508 5058 quos
1538 4979 1677 5056 prelatus
