3828 5822
361 546 427 618 350
780 507 853 586 Dor.
879 521 950 584 282.
978 557 1014 567 -
1039 523 1095 582 An.
1121 533 1208 602 1473.

362 745 506 821 proxime
529 743 723 819 preteritum,
747 756 821 816 erga
843 739 1001 816 prefatum
1032 741 1195 799 domiuum
1225 739 1409 813 episcopum
1440 737 1629 809 accedentes,

362 853 529 927 ipsumque
560 847 693 907 Chasme
724 847 931 923 personaliter
959 855 1119 920 repertum
1150 846 1191 903 ab
1220 845 1361 904 ulteriori
1392 844 1570 904 detencione
1603 847 1634 902 et

362 957 600 1016 conservacione
623 953 776 1014 dictarum
800 953 1031 1029 possessionum
1053 958 1084 1010 et
1106 951 1184 1010 vadi·
1211 952 1393 1025 Kyralrewe
1414 951 1556 1026 ipsorum
1579 965 1632 1008 ex-

363 1063 558 1138 ponencium,
580 1076 764 1134 usuumque,
787 1059 945 1120 fructuum
968 1064 998 1116 et
1021 1058 1234 1132 quarumlibet
1256 1058 1427 1116 utilitatum
1450 1055 1632 1115 earumdem

362 1175 393 1228 et
415 1167 554 1227 eiusdem
577 1167 779 1242 percepcione
802 1170 832 1224 et
851 1163 1118 1239 percipifaccione,
1141 1180 1173 1222 se
1197 1165 1362 1238 ipsumque
1392 1163 1425 1222 in
1457 1162 1631 1220 dominium

363 1273 546 1332 earumdem
568 1280 598 1331 et
619 1271 757 1330 eiusdem
780 1271 1009 1332 intromissione
1033 1277 1063 1328 et
1085 1267 1317 1328 statuifaccione
1333 1285 1368 1328 ac
1384 1270 1446 1328 sibi
1463 1267 1526 1343 ipsi
1541 1253 1630 1325 usur·

364 1381 500 1455 pacione,
523 1379 783 1454 appropriacione
806 1381 837 1436 et
866 1377 1107 1452 perpetuacione
1139 1375 1251 1450 quovis
1281 1375 1402 1449 quesito
1433 1375 1539 1433 colore
1568 1377 1634 1430 tam

365 1485 454 1545 factis
477 1485 529 1544 vel
552 1485 662 1544 fiendis
685 1485 810 1558 publice
833 1489 863 1542 et
891 1483 1053 1542 manifeste
1075 1482 1313 1557 prohibuissent
1335 1487 1366 1540 et
1395 1479 1633 1540 interdixissent.

364 1593 481 1650 Datum
503 1591 656 1665 Zagrabie
678 1589 820 1666 predicto
843 1590 938 1648 tercio
962 1588 1014 1648 die
1036 1588 1098 1648 diei
1120 1587 1322 1648 amonicionis
1341 1591 1510 1662 prenotate.
1541 1586 1633 1644 Anno

364 1697 482 1757 domini
506 1699 676 1756 millesimo
700 1696 1005 1772 quadringentesimo
1028 1695 1257 1769 septuagesimo
1280 1693 1422 1753 secundo.

468 1833 602 1898 Originnle
619 1835 648 1883 in
666 1833 761 1886 charta.
780 1834 809 1882 A
828 1839 900 1897 tergo
918 1831 1028 1896 vestigia
1046 1832 1160 1896 quinque
1178 1831 1331 1896 sigillorum.
1351 1833 1383 1881 In
1401 1831 1497 1881 archiv.
1516 1829 1562 1882 lib.
1574 1845 1628 1894 reg.

364 1923 413 1977 civ.
432 1923 533 1989 zagrab.

956 2099 1042 2166 282.

470 2243 550 2293 Anno
572 2252 647 2305 1473,
667 2252 707 2292 22.
725 2240 846 2306 januarii.
865 2241 1014 2306 zagrabiae.

371 2350 474 2410 Coram
496 2351 671 2425 magistram
692 2351 768 2410 eiad.
790 2351 893 2409 montis
922 2349 1081 2420 Grecensis,
1097 2349 1250 2408 Maritirus
1270 2351 1414 2408 litteratus
1428 2351 1534 2408 trenam
1548 2369 1632 2408 suam

365 2449 520 2514 muratam,
540 2437 710 2514 fundosque
739 2438 901 2500 adtbcmer
930 2440 1104 2497 monasterti)
1134 2439 1351 2498 fflrnnitarum
1373 2439 1408 2496 dc
1432 2443 1631 2514 promontorio

815 2528 933 2602 zagrab.
957 2523 1011 2587 28.
1024 2527 1062 2604 st.
1078 2527 1180 2586 vendit

478 2654 541 2712 Nos
564 2655 756 2724 Valentinus,
772 2654 857 2712 filius
880 2654 1048 2725 Michaelis,
1072 2652 1177 2730 judex,
1197 2653 1388 2724 Dominicis,
1404 2653 1546 2724 Michaei,
1569 2655 1632 2713 An·

365 2761 497 2832 thonius,
521 2760 698 2836 Gregorius,
722 2761 886 2844 Johannes,
910 2759 1092 2834 Stephanus,
1117 2761 1240 2818 Marcus
1271 2765 1301 2820 et
1324 2759 1508 2818 Valentinus
1527 2758 1631 2836 jurati,

366 2866 534 2924 consiliarii
556 2881 592 2924 ac
614 2866 751 2924 universi
783 2866 866 2924 cives
888 2866 1022 2924 civitatis
1045 2866 1160 2923 montis
1184 2865 1353 2924 Grecensis.
1374 2865 1524 2926 Memoria
1547 2881 1630 2925 com·

365 2971 548 3031 mendamus
579 2979 684 3030 tenore
713 2973 910 3046 presencium
940 2971 1148 3045 significantes
1180 2972 1294 3045 quibus
1318 2971 1443 3047 expedit
1466 2972 1628 3042 universis,

366 3077 450 3152 quod
473 3079 522 3136 vir
545 3077 695 3152 providus
718 3083 748 3136 et
771 3079 1013 3152 circumspectus
1027 3077 1176 3136 Martinus
1198 3078 1361 3149 litteratus,
1377 3077 1461 3137 filius
1485 3077 1631 3151 Gregorii

365 3183 403 3242 de
426 3183 565 3242 Beratecz
589 3191 619 3242 et
642 3183 680 3241 de
711 3184 859 3256 Dobrine,
889 3183 1024 3241 concivis
1052 3191 1165 3255 noster,
1188 3183 1227 3240 ad
1251 3191 1391 3242 nostram
1425 3185 1630 3260 personaliter

364 3289 517 3348 veniendo
540 3291 741 3365 presenciam,
764 3287 920 3347 confessus
943 3295 990 3346 est
1012 3289 1043 3347 in
1063 3289 1145 3347 hune
1168 3289 1313 3348 modum:
1330 3297 1364 3348 ut
1380 3289 1447 3364 ipse
1471 3290 1628 3364 quandam

366 3397 479 3454 turrim
509 3410 599 3454 suam
633 3401 789 3454 muratam
819 3396 914 3453 simul
945 3411 1017 3454 cum
1041 3394 1138 3454 fundo
1170 3395 1272 3454 eidem
1303 3397 1382 3455 turri
1415 3401 1536 3455 murata
1558 3405 1629 3455 ante

366 3500 559 3578 adjacentem
581 3518 617 3562 ac
649 3501 789 3574 edificiis,
814 3508 877 3559 tam
909 3501 1026 3574 lapidei
1053 3517 1147 3575 quam
1171 3501 1266 3576 lignei
1289 3503 1393 3576 operis
1415 3502 1493 3561 inibi
1516 3503 1631 3562 habitis

367 3615 396 3667 et
412 3609 604 3681 constructis,
627 3609 660 3666 in
681 3608 762 3666 dicta
778 3608 902 3665 civitate
919 3623 1012 3681 penes
1029 3623 1154 3665 murum
1178 3607 1316 3666 eiusdem
1341 3609 1474 3667 civitatis
1497 3609 1538 3667 ab
1561 3625 1632 3680 una,

365 3714 511 3773 videlicet
542 3713 724 3773 occidentali
757 3721 844 3786 parte
876 3689 1058 3771 existentem
1090 3721 1120 3771 et
1149 3714 1300 3786 habitam,
1332 3715 1467 3774 mediam
1501 3715 1531 3774 in
1565 3723 1631 3774 toto

365 3821 484 3878 curiam
507 3820 547 3878 ad
571 3835 661 3878 usum
694 3819 775 3878 dicte
806 3820 940 3878 civitatis
970 3821 1002 3877 in
1034 3833 1067 3877 se
1097 3819 1128 3877 in
1163 3827 1228 3878 toto
1252 3821 1456 3880 continentem
1480 3827 1510 3879 et
1532 3837 1631 3895 usque

365 3927 451 3984 viam
474 3941 673 3985 communem
703 3941 720 3983 a
744 3933 833 4000 parte
864 3926 1007 3984 orientali
1039 3942 1072 3984 se
1095 3924 1339 4000 protendentem.
1363 3927 1450 3999 item,
1473 3928 1630 4000 quendam

365 4033 464 4091 alium
487 4033 619 4090 fundum
631 4048 734 4102 suum,
754 4049 837 4090 nunc
858 4047 992 4090 vacuum
1016 4037 1046 4090 et
1069 4031 1199 4091 edificiis
1224 4031 1416 4105 destitutum,
1432 4034 1464 4092 in
1486 4033 1569 4092 dicta
1587 4035 1628 4093 ci·

366 4140 461 4197 vitate
484 4155 519 4197 ae
541 4139 622 4197 intra
646 4137 778 4197 fundum
802 4139 940 4213 predicte
963 4138 1057 4196 turris
1080 4153 1097 4196 a
1122 4143 1210 4212 parte
1233 4139 1480 4212 septemtrionali
1503 4147 1533 4199 et
1549 4141 1628 4199 inter

365 4243 503 4312 domum,
528 4243 659 4304 fundum
689 4262 724 4303 ac
754 4245 898 4304 hedificia
930 4245 1135 4320 providarum
1168 4245 1337 4304 mulierum
1369 4253 1445 4321 puta
1469 4247 1628 4306 Eliaabeth

367 4351 484 4422 relicte,
501 4367 537 4408 ac
561 4352 697 4425 Agnetis,
720 4351 785 4410 filie
813 4351 945 4409 condam
962 4351 1021 4408 viri
1045 4351 1169 4425 providi
1186 4352 1300 4410 Mathie
1322 4351 1466 4425 agricole,
1494 4353 1630 4412 Frailich

367 4457 449 4528 dicti,
482 4458 558 4515 olim
589 4458 726 4516 concivis
755 4457 861 4527 nostri,
893 4458 1038 4516 similiter
1069 4457 1245 4516 concivium
1276 4464 1454 4516 nostrarum
1492 4473 1510 4517 a
1541 4466 1628 4534 parte

367 4563 564 4622 meridionali
586 4563 730 4623 habitum
753 4571 783 4622 et
807 4565 998 4632 existentem,
1023 4563 1158 4637 desuper
1178 4579 1196 4622 a
1220 4563 1359 4639 predicta
1383 4565 1433 4622 via
1455 4579 1509 4623 seu
1525 4565 1629 4639 platea

365 4671 524 4729 communi
546 4672 587 4728 ab
608 4671 677 4745 ipsa
699 4672 816 4730 oriente
839 4671 947 4729 habita
969 4677 1000 4729 et
1022 4687 1120 4746 usque
1144 4669 1303 4754 quandam
1319 4672 1405 4729 viam
1428 4685 1627 4729 communem

365 4790 424 4850 pro
447 4776 574 4835 introitu
598 4782 628 4835 et
650 4779 734 4837 exitu
757 4777 795 4836 ad
819 4778 923 4852 ipsam
939 4777 1051 4836 turrim
1074 4777 1235 4836 dimissam
1258 4785 1288 4835 et
1304 4779 1400 4836 eciam
1417 4791 1517 4852 usque
1532 4791 1628 4853 quan·

366 4881 439 4940 dam
464 4883 547 4941 viam
570 4899 768 4942 communem
792 4900 885 4958 penes
917 4883 1045 4943 eandem
1076 4885 1189 4942 turrim
1211 4883 1374 4942 ameridie
1404 4885 1444 4944 ad
1473 4883 1628 4958 quendam

366 4989 499 5062 gradum
532 4989 650 5048 ibidem
685 5005 779 5066 penes
810 4993 911 5067 ipsam
942 4991 1053 5049 turrim
1084 4991 1124 5048 ad
1153 5007 1280 5049 murum
1312 5007 1366 5050 seu
1389 4993 1511 5052 moenia
1533 4993 1630 5068 ipsius
