3930 5802
1501 519 1558 570 107

300 717 453 776 clericalis
477 717 617 787 includit,
642 733 674 774 se
697 733 822 776 murum
847 716 1032 777 detensionis
1055 723 1210 792 apponat;
1247 733 1320 776 sane
1354 717 1444 774 nobis
1468 715 1561 775 hodie

298 839 354 897 per
378 823 463 896 ipsos
486 823 681 881 uenerabiles
704 824 797 894 viros,
833 823 975 881 dominos
1010 823 1121 882 fratres
1158 829 1281 882 nostros
1315 805 1573 893 amantissimos,

297 929 460 988 uidelicet:
482 929 685 1002 prepositum,
711 929 868 1000 lectorem,
892 936 1058 1002 cantorem,
1082 929 1333 1002 archidyaconos,
1358 927 1515 987 custodem
1532 934 1562 988 et

297 1035 437 1107 singulos
472 1050 507 1092 ac
541 1035 702 1092 uniuersos
737 1036 898 1093 canonicos
930 1035 1010 1094 dicte
1052 1036 1180 1094 ecclesie
1214 1041 1317 1094 nostre
1355 1034 1562 1108 zagrabiensis

298 1140 459 1198 humiliter
482 1145 512 1198 et
536 1139 647 1198 devote
670 1141 819 1214 exposito,
844 1139 929 1214 quod
952 1156 1024 1198 cum
1043 1142 1103 1215 ipsi
1134 1142 1341 1200 communiter
1370 1146 1400 1198 et
1433 1139 1559 1196 divisim

297 1251 389 1318 prout
421 1246 562 1319 ipsorum
585 1245 818 1318 predecessores
841 1261 966 1320 semper
988 1261 1005 1305 a
1029 1246 1212 1306 fundacione
1235 1249 1378 1321 primeva
1409 1245 1489 1304 dicte
1514 1261 1561 1302 ec·

298 1351 390 1410 clesie
412 1358 520 1410 nostre
550 1353 757 1426 zagrabiensis
780 1353 969 1424 habuissent,
993 1357 1086 1427 prout
1109 1351 1202 1411 hodie
1234 1353 1392 1424 haberent,
1417 1351 1455 1410 de
1478 1350 1560 1422 stilo,

296 1473 393 1531 more,
417 1457 636 1516 consuetudine
671 1464 702 1517 et
735 1459 938 1517 observancia
974 1458 1027 1516 diu
1065 1464 1095 1516 et
1128 1459 1281 1532 legittime
1314 1459 1496 1533 prescriptis
1525 1471 1561 1514 ac

296 1563 374 1622 alias
397 1563 557 1638 hucusque
579 1565 803 1624 inuiolabiliter
826 1571 857 1622 et
890 1565 1069 1623 inconcusse
1102 1581 1159 1639 per
1193 1565 1350 1638 quoslibet
1373 1562 1560 1622 reverendos

299 1675 403 1744 patres
426 1669 589 1744 episcopos
611 1671 835 1744 zagrabienses,
860 1671 995 1744 prelatos
1017 1671 1168 1744 ipsorum,
1184 1675 1306 1729 nostros
1330 1669 1476 1728 uidelicet
1492 1685 1561 1744 pre·

297 1775 480 1846 decessores,
503 1777 602 1834 eciam
635 1791 653 1834 a
676 1781 761 1836 tanto
791 1781 933 1852 ternpore
955 1778 1041 1834 cuius
1065 1777 1211 1835 contrarii
1233 1793 1288 1835 seu
1310 1777 1393 1836 inicii
1409 1775 1561 1835 memoria

298 1883 461 1965 hominum
484 1897 545 1940 non
569 1883 720 1954 existeret,
744 1884 917 1941 obseruatis
940 1883 1025 1940 ultra
1060 1897 1103 1954 ea,
1139 1899 1200 1956 que
1235 1884 1311 1957 ipsis
1345 1887 1375 1940 et
1397 1883 1467 1942 aliis
1491 1882 1558 1955 qui·

297 1989 406 2046 busuis
429 1989 572 2062 personis
607 1989 820 2047 ecclesiasticis
843 2004 861 2046 a
883 1987 950 2064 jure
973 1990 1131 2046 communi
1153 1989 1253 2048 forent
1286 1988 1407 2048 indulta
1430 1988 1469 2046 de
1493 1987 1559 2061 qui·

298 2094 437 2154 buslibet
472 2095 561 2152 bonis
597 2095 740 2168 ipsorum
776 2109 813 2152 ac
845 2095 939 2152 rebus
972 2096 1146 2154 mobilibus
1180 2103 1209 2153 et
1243 2095 1469 2167 immobilibus,
1491 2099 1557 2152 tam

299 2197 445 2258 uidelicet
468 2198 506 2257 de
529 2199 670 2274 ipsorum
686 2199 843 2258 beneficiis
859 2201 1046 2273 huiusmodi,
1062 2217 1157 2276 quam
1173 2202 1237 2260 alio
1251 2217 1448 2275 quocumque
1465 2199 1560 2258 modo

298 2311 328 2363 et
351 2305 566 2390 undecumque
590 2307 756 2380 acquisitis,
780 2306 906 2382 plenam
929 2313 959 2365 et
982 2307 1196 2366 omnimodam
1219 2306 1360 2378 testandi,
1384 2305 1507 2380 legandi
1530 2312 1560 2363 et

300 2411 332 2469 in
353 2410 466 2469 ultimo
489 2417 563 2470 uoto
587 2413 636 2470 sui
659 2414 836 2471 testamenti
870 2429 905 2470 ac
940 2417 1159 2472 testamentum
1193 2412 1303 2485 facere,
1338 2413 1461 2487 quibua,
1484 2426 1560 2486 quo·

298 2516 393 2574 modo
416 2521 446 2575 et
469 2518 652 2591 cuicumque
675 2564 681 2577 .
706 2563 713 2576 .
737 2518 855 2576 uellent
878 2517 1063 2594 disponendi
1086 2524 1270 2594 potestatem
1302 2534 1359 2594 pro
1392 2534 1446 2576 sue
1467 2517 1559 2576 libito

295 2623 475 2694 uoluntatis,
510 2623 594 2681 etin
628 2624 726 2698 ipsius
753 2627 982 2682 testamentarie
1017 2624 1233 2700 disposicionis
1262 2641 1316 2682 seu
1353 2623 1559 2683 ordinacionis

300 2727 429 2786 fuissent
452 2735 482 2786 et
505 2735 605 2788 essent
628 2730 690 2803 ipsi
712 2737 742 2787 et
764 2745 872 2787 eorum
896 2730 1129 2804 predecessores
1150 2727 1226 2805 juris
1249 2731 1443 2805 possessione
1475 2730 1560 2804 paci-

294 2835 362 2906 fica,
386 2835 464 2892 reali
487 2839 517 2893 et
540 2837 643 2908 quieta
667 2837 718 2894 vel
741 2838 837 2910 quasi.
861 2836 1092 2910 Quamquidem
1109 2836 1337 2895 consuetudinis
1360 2842 1390 2894 et
1406 2837 1559 2911 prescrip·

296 2941 392 2999 cionis
415 2941 517 3014 legem
540 2943 606 2999 siue
630 2943 865 3000 observanciam
888 2943 1098 3016 plurimorum
1128 2957 1307 3001 nostrorum
1340 2939 1560 3017 predessorum

294 3046 515 3120 predictorum,
538 3048 696 3119 signanter
719 3049 798 3105 bone
821 3049 970 3106 memorie
986 3047 1184 3106 dominorum
1201 3047 1383 3119 Eberhardi,
1401 3047 1559 3130 JohanniS,

294 3153 392 3224 Pauli,
416 3152 565 3225 Stephani
587 3161 618 3210 et
640 3155 789 3212 Anthonii
809 3155 1030 3227 episcoporum
1060 3155 1126 3212 siue
1158 3155 1321 3228 presulum
1355 3153 1487 3210 condam
1510 3168 1559 3210 za·

296 3257 516 3330 grabiensium,
539 3259 716 3317 litterarum
738 3260 923 3318 testimoniis
957 3258 1074 3317 ibidem
1108 3261 1301 3333 specietenus
1337 3273 1444 3316 coram
1467 3259 1557 3316 nohis

293 3365 503 3422 exhibitarum
526 3365 745 3438 approbabant
768 3365 834 3423 iorc
859 3365 1083 3436 confirmatam,
1107 3367 1319 3439 supplicantes
1342 3366 1431 3424 nobis
1455 3365 1557 3423 humi·

295 3471 366 3528 liter
389 3479 418 3526 et
442 3469 553 3527 devote
578 3478 727 3544 quatenus
750 3486 806 3529 nos
830 3473 928 3529 eciam
964 3473 1143 3530 huiusmodi
1177 3474 1317 3546 ipsorum
1352 3473 1559 3546 peticionibus

291 3577 496 3650 paternaliter
518 3577 665 3648 inclinati,
689 3577 761 3650 quia
785 3578 987 3652 exipsorum
1011 3578 1266 3652 predecessorum
1297 3585 1476 3636 nostrorum
1507 3579 1558 3636 lit·

292 3687 429 3740 terarum
452 3684 621 3755 tenoribus,
646 3699 724 3756 quos
748 3685 797 3742 hic
821 3700 880 3758 pro
903 3684 1091 3742 sufficienter
1114 3685 1268 3756 expressis
1297 3690 1329 3768 *et
1362 3684 1559 3759 presentibus

291 3805 350 3862 pro
372 3789 496 3846 insertis
519 3790 635 3846 habere
659 3790 805 3872 uolumus
828 3797 857 3848 et
892 3792 1053 3860 habemus,
1076 3791 1190 3863 quibus
1213 3791 1311 3847 eciam
1334 3791 1452 3864 absque
1474 3791 1559 3847 exhi-

292 3896 413 3952 bicione
436 3896 576 3968 ipsarum
592 3896 731 3968 priarum
748 3896 931 3966 litterarum,
945 3896 983 3954 de
999 3897 1113 3969 quibus
1129 3911 1223 3970 supra
1241 3895 1276 3953 fit
1293 3897 1423 3968 mencio,
1434 3911 1559 3970 semper

292 4008 322 4058 et
345 4002 461 4074 ubique
485 4000 580 4058 tidem
612 4001 754 4059 adhiberi
778 4002 925 4058 volumus
949 4010 978 4059 et
1001 4002 1206 4072 declaramus,
1230 4003 1440 4074 comperimus
1475 4001 1558 4060 clare

292 4107 406 4164 dictam
435 4107 690 4164 consuetudinem
713 4107 846 4165 testandi
869 4107 935 4166 tore
959 4108 1052 4166 tuisse
1077 4115 1106 4165 et
1129 4124 1195 4165 esse
1211 4108 1252 4164 ab
1270 4109 1398 4180 antiquo
1414 4107 1452 4165 de
1475 4108 1558 4179 stilo,

291 4230 378 4270 more
412 4219 442 4270 et
476 4213 677 4270 observancia
711 4213 849 4270 eiusdem
884 4221 986 4272 nostre
1020 4216 1227 4288 zagrabiensis
1263 4215 1389 4272 ecclesie
1426 4215 1469 4272 ita
1501 4231 1559 4288 per

291 4319 395 4376 omnia
418 4325 534 4376 tentam
557 4325 587 4376 et
610 4320 809 4376 observatam
823 4335 859 4376 ac
884 4316 979 4377 modo
1003 4321 1168 4394 prehabito
1184 4321 1336 4393 legittime
1353 4321 1558 4393 prescriptam

291 4431 321 4481 et
344 4440 400 4497 per
423 4423 574 4482 antelatos
609 4423 842 4498 predecessores
865 4431 986 4483 nostros
1008 4426 1234 4498 confirmatam,
1258 4428 1423 4499 omniaque
1445 4427 1506 4484 alia
1529 4431 1559 4483 et

291 4530 414 4602 singula
437 4531 576 4604 ipsorum
607 4536 730 4588 narrata
762 4531 892 4588 ueritate
927 4531 1038 4590 fulciri.
1062 4532 1134 4590 ldeo
1169 4547 1224 4590 nos
1248 4549 1286 4590 err
1322 4539 1405 4590 certa
1428 4533 1557 4590 sciencia

289 4643 396 4692 nostra
419 4643 449 4693 et
472 4637 576 4694 animo
599 4635 772 4694 deliberato
796 4637 949 4710 prefatam
980 4639 1122 4711 ipsorum
1159 4637 1291 4696 fratrum
1325 4629 1504 4697 nostrorum
1528 4644 1557 4697 et

290 4741 425 4798 aliarum
446 4741 544 4815 ipsius
567 4743 694 4800 ecclesie
715 4749 819 4800 nostre
843 4759 1050 4817 personarum
1080 4744 1271 4802 laudabilem
1295 4744 1556 4818 consuetudinem,

292 4855 394 4904 ratam
416 4853 446 4905 et
481 4853 604 4920 gratam
639 4849 786 4907 habentes
810 4855 840 4906 et
875 4851 1093 4924 approbantes,
1129 4851 1280 4923 presentis
1303 4851 1411 4924 scripti
1434 4852 1553 4908 stabili·

291 4959 395 5012 mento
419 4952 649 5026 confirmamus,
672 4961 702 5010 et
725 4954 841 5012 eisdem
866 4956 996 5028 singulis
1018 4957 1216 5028 singulariter
1239 4971 1274 5013 ac
1297 4970 1406 5014 eorum
1428 4956 1557 5014 cuilibet
