3932 5806
430 497 491 554 aab
853 497 925 556 Doc.
949 493 1018 574 163.
1041 531 1085 540 -
1107 499 1163 555 An.
1187 509 1277 574 1452.

425 713 542 770 civium
565 719 596 770 et
618 713 792 771 incolarum
814 728 849 772 ac
871 715 1117 773 inhabitatorum
1141 713 1279 772 eiusdem
1311 714 1446 772 civitatis
1476 716 1590 774 montis
1613 715 1689 774 Gre-

314 875 319 900 ;
424 819 523 876 censis
544 835 602 894 per
624 819 727 877 virum
751 821 920 894 providum
936 821 1100 880 Nicolaum
1116 825 1262 892 sutorem,
1278 820 1381 878 filium
1397 820 1544 879 similiter
1558 820 1689 895 Nicolai,

425 924 553 984 Chehko
576 925 705 998 dictum,
730 927 970 986 inhabitatorem
1002 927 1147 985 suburbii
1170 926 1250 984 dicte
1273 927 1416 999 civitatis,
1439 942 1499 1002 pro
1522 929 1614 986 certis
1637 927 1689 986 de·

424 1032 496 1090 bitis
519 1033 591 1103 suis,
615 1033 729 1106 quibus
752 1034 813 1092 sibi
836 1033 975 1108 prefatus
993 1033 1126 1091 condam
1142 1033 1295 1107 Georgius
1311 1033 1484 1107 Prawdych
1501 1033 1608 1106 nictus,
1623 1035 1689 1093 vita

421 1139 482 1196 sibi
505 1139 618 1196 comite
640 1146 769 1213 propter
791 1146 892 1198 certos
914 1155 1057 1198 excessus
1080 1155 1160 1212 suos,
1184 1155 1239 1198 seu
1261 1140 1371 1214 culpas
1402 1155 1482 1211 suas,
1512 1140 1687 1199 debitorem

421 1246 502 1304 iusto
525 1246 620 1304 modo
643 1247 853 1320 obligabatur,
874 1247 999 1306 fuerunt
1014 1253 1144 1306 arestate
1160 1263 1214 1305 seu
1230 1253 1371 1320 arestata,
1386 1245 1509 1323 justicia
1523 1247 1686 1314 mediante,

409 1371 411 1374 ·
420 1351 542 1426 prelato
566 1353 695 1412 Nicolao
717 1369 778 1412 avo
801 1361 831 1412 et
853 1353 979 1412 domine
994 1353 1162 1412 Katherine
1179 1354 1271 1411 matri
1287 1354 1429 1428 ipsorum
1445 1355 1549 1425 Marci,
1565 1353 1687 1412 Nicolai

420 1463 450 1516 et
472 1458 600 1532 Georgii
622 1461 653 1518 in
676 1462 815 1534 personis
838 1460 1020 1518 eorumdem
1044 1461 1148 1531 Marci,
1183 1459 1304 1518 Nicolai
1338 1465 1369 1518 et
1402 1458 1529 1533 Georgii
1563 1461 1685 1518 racione

419 1565 643 1638 persolucionis
665 1567 819 1626 dictorum
842 1566 1020 1625 debitorum
1043 1568 1141 1641 ipsius
1164 1566 1286 1624 Nicolai
1309 1567 1423 1624 sutoris
1438 1565 1567 1624 Chehlro
1583 1566 1684 1624 eidem

418 1671 549 1730 Nicolao
572 1675 670 1732 sutori
693 1673 821 1731 Chehlro
845 1673 937 1745 dicto,
961 1689 1017 1747 per
1039 1675 1144 1747 ipsum
1167 1672 1300 1732 condam
1315 1672 1487 1746 Georgium
1510 1673 1683 1746 Prawdych

418 1780 534 1852 partim
557 1779 704 1838 videlicet
728 1785 878 1852 quantum
901 1779 942 1838 ad
964 1787 1027 1838 tres
1050 1779 1182 1838 florenos
1205 1781 1274 1838 auri
1297 1779 1409 1837 eodem
1429 1778 1564 1852 Georgio
1581 1779 1683 1837 Praw·

418 1884 500 1958 dych
523 1885 624 1946 adhuc
647 1887 771 1944 vivente
803 1886 892 1958 datis,
926 1887 1042 1960 partim
1072 1892 1177 1946 autem
1211 1891 1361 1960 quantum
1395 1884 1435 1943 ad
1470 1884 1682 1943 residuitatem

417 1993 558 2066 ipsorum
581 1993 758 2054 debitorum
780 1994 878 2068 ipsius
901 1993 1023 2052 Nicolai
1045 1993 1174 2052 Chehlro
1196 1993 1297 2051 eidem
1321 1992 1451 2051 Nicolao
1475 1991 1603 2050 Chehlro
1623 2006 1681 2066 pro

416 2115 505 2172 nunc,
528 2115 582 2158 seu
605 2100 708 2172 modu,
732 2116 788 2174 per
810 2101 915 2174 ipsum
938 2099 1104 2158 Nicolaum
1126 2115 1220 2158 avum
1250 2098 1433 2156 eorumdem
1464 2098 1604 2156 filiorum
1634 2099 1682 2172 ip-

416 2206 477 2264 sius
501 2206 633 2264 condam
656 2205 783 2279 Georgii
806 2206 987 2278 Prawdych,
1011 2212 1240 2280 postmortem
1263 2203 1403 2263 eiusdem
1426 2203 1554 2278 Georgii
1576 2203 1681 2262 Praw-

416 2311 498 2384 dych
521 2313 560 2371 de
582 2313 719 2388 propriis
743 2314 900 2387 peccuniis
923 2312 1062 2371 eiusdem
1086 2312 1215 2383 Nicolai,
1239 2311 1298 2370 lilii
1321 2310 1502 2383 Sebastiani,
1525 2310 1577 2368 avi
1599 2311 1681 2385 ipso·

416 2435 496 2492 rum,
520 2419 660 2480 filiorum
684 2419 758 2479 dicti
781 2419 914 2478 condam
938 2418 1065 2492 Georgii
1087 2417 1260 2490 Prawdych
1283 2419 1347 2476 iam
1370 2418 1509 2492 plenarie
1543 2416 1623 2475 facte
1649 2423 1680 2475 et

415 2527 580 2600 complete.
604 2527 796 2600 integraliter
818 2533 849 2584 et
872 2527 936 2584 sine
959 2526 1045 2583 omni
1068 2524 1190 2583 defectu
1214 2523 1454 2582 extradederunt
1476 2527 1507 2581 et
1530 2523 1675 2581 manibus

405 2632 597 2696 eorumdem
621 2633 743 2692 Nicolai
766 2634 819 2692 avi
840 2639 870 2690 et
894 2633 1018 2691 domine
1050 2631 1218 2690 Katherine
1241 2632 1350 2689 matris
1373 2632 1515 2714 ipsorum
1539 2630 1678 2689 filiorum

414 2739 564 2814 sepedicti
586 2739 719 2799 condam
742 2738 870 2813 Georgii
893 2739 1067 2811 Prawdych
1090 2739 1229 2796 totaliter
1251 2743 1282 2796 et
1296 2737 1421 2811 realiter
1436 2737 1677 2810 assignaverunt.

413 2845 462 2903 Ob
499 2847 556 2903 hoc
586 2847 653 2920 ipse
684 2847 830 2905 Nicolaus
867 2847 944 2904 civis
978 2852 1008 2903 et
1042 2845 1125 2903 dicta
1148 2845 1317 2904 Katherina
1343 2849 1442 2902 mater
1465 2841 1676 2917 sepefatorum

411 2951 552 3010 filiorum
572 2953 687 3026 prefati
710 2954 842 3012 condam
866 2952 993 3025 Georgii
1025 2951 1198 3024 Prawdych
1227 2951 1406 3010 nominibus
1429 2955 1459 3010 et
1482 2951 1514 3008 in
1537 2951 1677 3024 personis

411 3058 603 3134 eorumdem,
619 3059 756 3136 prefatos
777 3058 921 3136 judicem,
943 3056 1070 3134 juratos,
1093 3059 1285 3116 consiliarios
1308 3063 1339 3116 et
1360 3057 1521 3115 universos
1535 3055 1618 3114 cives
1641 3070 1677 3114 ac

411 3171 509 3224 totam
524 3169 778 3226 communitatem
795 3164 978 3224 eorumdem
993 3165 1109 3222 civium
1125 3169 1155 3222 et
1177 3164 1352 3222 incolarum
1374 3178 1410 3220 ac
1432 3163 1676 3220 inhabitatorum

410 3272 543 3332 civitatis
568 3273 681 3334 montis
704 3272 865 3331 Grecensis
888 3269 1065 3345 supradicte
1088 3285 1123 3328 ac
1143 3275 1323 3328 annotatum
1340 3267 1505 3326 Nicolaum
1527 3275 1674 3338 sutorem,

410 3377 539 3438 Chehlro
564 3379 691 3452 dictum,
715 3380 746 3437 in
770 3377 899 3436 heredes
920 3376 1070 3434 heredum
1093 3383 1124 3434 et
1148 3381 1289 3450 posteros
1312 3390 1420 3432 eorum
1443 3373 1604 3432 universos
1627 3387 1674 3430 ra·

409 3485 497 3542 cione
520 3491 550 3544 et
573 3492 715 3560 pretextu
740 3484 950 3560 predictarum
974 3483 1116 3540 omnium
1139 3482 1315 3540 litterarum
1339 3487 1368 3538 et
1391 3480 1576 3554 quorumvis
1592 3479 1673 3538 litte-

407 3591 523 3649 ralium
545 3593 822 3651 instrumentorum
844 3589 943 3664 ipsius
968 3586 1100 3646 condam
1123 3587 1250 3661 Georgii
1273 3585 1455 3659 Prawdych‚
1487 3585 1564 3660 ipsis
1587 3583 1672 3644 vide-

407 3698 479 3756 licet
503 3699 632 3757 Nicolao
656 3713 716 3756 avo
740 3703 770 3756 et
793 3696 917 3754 domine
941 3697 1108 3754 Katherine
1131 3695 1226 3752 matri
1259 3692 1509 3768 supradictorum
1533 3691 1672 3748 filiorum

407 3804 545 3862 eiusdem
568 3801 855 3878 condam'Georgii
877 3801 1053 3874 Prawdych
1089 3817 1144 3876 per
1180 3799 1306 3859 eosdem
1340 3799 1493 3882 Jacobum
1527 3795 1671 3874 judicem,

404 3909 585 3986 juratusque
610 3917 640 3969 et
662 3911 854 3969 consiliarios
877 3925 913 3966 ac
936 3910 1097 3967 universos
1121 3908 1205 3965 cives
1236 3922 1272 3964 ac
1295 3911 1392 3964 totam
1416 3904 1670 3962 communitatem

405 4017 530 4090 civium,
554 4017 731 4076 incolarum
754 4022 784 4074 et
805 4016 1049 4074 inhabitatorum
1072 4013 1228 4088 sepedicte
1251 4012 1384 4070 civitatis
1418 4010 1510 4085 plene
1541 4015 1572 4067 et
1594 4009 1668 4066 inte·

403 4125 532 4196 graliter
561 4133 590 4182 et
620 4124 747 4182 realiter
776 4123 841 4181 sine
877 4123 961 4182 omni
985 4121 1117 4194 delectu,
1139 4127 1175 4179 ut
1197 4119 1361 4195 prefertur,
1385 4117 1617 4176 extradatarum
1640 4121 1670 4172 et

402 4230 547 4288 manibus
570 4231 712 4304 ipsorum
737 4231 873 4288 totaliter
896 4230 1123 4302 assignatarum
1147 4243 1199 4284 seu
1217 4227 1443 4298 assignatorum
1459 4221 1669 4293 reddiderunt,

403 4337 624 4395 commiserunt
647 4341 678 4394 et
701 4338 893 4410 reliquerunt
916 4351 1022 4394 coram
1053 4333 1144 4394 nobis
1181 4333 1301 4406 quietos
1335 4330 1401 4389 fore
1435 4335 1466 4387 et
1499 4327 1668 4402 expeditos,

400 4441 548 4516 pacificos
571 4447 601 4500 et
624 4441 802 4500 omnimode
826 4443 994 4502 absolutos.
1026 4442 1147 4498 Harum
1177 4444 1354 4498 nostrarum
1385 4438 1493 4510 vigore
1524 4439 1554 4492 et
1585 4433 1668 4492 testi·

401 4551 506 4608 monio
529 4550 705 4608 litterarum
729 4549 891 4608 mediante.
915 4549 1032 4605 Datum
1056 4547 1133 4604 seria
1156 4544 1289 4604 secunda
1306 4545 1450 4620 proxima
1466 4547 1538 4616 post
1553 4540 1667 4599 festum
1703 4629 1706 4632 Ι

398 4663 503 4716 sancte
526 4657 695 4715 Trinitatis.
722 4658 810 4714 Anno
834 4655 952 4714 domini
982 4654 1152 4712 millesimo
1184 4631 1666 4725 quadringentesimo'quinqua-

398 4767 517 4839 gesimo
540 4763 683 4822 secundo,

503 4903 636 4968 Originale
655 4904 683 4952 in
701 4902 797 4960 charta,
816 4917 831 4950 a
850 4909 922 4964 tergo
941 4898 1077 4961 vestigium
1096 4898 1215 4962 impressi
1234 4895 1321 4960 sigilli.
1351 4897 1383 4944 In
1407 4891 1521 4942 archivio
1548 4889 1595 4940 lib.
1612 4905 1663 4953 reg.

397 4993 466 5044 civit.
486 4994 585 5056 zagrab.
