3736 5826
410 585 429 641 4
768 565 843 621 Dor.
867 577 894 639 qt.
912 574 944 636 5.
969 596 1010 604 -
1036 564 1083 618 Aa
1117 575 1332 639 1401-1402.

407 779 501 852 laum,
518 779 707 850 Ladislaum,
724 778 826 837 filium
847 778 985 836 eiusdem
1001 777 1143 850 magistri
1163 777 1281 835 Nicolai
1298 785 1329 835 et
1344 777 1555 852 Stephanum,
1586 774 1705 832 filium

338 935 341 942 .
407 887 569 944 Laurencii
591 886 630 942 de
653 886 736 944 dicto
759 885 972 944 ermzedivar
994 899 1030 942 ac
1053 899 1160 942 omnes
1183 885 1262 942 alios
1285 899 1501 958 quoscumque
1523 884 1574 940 ab
1601 896 1706 940 oocu-

408 993 544 1066 pacione,
569 992 756 1063 detencione,
779 991 938 1049 fructuum
972 997 1004 1049 et
1037 991 1208 1048 utilitatum
1242 993 1455 1064 percepcione,
1492 1005 1628 1048 necnon
1670 989 1706 1044 in

408 1097 582 1156 dominium
605 1098 786 1155 earumdem
809 1113 842 1155 se
865 1098 1094 1156 intromissione
1118 1097 1341 1171 quoquomodo
1357 1105 1388 1156 et
1405 1097 1703 1172 qualitercumque

407 1204 496 1262 factis
518 1204 571 1261 vel
594 1203 742 1262 faciendis
765 1205 993 1278 prohibuerunt
1016 1204 1256 1262 contradicendo
1279 1211 1309 1262 et
1333 1204 1600 1264 contradixerunt
1620 1216 1703 1276 pro-

407 1309 543 1368 hibendo
567 1311 679 1369 harum
702 1317 880 1368 nostrarum
903 1311 1080 1369 litterarum
1105 1311 1290 1370 testimonio.
1324 1312 1443 1369 Datum
1467 1311 1499 1368 in
1523 1309 1702 1368 dominica

406 1416 524 1474 Letare.
548 1419 638 1476 Anno
662 1415 781 1474 domini
803 1417 975 1475 millesimo
999 1416 1306 1490 quadringentesimo
1329 1417 1441 1490 primo.

513 1553 646 1617 Originale
673 1554 701 1603 in
728 1554 822 1602 charta.
850 1553 936 1616 Tergo
963 1553 1116 1618 impressum
1145 1553 1261 1618 sigillum
1296 1555 1329 1602 In
1347 1554 1444 1606 archiv.
1463 1553 1511 1609 lib.
1530 1571 1588 1619 reg.
1613 1554 1693 1602 civit

407 1641 589 1706 zagrabiensis.

511 1907 592 1956 Anno
613 1918 688 1970 1401.
1023 1819 1060 1884 4·

513 2038 604 2094 Anno
632 2051 722 2110 1401.
745 2035 900 2107 Tempore
922 2032 1075 2110 judicatus
1092 2035 1209 2092 domini
1227 2035 1395 2106 Michaelis,
1412 2035 1470 2093 filii
1488 2035 1684 2105 Sebastiani,

404 2141 516 2219 judicis
539 2142 732 2212 Grechensis,
755 2141 913 2198 Emericus
937 2141 1160 2214 prebendarius
1184 2142 1271 2198 chori
1294 2141 1423 2199 ecclesie
1446 2143 1479 2200 b.
1503 2143 1589 2214 regis
1608 2141 1685 2199 Ste-

405 2250 501 2322 phani
525 2248 597 2306 fecit
620 2248 885 2321 permutacionem
920 2263 992 2304 cum
1028 2247 1164 2321 quadam
1197 2249 1289 2305 vinea
1323 2263 1378 2304 sua
1413 2264 1471 2322 per
1508 2247 1682 2306 dominum

409 2355 591 2429 episcopum
615 2353 813 2427 Segniensem
837 2353 876 2410 ad
900 2354 1002 2427 ipsam
1036 2353 1229 2426 prebendam
1264 2353 1470 2411 condonatam
1504 2359 1535 2412 et
1568 2353 1682 2412 datam
1735 2421 1745 2444 υ

405 2477 478 2518 cum
502 2461 651 2518 Michaele
676 2467 706 2518 et
729 2459 889 2517 Demetrio
911 2461 1025 2517 nostris
1048 2460 1236 2518 concivibus

509 2599 533 2646 E
552 2597 684 2663 protocolo
703 2597 814 2646 civitatis
833 2597 927 2644 montis
946 2595 1109 2648 Grechensis.
1128 2597 1229 2660 zagrab.

1021 2791 1054 2855 5.

510 2931 592 2980 Anno
614 2943 688 2994 1402,
712 2944 753 2996 14.
773 2933 903 2985 februarii.
925 2933 1072 2996 Zagrabine.

404 3057 598 3115 Eberhardus
621 3059 700 3132 episc.
724 3059 842 3132 aagrab.
866 3060 1014 3116 canonicos
1036 3058 1236 3132 zagrubienses
1259 3060 1352 3118 libera
1381 3063 1508 3119 arbitriis
1542 3063 1577 3120 dc
1610 3063 1675 3122 sur}

585 3165 710 3238 ipsorum
734 3165 813 3221 benis
829 3173 888 3238 per
909 3173 1105 3224 testamentum
1128 3183 1213 3238 agere
1229 3174 1315 3239 posse
1336 3169 1495 3242 confirmat.

510 3325 709 3384 Eberhardus
732 3325 781 3382 dei
805 3332 834 3383 et
858 3327 1027 3400 apostolice
1051 3326 1132 3386 sedis
1148 3329 1253 3400 gracia
1269 3330 1435 3404 episcopus
1451 3333 1671 3404 zagrabiensis

404 3431 565 3489 Universis
590 3437 619 3488 et
643 3431 773 3504 singulis
797 3431 910 3488 Christi
936 3431 1082 3489 fidelibus
1113 3435 1310 3506 presentibus
1339 3443 1369 3493 et
1399 3436 1511 3495 futuris
1546 3454 1671 3512 presen-

403 3537 486 3594 cium
510 3537 733 3594 continenciam
760 3538 964 3610 cernentibus,
989 3538 1123 3596 salutem
1149 3540 1180 3596 in
1204 3555 1249 3611 en,
1273 3541 1328 3613 qui
1351 3548 1395 3599 est
1419 3542 1451 3600 in
1480 3559 1514 3600 se
1546 3543 1672 3602 creden-

402 3643 486 3700 tibus
511 3658 583 3700 vera
606 3645 697 3701 salus.
722 3645 871 3702 Debitum
896 3645 992 3701 nostri
1016 3643 1113 3702 officii
1135 3645 1174 3702 ad
1206 3647 1262 3704 illa
1284 3648 1454 3721 ,potissime
1484 3665 1560 3706 cura
1593 3651 1671 3723 vigi·

402 3750 481 3808 lanti
505 3749 662 3806 attendere
685 3765 740 3806 nos
764 3750 883 3822 satagit,
907 3767 1047 3824 perque
1071 3757 1101 3807 et
1123 3766 1172 3808 res
1196 3753 1323 3824 publica
1346 3754 1454 3826 augeri
1475 3755 1507 3812 in
1537 3754 1590 3812 dei
1623 3772 1672 3813 ec·

404 3855 497 3913 clesia
520 3863 550 3912 et
574 3855 702 3912 devocio
726 3856 839 3927 iugiter
862 3855 920 3912 deo
944 3855 1168 3914 famulancium
1193 3859 1223 3915 in
1245 3858 1355 3916 eadem
1382 3861 1603 3919 vehemencius
1626 3863 1671 3920 in·

404 3961 492 4019 citari
527 3961 624 4034 possit
659 3967 751 4034 atque
788 3962 892 4018 valeat
924 3962 1084 4020 indefesse.
1121 3963 1200 4021 Sane
1222 3964 1313 4022 nobis
1336 3981 1354 4024 a
1377 3965 1528 4024 fratribus
1552 3968 1668 4026 nostris

404 4069 646 4126 honorabilibus
669 4066 814 4124 videlicet
840 4068 916 4124 viris
940 4067 1073 4126 dominis
1097 4071 1264 4144 preposito,
1288 4072 1412 4143 lectore,
1435 4079 1570 4144 cantore,
1604 4089 1671 4131 cus·

404 4175 485 4246 tode,
510 4157 752 4247 archidyaconis,
774 4175 927 4232 canonicis
951 4189 986 4231 ac
1009 4175 1140 4248 singulis
1164 4177 1234 4234 aliis
1256 4179 1397 4252 personis
1428 4185 1532 4237 nostre
1564 4195 1670 4253 zagra·

406 4280 521 4337 biensis
545 4282 672 4338 ecclesie
695 4280 795 4338 fuerat
818 4280 980 4338 humiliter
1003 4283 1179 4355 expositum
1210 4289 1240 4341 et
1270 4283 1391 4356 devote,
1421 4292 1574 4358 quatenus
1609 4287 1670 4360 ipsi

404 4387 612 4444 communiter
635 4391 663 4442 et
688 4385 814 4444 divisim
846 4401 887 4443 ac·
905 4402 1012 4444 eorum
1035 4387 1268 4460 predecessores
1291 4405 1457 4464 sempera
1482 4391 1669 4450 fundacione

404 4492 487 4550 dicte
511 4484 614 4549 'nostre
637 4492 844 4563 zagrabiensis
873 4492 1000 4550 ecclesie
1016 4493 1195 4552 habuissent
1212 4500 1242 4553 et
1253 4496 1404 4554 haberent
1419 4497 1458 4555 de
1473 4497 1556 4569 stilo,
1572 4513 1668 4570 more,

402 4597 622 4656 consuetudine
646 4604 675 4655 et
699 4599 901 4656 observancia
924 4599 1062 4670 legitime
1086 4601 1267 4675 prescriptis
1298 4607 1328 4659 et
1350 4603 1512 4676 hucusque
1536 4603 1669 4662 inviola-

400 4705 481 4763 biter
503 4720 539 4761 ac
562 4705 741 4762 inconcusse
764 4721 822 4777 per
846 4705 1002 4776 quoslibet
1025 4705 1212 4764 reverendos
1228 4714 1341 4780 patres,
1357 4709 1497 4783 prelatos
1514 4710 1666 4783 ipsorum,

398 4819 520 4870 nostros
545 4812 688 4869 videlicet
712 4811 953 4885 predecessores,
978 4813 1076 4869 eciam
1099 4827 1117 4868 a
1141 4817 1225 4870 tanto
1249 4821 1399 4888 tempore,
1415 4816 1502 4874 cuius
1520 4818 1669 4876 contrarii

399 4937 451 4978 seu
475 4920 559 4977 inicii
583 4920 734 4976 memoria
757 4919 920 4976 hominum
943 4934 1004 4976 non
1028 4919 1180 4992 existeret,
1203 4921 1387 4995 observatis,
1417 4923 1500 4980 ultra
1530 4939 1576 4994 ea,
1607 4939 1667 4996 que

400 5027 474 5102 ipsis
499 5031 528 5084 et
551 5026 621 5084 aliis
646 5024 808 5100 quibusvis
832 5026 971 5099 personis
995 5025 1207 5085 ecclesiasticis
1230 5041 1248 5085 a
1278 5025 1346 5103 jure
1374 5030 1534 5088 communi
1565 5028 1666 5088 forent
