3948 5804
425 583 485 626 1ro
854 565 926 624 Doc.
952 561 1000 639 85.
1023 599 1067 608 -
1089 567 1145 624 An.
1170 579 1249 644 1435

417 781 541 840 tate‘ac
564 781 780 838 commissione
801 783 941 838 omnium
965 781 1163 840 dominorum
1194 781 1232 840 de
1262 783 1385 856 prefato
1416 785 1555 858 capitulo
1578 801 1683 858 zagra·

420 889 519 948 biensi
541 888 817 945 concanonicorum
840 887 986 945 videlicet
1008 893 1037 945 ct
1061 890 1275 947 consociorum
1306 905 1435 950 suorum
1458 906 1511 948 sex
1540 892 1624 948 cives
1655 901 1684 960 et

414 995 610 1053 habitatores
634 993 768 1052 civitatis
790 992 944 1066 sepedicle
968 994 999 1050 in
1023 1009 1134 1067 campo
1158 999 1188 1052 et
1211 995 1366 1052 territorio
1389 995 1527 1053 eiusdem
1552 997 1685 1054 civitatis

419 1104 451 1168 in
475 1101 597 1175 pascuis
621 1101 717 1156 boves
740 1113 813 1156 suos
836 1103 977 1172 tempore
1000 1104 1151 1158 nocturno
1175 1107 1334 1176 pascentes
1366 1107 1514 1174 repertos,
1546 1104 1686 1160 vestibus

326 1217 331 1222 '
419 1215 449 1266 et
472 1207 580 1266 ceteris
603 1206 696 1263 rebus
720 1219 827 1262 eorum
850 1193 963 1262 e'xtunc
993 1205 1077 1279 apud
1109 1206 1194 1279 ipsos
1226 1207 1341 1264 habitis
1372 1207 1504 1282 spoliari
1535 1213 1565 1266 et
1588 1207 1685 1282 spoli·

419 1321 486 1374 atos
517 1314 583 1371 dire
600 1286 777 1372 vuerberari
801 1317 831 1368 et
862 1311 1030 1370 crudeliter
1053 1313 1196 1384 colligari
1221 1313 1302 1386 fecit,
1327 1319 1359 1370 et·
1375 1313 1500 1371 tandem
1524 1314 1684 1388 spoliatos,

412 1421 599 1496 ,verberatos
634 1425 665 1476 et
697 1417 866 1478 crudeliter
900 1418 1066 1492 colligatos
1099 1397 1194 1492 penes
1225 1434 1322 1492 equos
1345 1435 1463 1490 eorum,
1486 1436 1581 1494 super
1605 1435 1683 1493 quos

419 1541 478 1601 pro
502 1533 574 1584 tunc
594 1526 780 1598 equitarunt,
804 1524 898 1582 iidem
922 1523 1035 1582 famuli
1059 1541 1116 1598 per
1138 1540 1285 1602 campum
1310 1527 1407 1600 ipsius
1440 1527 1573 1584 civitatis
1603 1527 1685 1584 trahi

415 1633 557 1692 ¹iecerunt
579 1632 664 1690 omni
686 1631 750 1688 sine
774 1631 867 1705 culpa
891 1647 999 1714 eorum
1021 1647 1059 1689 ac
1076 1631 1288 1690 misericordia
1304 1631 1353 1689 dei
1371 1634 1492 1706 penitus
1507 1637 1685 1706 postergata

417 1741 449 1798 in
472 1738 679 1813 preludicium
703 1741 732 1794 et
755 1737 945 1810 derogamen
967 1743 996 1795 et
1019 1739 1253 1812 oppressionem
1277 1739 1460 1796 libertatum
1483 1743 1514 1796 et
1536 1739 1684 1797 territorii

418 1847 553 1928 civitatis
574 1843 737 1918 sepedicto.
759 1845 805 1904 Ex
829 1845 1072 1918 quibusquidem
1105 1861 1159 1904 sex
1189 1846 1378 1916 hominibus,
1411 1851 1545 1940 quatuor
1570 1860 1683 1903 eorum

417 1951 552 2024 secundo
575 1956 628 2008 aut
650 1951 745 2008 tercio
769 1950 818 2010 die
842 1951 895 2009 vix
918 1957 990 2016 sunt
1011 1953 1137 2024 reperti,
1160 1951 1224 2010 duo
1247 1956 1351 2009 autem
1382 1967 1490 2010 eorum
1522 1967 1620 2024 usque
1652 1951 1683 2008 in

417 2058 603 2118 hodiernum
627 2055 711 2114 diem
732 2056 836 2116 adhuc
857 2072 918 2116 non
942 2063 1013 2116 sunt
1044 2059 1161 2116 inventi
1183 2075 1283 2134 neque
1310 2059 1433 2132 reperti,
1463 2072 1540 2130 quos
1570 2057 1684 2132 prelati

417 2141 515 2238 ipsius
539 2143 657 2222 domini
677 2163 786 2246 Jacobi
810 2162 921 2224 famuli
944 2165 1021 2222 illuc
1037 2163 1174 2222 fecerunt
1190 2171 1219 2222 et
1235 2168 1449 2238 reposuerunt,
1464 2179 1526 2238 quo
1542 2155 1682 2238 ipsorum

418 2247 729 2344 placuit-voluntati,
761 2269 799 2328 de
834 2247 947 2350 quibus
978 2269 1083 2328 adhuc
1114 2272 1248 2328 nescitur
1283 2272 1338 2328 ubi
1362 2271 1429 2344 sint,
1454 2271 1597 2344 potencia
1621 2285 1683 2328 me·

417 2353 618 2480 dianteJLile
642 2381 756 2432 tamen
768 2375 848 2432 inter
871 2376 1042 2450 capitulum
1068 2382 1096 2434 et
1120 2377 1203 2434 cives
1226 2376 1388 2451 pendente

473 2461 610 2553 Item,
643 2481 769 2554 insuper
803 2481 916 2554 prefati
938 2481 1056 2540 domini
1079 2482 1117 2540 de
1141 2483 1282 2557 capitulo
1313 2487 1475 2556 prenotato
1505 2483 1628 2541 missis
1638 2481 1682 2540 fa·

416 2563 608 2647 miliaribus
616 2593 658 2644 ct
691 2588 799 2646 ceteris
830 2589 958 2646 armatis
992 2590 1172 2646 hominibus
1202 2596 1231 2648 et
1266 2590 1460 2662 pastoribus
1478 2604 1586 2646 eorum
1610 2603 1681 2654 eum

415 2695 527 2766 bobus,
550 2694 638 2768 equis
661 2697 695 2750 et
713 2694 823 2754 celeris
845 2695 1035 2754 animalibus
1066 2695 1207 2768 ipsorum
1231 2701 1348 2768 segetes
1379 2701 1408 2753 et
1437 2695 1542 2768 fruges
1572 2710 1607 2752 ac
1638 2694 1682 2754 sc-

415 2801 490 2863 tu'lia
526 2809 555 2860 et
590 2803 690 2861 cetera
711 2814 840 2884 pascua
875 2803 1052 2858 communia
1075 2802 1210 2860 civitatis
1234 2802 1389 2876 sepedicle
1418 2803 1448 2862 in
1474 2802 1629 2859 territorio
1652 2807 1682 2858 et

416 2920 527 2980 campo
551 2906 684 2964 civitatis
707 2905 846 2978 predicte
870 2908 992 2979 penitus
1016 2913 1045 2964 et
1068 2924 1125 2982 per
1148 2910 1252 2966 omnia
1283 2908 1408 2982 depasci
1442 2913 1472 2964 ct
1506 2907 1622 2966 destrui
1645 2923 1682 2976 ae

415 3011 571 3070 devastari
594 3011 732 3070 fecerunt
754 3013 882 3087 impune
904 3015 936 3070 in
961 3013 1168 3087 preludicium
1192 3015 1336 3072 similiter
1368 3021 1398 3072 et
1428 3013 1616 3087 derogamen
1646 3029 1682 3071 ac

415 3119 657 3193 oppressionem,
674 3120 856 3178 libertatum
880 3126 908 3177 et
933 3121 1081 3180 territorii
1105 3121 1239 3180 civitatis
1262 3119 1426 3194 sepedicto,
1448 3105 1547 3178 minas
1571 3121 1681 3182 mortis

413 3225 535 3300 civibus
557 3226 655 3299 ipsius
678 3226 813 3284 civitatis
836 3242 959 3300 semper
982 3227 1184 3300 imponentes.

520 3331 606 3402 item,
631 3332 728 3389 eciam
752 3331 812 3388 hiis
835 3332 927 3389 malis
949 3348 1010 3390 non
1034 3335 1168 3390 contenti
1191 3333 1244 3390 sed
1268 3335 1374 3407 peiora
1406 3334 1565 3406 peioribus
1593 3349 1681 3392 aecu-

415 3436 578 3508 mulantes,
602 3436 678 3494 feria
702 3444 811 3510 quarta
835 3439 979 3511 proxima
1002 3445 1071 3495 ante
1102 3439 1215 3496 festum
1247 3439 1469 3512 penthecostes,
1500 3439 1594 3496 iidem
1627 3417 1681 3497 do·

413 3543 489 3600 mini
513 3543 550 3599 de
574 3543 720 3616 capitulo
743 3544 845 3601 missis
868 3546 958 3602 certis
982 3560 1090 3602 eorum
1107 3545 1316 3602 familiaribus
1334 3547 1461 3603 armatis
1477 3546 1515 3602 ad
1532 3562 1679 3626 campum

413 3657 442 3705 et
467 3649 656 3706 territorium
680 3650 813 3706 civitatis
837 3647 1000 3724 sepedicto,
1024 3651 1184 3708 cuiusdam
1216 3651 1399 3732 habitatoris
1430 3657 1459 3709 et
1490 3652 1678 3716 civisdicte

413 3755 546 3812 civitatis
579 3755 702 3812 nomine
734 3755 824 3825 Petri,
859 3757 988 3814 cultoris
1023 3763 1137 3815 terram
1172 3773 1262 3814 suam
1295 3759 1456 3828 arabilem,
1481 3759 1510 3816 in
1535 3758 1679 3833 predicto

413 3876 525 3934 campo
548 3868 578 3918 et
601 3862 757 3920 territorio
781 3864 879 3936 ipsius
901 3865 1044 3936 civitatis,
1068 3871 1169 3922 rastro
1193 3863 1295 3922 ferreo
1319 3866 1415 3938 vulgo
1439 3866 1537 3922 brana
1560 3873 1678 3937 vocate,

413 3983 472 4041 pro
495 3966 676 4024 seminando
701 3969 789 4026 milio
813 3985 884 4026 cum
909 3969 1031 4027 duobus
1055 3971 1156 4028 bobus
1179 3972 1243 4028 suis
1273 3972 1444 4042 rastrantis,
1474 3978 1578 4044 preter
1601 3987 1679 4044 quos

413 4075 519 4150 plures
554 4090 615 4132 non
650 4075 794 4147 habebat,
830 4091 901 4134 cum
936 4078 1050 4149 quibus
1081 4078 1178 4135 eciam
1211 4079 1312 4136 bobus
1343 4079 1404 4136 sibi
1435 4085 1464 4135 et
1489 4078 1593 4152 pueris
1616 4079 1678 4136 suis

412 4181 529 4238 vietum
552 4181 741 4254 acquirebat,
765 4198 860 4240 unum
886 4184 999 4241 bovem
1023 4201 1059 4240 ex
1084 4184 1200 4241 eisdem
1224 4185 1326 4242 bobus
1351 4185 1474 4242 duobus
1497 4183 1537 4241 ad
1562 4194 1677 4245 terram

411 4287 579 4344 crudeliter
613 4285 783 4344 demactari
814 4287 950 4346 fecerunt
985 4305 1083 4362 usque
1113 4289 1152 4346 ad
1176 4297 1309 4347 mortem
1333 4291 1451 4364 absque
1475 4292 1560 4348 omni
1584 4291 1677 4362 culpa,

412 4393 509 4466 ipsius
532 4394 623 4463 Petri,
640 4393 671 4449 in
688 4393 859 4466 dampnum
876 4400 906 4450 et
921 4402 1140 4451 nocumentum
1158 4396 1295 4454 eiusdem
1312 4397 1393 4454 Petri
1407 4396 1503 4478 ‚vaide
1520 4411 1677 4474 magnum,

411 4501 552 4574 potencia
585 4502 726 4574 ipsorum
758 4499 921 4559 mediante.
954 4501 1021 4558 Lite
1052 4507 1155 4559 tamen
1179 4502 1329 4578 pendente
1352 4505 1432 4561 inter
1454 4504 1548 4576 ipsos,
1571 4509 1678 4560 contra

411 4606 589 4663 libertalem
613 4607 747 4664 civitatis
771 4605 916 4680 sepefate.

517 4713 601 4783 Item,
625 4711 702 4770 feria
725 4713 859 4770 secunda
883 4714 1027 4787 proxima
1051 4721 1122 4788 post
1146 4715 1258 4774 festum
1290 4715 1504 4773 penthecostes
1536 4717 1566 4772 in
1597 4729 1677 4773 anno

411 4820 544 4891 presenti
561 4817 754 4876 honorabilis
770 4820 820 4875 vir
836 4819 980 4877 dominus
996 4819 1167 4892 Gregorius
1184 4827 1286 4879 custos
1309 4827 1339 4879 et
1362 4823 1525 4880 canonicus
1549 4822 1676 4879 ecclesie

410 4925 624 4994 zagrabiensis,
649 4939 719 4981 cum
744 4925 881 4996 quodam
893 4925 1045 4994 Gregorio
1063 4925 1145 4984 dicio
1163 4927 1411 5000 Bogathychitch,
1428 4929 1593 5001 iobagione
1609 4909 1674 4999 suo,

410 5033 439 5086 et
462 5030 531 5086 aliis
555 5030 762 5088 familiaribus
786 5038 815 5088 et
838 5029 1058 5105 jobagionibus
1081 5034 1144 5092 suis
1165 5032 1276 5104 gladiis
1292 5040 1322 5090 et
1338 5035 1407 5092 aliis
1424 5035 1518 5091 armis
1535 5034 1674 5108 ipsorum
