3948 5804
709 589 783 648 Doc.
803 601 855 664 91.
879 621 922 631 -
946 589 1003 648 An.
1027 600 1114 668 1435.
1491 607 1549 662 1¹⁷

285 803 404 881 judicis,
438 802 622 880 juratorum,
658 808 893 877 ceterorumque
927 803 1144 862 universorum
1178 805 1296 863 civium
1332 810 1363 864 et
1392 805 1552 880 hospitum

286 915 389 970 nostre
423 911 557 969 civitatis
585 911 700 970 montis
734 909 896 970 Grecensis
930 910 969 969 de
1000 909 1152 984 Zagrabia
1175 911 1329 971 maiestati
1351 917 1455 970 nostre
1477 926 1551 986 por·

285 1023 412 1089 rectam,
447 1023 516 1075 tum
550 1017 649 1076 eciam
682 1033 720 1076 ex
754 1017 859 1091 gracia
887 1016 1016 1092 speciali
1049 1016 1194 1076 universa
1225 1017 1361 1091 birsagia
1385 1022 1415 1076 et
1439 1017 1549 1092 quevis

287 1121 475 1200 judiciorum
505 1124 688 1197 gravamina
721 1124 754 1182 in
788 1123 903 1198 quibus
937 1124 998 1198 ipsi
1027 1123 1059 1182 in
1088 1123 1255 1198 presenciis
1278 1137 1550 1198 quorumcumque

286 1226 427 1306 judicum
472 1234 502 1288 et
535 1226 777 1305 justiciariorum
810 1229 898 1303 regni
940 1229 1038 1288 nostri
1080 1228 1340 1304 quandocumque
1382 1234 1413 1288 et
1445 1233 1552 1287 contra

292 1350 505 1410 quoscumque
528 1335 636 1394 ordine
658 1333 819 1411 judiciario
842 1336 976 1395 convicti
999 1335 1128 1394 fuissent
1150 1341 1180 1393 et
1202 1337 1351 1410 agravati,
1372 1335 1553 1410 porcionem

287 1439 482 1518 judiciariam
505 1447 738 1500 concernentem
762 1441 878 1500 eisdem
900 1441 1003 1520 judici,
1026 1439 1135 1518 juratis
1158 1446 1188 1500 et
1210 1442 1363 1500 universis
1378 1442 1499 1500 civibus
1522 1445 1552 1500 et

288 1549 465 1624 hospitibus
486 1547 633 1606 duximus
655 1548 823 1608 relaxanda
846 1553 876 1607 et
898 1549 1093 1623 remittenda,
1125 1549 1223 1606 immo
1253 1549 1431 1606 relaxamus
1453 1551 1484 1606 et
1503 1563 1551 1605 re-

286 1655 440 1713 mittimus
471 1654 666 1729 presencium
696 1671 753 1729 per
786 1655 936 1728 vigorem.
972 1653 1125 1730 Quocirca
1155 1654 1246 1713 vobis
1268 1653 1416 1712 fidelibus
1438 1653 1552 1712 nostris

289 1759 462 1834 magnificis
485 1759 624 1835 palatino
648 1765 677 1819 et
699 1757 794 1837 judici
817 1762 901 1820 curie
922 1765 1036 1834 nostre,
1059 1762 1135 1820 item
1156 1761 1245 1834 regni
1266 1761 1365 1819 nostri
1387 1758 1552 1818 Sclauonie

284 1867 374 1939 bano,
407 1874 588 1942 vestrasque
621 1866 654 1926 in
675 1864 819 1943 judicatu
841 1867 925 1926 vices
948 1868 1126 1941 gerentibus
1148 1883 1205 1926 nec
1226 1881 1288 1926 non
1310 1867 1477 1926 comitibus
1499 1866 1551 1924 vel

287 1973 524 2034 vicecomitibus
546 1989 582 2032 ac
603 1973 758 2051 judicibus
781 1975 937 2034 nobilium
957 1975 1123 2034 comitatus
1149 1974 1365 2048 zagrubiensis,
1387 1975 1463 2032 item
1484 1975 1552 2032 uni·

284 2079 384 2138 versis
399 2081 609 2153 birsagiorum
628 2081 826 2140 exactoribus
841 2085 906 2139 tam
921 2081 1035 2139 nostris
1051 2095 1146 2155 quem
1163 2079 1298 2138 aliorum
1315 2095 1551 2154 quorucumque

284 2188 479 2263 presentibus
502 2193 532 2246 et
554 2186 667 2246 futuris
689 2189 801 2246 harum
817 2187 895 2246 serie
909 2187 1089 2246 firmissime
1105 2187 1297 2263 precipimus
1312 2191 1342 2245 et
1356 2185 1550 2260 mandamus,

285 2299 435 2367 quatenus
457 2299 647 2352 memoratos
669 2291 814 2370 judicem,
837 2292 955 2373 juratos
985 2299 1016 2352 et
1043 2294 1206 2353 universos
1236 2294 1320 2352 cives
1350 2299 1380 2351 et
1412 2293 1551 2368 hospites

284 2393 435 2479 (predicte
471 2401 604 2459 civitatis
637 2393 755 2478 nostre)
787 2401 910 2459 racione
933 2401 1159 2476 premissorum
1183 2400 1392 2474 birsagioruor
1415 2415 1472 2473 per
1494 2411 1551 2456 nos

283 2507 368 2583 ipsis,
401 2512 437 2566 ut
469 2507 659 2582 premittitur
692 2507 831 2580 graciose
860 2507 1082 2578 relaxatorum
1121 2507 1202 2565 intra
1225 2512 1256 2565 et
1278 2511 1365 2564 extra
1387 2502 1548 2582 judicium,

283 2617 347 2672 tam
371 2613 402 2672 iu
424 2613 572 2690 personis,
595 2611 828 2684 hereditatibus,
858 2613 1014 2687 rebusque
1045 2619 1075 2671 et
1105 2613 1195 2671 bonis
1225 2613 1367 2688 ipsorum
1399 2625 1549 2686 quorum·

283 2735 416 2794 cumque
440 2719 594 2794 impedire
617 2724 647 2778 et
669 2719 843 2792 molestare,
865 2719 1073 2794 impedirique
1096 2723 1126 2777 et
1149 2719 1309 2777 molestari
1332 2717 1434 2777 iacere
1448 2717 1550 2776 nulla·

283 2831 373 2885 tenus
395 2827 581 2900 presumatis
603 2841 660 2884 nec
682 2826 749 2884 sitis
772 2827 838 2884 ausi
861 2824 957 2884 modo
987 2825 1127 2900 aliquali.
1160 2825 1319 2884 Presentes
1349 2825 1447 2883 eciam
1478 2828 1549 2898 post

283 2932 444 3005 lecturam,
461 2947 585 3006 semper
601 2931 690 2990 reddi
704 2928 849 3007 jubemus
865 2932 1065 3006 presentanti.
1081 2931 1198 2990 Datum
1210 2930 1333 2990 Posonii
1361 2929 1438 2989 feria
1454 2929 1549 2988 tercia

281 3039 427 3114 proxima
449 3043 519 3096 ante
542 3037 655 3096 festum
678 3038 762 3097 beati
784 3039 909 3097 Martini
932 3039 1071 3113 episcopi
1094 3043 1125 3098 et
1148 3037 1341 3098 confessoris.
1376 3031 1469 3097 Anno
1491 3036 1548 3094 do·

282 3145 359 3204 mini
382 3144 551 3221 millesimo
574 3143 878 3218 quadringentesimo
901 3145 1058 3203 tricesimo
1081 3145 1197 3219 quinto.
1220 3144 1399 3217 Regnorum
1429 3148 1548 3202 nostro·

281 3266 354 3309 rum
377 3264 456 3308 anno
479 3251 638 3323 Hungarie
661 3255 715 3309 ete.
739 3249 845 3310 XLIX.
868 3251 1083 3310 Romanorum
1107 3249 1203 3308 XXV.
1220 3249 1365 3308 Bohemie
1381 3241 1545 3322 sedecimo,

282 3357 415 3432 imperio
437 3371 512 3414 vero
535 3357 640 3415 tercio.

387 3490 521 3556 Originale
533 3493 561 3542 iu
579 3491 675 3550 charta,
694 3509 806 3545 exesum.
825 3495 858 3543 In
876 3495 991 3560 margine
1009 3495 1126 3545 inferiori
1145 3495 1298 3560 impressum
1317 3500 1356 3543 est
1375 3491 1497 3558 sigillum.
1516 3493 1549 3542 In

281 3580 377 3633 archiv.
395 3581 441 3634 lib.
460 3596 512 3646 reg.
533 3581 602 3633 civit.
621 3580 802 3646 ragrabiensis.

893 3777 950 3844 91„

387 3917 468 3966 Auno
490 3929 564 3983 1435,
585 3931 608 3979 9.
629 3917 784 3969 novembris.
803 3918 918 3968 Posonii.

281 4041 494 4118 Segismundus,
515 4043 694 4118 Hungan'ae
715 4051 762 4102 etc.
785 4063 848 4115 rex,
871 4045 995 4118 capitulo
1017 4045 1146 4103 ecclesiae
1167 4045 1260 4104 Albae
1288 4048 1396 4119 regalis
1418 4045 1547 4118 medat,

284 4157 318 4208 ut
339 4151 434 4208 virum
456 4151 559 4221 mittat,
582 4151 635 4226 qui
654 4169 717 4208 cum
740 4149 832 4225 ipsius
854 4151 948 4226 legato
969 4153 1183 4210 communitatis
1204 4153 1330 4211 civitatis
1349 4154 1452 4210 montis
1473 4151 1546 4212 Gre-

462 4257 552 4315 censt'r
566 4258 758 4331 possessiones
779 4257 938 4316 reambulet
957 4276 1111 4333 earumque
1132 4269 1222 4317 metas
1243 4267 1369 4318 renovet.

385 4397 602 4473 sigismundus
625 4400 675 4460 dei
698 4403 801 4474 gracia
824 4401 1038 4460 Romanorum
1053 4403 1233 4478 imperator,
1249 4419 1374 4478 semper
1388 4409 1546 4478 augustus,

282 4521 319 4564 ac
341 4506 507 4580 Hungarie,
531 4507 686 4581 Bohemie,
710 4507 880 4581 Dalmacie,
904 4508 1033 4567 Croacie
1063 4515 1119 4568 etc.
1151 4527 1214 4570 rex.
1244 4509 1405 4569 Fidelibus
1433 4512 1547 4570 nostris

281 4613 419 4687 capitulo
440 4612 567 4671 ecclesie
590 4613 672 4671 Albe
695 4615 818 4686 regalis,
842 4615 975 4674 salutem
998 4619 1028 4674 et
1061 4617 1208 4690 graciam.
1242 4615 1364 4675 Dicitur
1393 4617 1484 4675 nobis
1515 4618 1546 4676 in

280 4719 421 4794 personis
443 4717 585 4777 fidelium
608 4725 787 4778 nostrorum
810 4718 930 4797 judicis,
952 4719 1134 4798 juratorum,
1169 4728 1406 4798 ceterorumque
1429 4723 1546 4782 civium

281 4829 312 4884 et
333 4825 508 4884 incolarum
531 4827 665 4884 civitatis
688 4832 793 4886 nostre
814 4827 929 4886 montis
951 4827 1113 4887 Grecensis
1135 4829 1174 4888 de
1197 4829 1356 4904 Zagrabia,
1387 4829 1547 4905 quomodo

281 4931 390 4990 eadem
413 4932 523 4991 civitas
544 4937 650 4991 nostra
672 4933 826 5008 legittima
855 4936 1106 4995 reambulacione
1131 4938 1171 4996 'et
1205 4942 1360 4996 metarum
1390 4937 1547 4996 ereccione
1591 4936 1599 4948 ’

280 5041 310 5098 et
331 5039 534 5098 renovacione
556 5039 730 5116 plurimum
753 5039 913 5114 indigeret,
936 5057 1031 5116 super
1054 5057 1116 5118 quo
1132 5043 1276 5102 fidelitati
1294 5049 1397 5104 vestre
1412 5043 1546 5104 firmiter
