3948 5804
742 591 817 651 Doc.
839 604 889 669 70.
912 625 956 636 -
978 593 1034 651 An.
1057 607 1149 671 1434„
1542 595 1581 668 87

320 807 425 866 ximus
445 807 492 866 nil
512 808 543 866 in
562 808 626 866 ⁴hiis
647 823 747 882 usque
769 809 801 867 in
823 808 1054 884 presenciarum
1077 807 1178 867 iacere
1201 810 1387 882 curavisset;
1415 811 1486 870 ideo
1508 809 1586 868 fide·

320 913 401 972 litati
425 919 527 972 vestre
550 913 647 972 simili
667 919 774 972 nostro
796 915 855 972 sub
878 919 1026 989 precepto
1049 913 1182 972 firmiter
1211 915 1409 988 iniungimus,
1434 921 1585 990 quatenus

233 1085 234 1088 Ἴ
319 1019 455 1093 interim,
480 1019 577 1079 donec
600 1020 749 1080 videlicet
770 1028 801 1079 et
823 1035 985 1095 quousque
1008 1018 1127 1096 prefate
1159 1020 1345 1094 differencie,
1372 1023 1586 1080 contenciones

320 1109 350 1184 et
373 1127 584 1186 controversie
618 1128 698 1186 inter
733 1127 832 1185 dictos
867 1126 1010 1184 dominos
1037 1131 1068 1184 et
1098 1140 1155 1184 vos
1177 1143 1235 1200 per
1257 1127 1413 1201 prefatum
1437 1129 1582 1186 comitem

319 1231 407 1304 Cilie‚
430 1237 484 1291 aut
506 1233 646 1306 aliquem
669 1233 768 1292 alium
790 1249 848 1307 per
870 1247 926 1290 nos
949 1231 989 1289 ad
1019 1231 1052 1290 id
1087 1231 1302 1306 deputandum
1337 1249 1392 1291 seu
1421 1235 1583 1307 propriam

319 1344 457 1396 nostram
480 1339 674 1397 maiestatem
697 1339 989 1413 complanabuntur,
1012 1354 1067 1396 seu
1101 1337 1203 1396 forma
1232 1336 1310 1415 juris
1340 1338 1532 1397 sedabuntur
1554 1347 1584 1398 et

319 1445 417 1502 eciam
451 1451 563 1520 expost
597 1445 736 1519 prefatos
767 1443 910 1504 dominos
934 1445 965 1503 in
988 1458 1098 1502 eorum
1121 1444 1293 1516 territoriis,
1316 1445 1348 1503 in
1372 1460 1507 1518 quorum
1530 1444 1584 1503 do-

320 1550 416 1608 minio
438 1549 533 1609 iidem
557 1551 595 1609 de
618 1551 755 1626 presenti
777 1551 920 1622 existunt,
944 1555 975 1609 et
998 1564 1056 1624 pro
1080 1555 1151 1608 tunc
1175 1549 1251 1607 dum
1272 1550 1385 1624 prefati
1400 1553 1496 1610 vestri
1512 1565 1583 1610 con-

321 1655 403 1712 cives
414 1655 445 1714 in
461 1656 544 1714 dicta
558 1658 637 1715 urbe
649 1657 790 1714 Romana
805 1657 836 1714 in
852 1657 1009 1731 presencia
1025 1661 1128 1715 nostre
1144 1658 1312 1716 maiestatis
1328 1659 1460 1729 suerunt,
1477 1659 1584 1717 extite-

320 1767 400 1834 runt,
415 1761 469 1820 sed
485 1769 515 1820 et
531 1763 602 1821 aliis
618 1763 758 1836 ipsorum
775 1762 1021 1836 possessionibus
1037 1777 1073 1819 ac
1087 1760 1209 1838 juribus
1226 1765 1475 1837 possessionariis
1491 1769 1584 1838 atque

319 1868 431 1926 tenutis
465 1868 643 1927 nullatenus
676 1867 839 1942 impedire,
866 1868 1033 1926 molestare
1056 1875 1087 1926 et
1109 1869 1293 1942 perturbare
1317 1871 1504 1944 presumatis
1526 1887 1583 1928 nec

319 1974 385 2032 sitis
407 1976 475 2033 ausi
497 1974 592 2033 modo
615 1975 753 2049 aliquali.
776 1973 838 2048 Qui
860 1975 886 2032 si
917 1975 1106 2032 contrarium
1137 1973 1279 2046 feceritis,
1311 1980 1423 2032 extunc
1450 1978 1583 2034 commi-

319 2080 468 2139 simus'et
489 2081 568 2139 serie
590 2081 786 2156 presencium
808 2081 1032 2138 committimus
1055 2079 1143 2139 fideli
1165 2065 1271 2138 nostro
1294 2081 1461 2154 magnifico
1476 2083 1584 2140 comiti

319 2185 466 2260 Mathoni,
501 2188 581 2245 inter
615 2193 716 2245 cetera
738 2187 935 2260 episcopatus
968 2188 1177 2260 zagrabiensis
1214 2195 1245 2246 et
1279 2187 1411 2246 antefate
1449 2189 1583 2247 civitatis

319 2298 422 2350 nostre
457 2294 659 2365 gubernatori
689 2299 719 2351 et
753 2309 823 2351 suas
856 2293 940 2352 vices
969 2293 1088 2352 ibidem
1111 2295 1299 2368 gerentibus,
1323 2301 1357 2353 ut
1379 2295 1439 2369 ipsi
1462 2309 1520 2352 vos
1542 2295 1582 2352 ad

319 2399 574 2458 observacionem
599 2398 792 2474 prefatorum
814 2404 994 2457 nostrorum
1017 2399 1236 2458 mandatorum
1260 2401 1361 2458 arcius
1392 2401 1584 2474 compellant

319 2509 349 2561 et
372 2505 550 2578 astringant
573 2504 667 2563 Secus
690 2520 765 2576 ergo
788 2503 889 2562 facere
912 2521 973 2563 non
997 2506 1101 2564 ausuri
1124 2511 1228 2565 nostre
1251 2507 1354 2579 gracie
1370 2507 1430 2564 sub
1446 2506 1582 2564 obtentu.

312 2611 479 2668 ,Presentes
512 2615 617 2669 autem
652 2616 724 2686 post
753 2625 862 2668 earum
897 2611 1048 2669 lecturam
1083 2611 1174 2670 reddi
1207 2610 1352 2688 jubemus
1386 2612 1582 2686 presentanti.

318 2717 435 2775 Datum
456 2716 575 2776 Basilee
598 2716 675 2775 feria
697 2717 791 2776 tercia
824 2717 970 2791 proxima
996 2720 1068 2776 ante
1096 2717 1211 2776 festum
1241 2718 1411 2778 nativitatis
1446 2717 1580 2776 Domini.

318 2816 410 2883 Anno
434 2823 574 2882 eiusdem
597 2823 824 2882 MCCCCXXX
847 2825 949 2883 tercio.
974 2824 1154 2898 Regnorum
1183 2827 1371 2897 nostrorum,
1395 2839 1475 2883 anno
1496 2825 1583 2882 Hun-

317 2929 479 3002 garie‘eic.
502 2929 623 2988 xnvn.
653 2931 865 2988 Romanorum
894 2929 1018 2990 xxiiii.
1048 2931 1194 2989 nonense
1223 2915 1327 2990 xt111.‘
1347 2931 1475 3006 Imperii
1507 2946 1582 2989 vero

317 3050 431 3111 primo.
524 3111 526 3116 Ι

422 3173 556 3236 Originale
575 3173 602 3223 in
620 3174 715 3225 charin.
754 3176 786 3222 In
804 3175 919 3238 margine
939 3173 1055 3223 inferiori
1074 3173 1226 3238 impressum
1245 3181 1284 3222 est
1303 3173 1425 3237 sigillum.
1462 3173 1494 3221 In
1512 3172 1580 3223 arch.

316 3261 467 3328 archiepisc.
487 3261 589 3326 zagrnb.
608 3262 720 3312 Politice
739 3263 800 3314 fasc.
823 3275 844 3314 1.
865 3277 902 3314 nr.
922 3274 946 3313 2.

919 3491 984 3560 70.

420 3615 502 3664 Anno
524 3628 597 3679 1434,
620 3615 658 3666 16.
678 3615 771 3668 martii.
791 3615 918 3667 Basilene.

315 3725 517 3800 Sagismundus
534 3725 715 3805 Hurrgarr'ae
731 3733 778 3784 etc.
795 3743 857 3796 rex,
881 3724 1010 3799 Georgia
1025 3724 1232 3799 archepiscqro
1254 3727 1440 3800 strigoniensi
1453 3727 1582 3794 ntundat,

314 3840 348 3890 ut
377 3834 408 3889 in
438 3833 484 3890 ius
515 3840 594 3890 uocet
622 3833 807 3906 Rudolnlrum
839 3833 995 3901 Albanum,
1026 3833 1079 3906 qui
1106 3827 1231 3906 legdtum
1254 3833 1292 3890 ub
1309 3831 1450 3909 soltanus
1474 3833 1582 3890 Albeno

381 3939 507 4012 epr'scqto
530 3939 662 3996 ecclesiae
684 3939 846 3996 cathedrali
866 3939 1053 4012 sagrabicnsi
1072 3939 1200 3996 relictum
1223 3939 1321 3998 adhuc
1343 3956 1400 3994 non
1422 3939 1514 3996 solvit.

928 4075 1084 4125 Commissio
1103 4077 1207 4142 propria
1226 4075 1323 4124 domini
1341 4076 1510 4140 imperatoris.

420 4187 639 4262 sigismundus
663 4187 712 4245 dei
728 4188 833 4260 gracia
848 4188 1062 4246 Romanorum
1078 4189 1258 4260 imperator,
1282 4203 1408 4262 semper
1423 4193 1580 4262 augustus,

314 4312 350 4354 ac
372 4296 539 4368 Hungarie,
555 4293 712 4366 Bohemie,
735 4293 906 4364 Dalmacie,
930 4293 1057 4352 Croacie
1080 4299 1135 4351 etc.
1152 4309 1215 4352 rex.
1230 4293 1331 4351 Fideli
1346 4299 1452 4352 nostro
1468 4293 1582 4354 devoto

315 4408 345 4459 et
370 4402 488 4459 sincere
519 4400 634 4459 dilecto
663 4400 924 4459 reverendissimo
955 4402 986 4459 in
1018 4400 1143 4458 Christo
1174 4401 1265 4474 patri,
1296 4399 1423 4459 domino
1446 4399 1581 4474 Georgio

319 4508 555 4582 archiepiscopo
579 4508 783 4580 strigoniensi,
800 4507 923 4581 locique
939 4507 1078 4565 eiusdem
1094 4508 1200 4565 comiti
1222 4513 1374 4582 perpetuo
1397 4523 1432 4564 ac
1454 4508 1582 4581 primati

314 4621 344 4672 et
367 4613 540 4688 apostolice
564 4612 646 4672 sedis
669 4613 773 4686 legato
795 4619 875 4670 nato
891 4613 1025 4670 salutem
1049 4619 1079 4670 et
1101 4613 1246 4686 graciam.
1281 4611 1389 4686 Nuper
1412 4629 1469 4687 pro
1493 4619 1582 4687 parte

313 4719 508 4779 honorabilis
534 4718 665 4792 capituli
687 4719 816 4777 ecclesie
838 4719 1048 4792 zagrabiensis
1072 4725 1179 4776 contra
1202 4724 1232 4777 et
1255 4718 1404 4776 adversus
1421 4719 1582 4791 egregium

314 4825 488 4884 Rodolsum
513 4823 551 4882 de
574 4824 678 4882 Alben
703 4828 733 4882 et
756 4825 793 4882 de
817 4825 946 4896 Medwe,
974 4823 1103 4883 fratrem
1130 4826 1247 4883 scilicet
1271 4825 1581 4883 carnalem-condam

314 4929 481 4992 reverendi
503 4930 600 5005 patris
624 4929 742 4988 domini
760 4931 909 5013 Johannis
928 4931 1066 5005 episcopi
1082 4931 1298 5004 aagrabiensis,
1314 4923 1476 5006 proposita
1491 4931 1581 4989 nobis

314 5039 404 5114 gravi
428 5037 555 5112 querela
579 5037 752 5096 continente
775 5037 806 5096 in
829 5039 949 5110 effectu,
984 5037 1143 5112 quomodo
1179 5039 1246 5112 ipse
1282 5037 1439 5096 Rodolfus‘
1474 5045 1580 5096 contra
