3948 5804
745 543 818 602 Doc.
835 556 890 619 32.
916 575 955 584 -
981 541 1037 598 An.
1061 553 1149 618 1422.
1542 560 1582 620 39
1627 607 1635 619 ,

316 757 441 830 incolas,
464 755 592 834 judices,
615 757 681 815 XII.
704 755 831 832 juratos,
854 771 994 814 necnon
1019 755 1168 826 homines,
1192 758 1516 832 communitatemque
1536 773 1583 815 sa·

318 864 468 937 crilegam
492 868 521 921 et
555 864 661 920 locum
693 855 773 920 dicte
807 862 941 920 civitatis
975 862 1156 920 firmissimo
1187 864 1394 923 ecclesiastico
1419 864 1583 922 interdicto

317 985 388 1027 curn
411 970 475 1028 suis
498 961 657 1028 suburbiis
673 969 808 1026 subactis
829 971 860 1025 et
882 968 1060 1042 subpositis
1077 968 1293 1043 subiectosque
1309 975 1339 1028 et
1355 971 1534 1045 subpositos
1550 971 1582 1028 in

317 1086 428 1148 genere
451 1075 796 1147 excommunicatosque
818 1073 930 1132 maiori
955 1075 1285 1149 excommunicacione,
1308 1075 1384 1153 juris
1401 1081 1431 1134 et
1446 1077 1582 1134 hominis

316 1185 346 1238 et
369 1181 582 1240 inhabilitatos
603 1195 638 1238 ac
661 1180 704 1238 ita
727 1180 868 1254 privatos
892 1179 1065 1253 quemlibet
1094 1181 1236 1255 ipsorum
1269 1187 1299 1240 et
1331 1183 1525 1242 nominanter
1547 1197 1583 1240 ac

319 1287 350 1344 tn
373 1288 476 1361 specie
499 1292 529 1344 et
551 1287 726 1358 signanter:
748 1285 891 1344 Chonum
922 1285 961 1344 de
994 1286 1165 1360 Florencia,
1198 1286 1334 1363 judicem
1366 1286 1404 1346 de
1435 1289 1580 1362 presenti,

318 1393 501 1451 Michaelem
535 1392 717 1465 Sebastiani,
752 1393 925 1474 Johannem
960 1392 1144 1468 Bohemum,
1177 1395 1351 1476 Johannem
1381 1395 1508 1468 Zygeth,
1530 1395 1583 1477 Jo-

317 1501 450 1557 hannem
473 1500 667 1572 Hungarum,
692 1499 856 1558 Vrbanum
879 1500 1125 1574 Krapchewych,
1149 1501 1227 1559 alias
1245 1498 1373 1576 judices,
1389 1500 1582 1558 Anthonium

316 1605 354 1663 de
377 1605 539 1668 Florencia
562 1620 661 1680 prope
684 1611 818 1681 portam,
842 1611 1011 1680 utrumque
1034 1607 1215 1679 Fabianum,
1232 1608 1392 1680 litteratos,
1409 1607 1581 1680 Georgium

316 1705 478 1785 sartorem,
514 1713 663 1785 iwanum,
699 1713 848 1784 Paulum,
883 1711 1097 1786 Benedictum,
1132 1713 1321 1788 Gregorium
1355 1719 1385 1772 et
1419 1713 1581 1785 Briccium,

317 1819 436 1890 tratres,
460 1819 559 1878 dictos
582 1818 757 1891 Hudostyh,
780 1819 957 1902 Johannem
981 1820 1118 1892 Peronis‚
1142 1819 1312 1894 Georgium
1336 1820 1375 1878 de
1397 1819 1581 1891 Modrussio,

317 1923 517 1984 Valentinum
540 1925 677 1998 Gobech‚
702 1925 780 1984 duos
803 1925 974 1984 familiares
997 1927 1106 2012 Jacobi
1129 1927 1299 2000 castellani,
1318 1927 1476 1986 Andream
1499 1926 1582 1984 Petri

316 2031 414 2104 Satan,
436 2032 619 2091 Ladislaum
641 2032 845 2104 aurifabrum,
869 2033 1019 2091 Mathiam
1050 2033 1259 2106 scolasticum,
1295 2033 1489 2108 Stephanum
1522 2033 1581 2090 Ra·

316 2136 441 2212 karych,
465 2139 617 2222 Jacobum
639 2139 826 2214 Popowych
850 2121 1044 2198 Demetrium
1067 2140 1251 2212 Rosowych‚
1274 2139 1479 2213 Wlfgangum
1502 2139 1584 2214 lapi-

317 2237 429 2316 cidam,
453 2245 625 2319 parlerium
648 2245 788 2317 condam,
813 2245 1001 2319 Gregorium
1025 2246 1064 2304 de
1088 2247 1264 2320 Bethowya,
1280 2247 1452 2330 Johannem
1470 2247 1581 2317 Kneht,

317 2351 471 2410 Thomam
494 2357 641 2423 sutorem,
663 2352 821 2410 Andream
852 2352 1010 2426 Zwylych,
1043 2354 1253 2424 Dominicum,
1285 2353 1425 2422 Paulum,
1460 2351 1581 2424 fratres,

317 2472 353 2514 ac
377 2457 541 2516 Nicolaum
565 2465 595 2516 et
618 2458 776 2516 Andream
800 2459 987 2532 Bogdanych
1011 2475 1182 2533 eorumque
1206 2459 1374 2534 complices
1391 2465 1421 2516 et
1437 2459 1582 2530 fautores,

317 2565 452 2622 accensis
476 2563 612 2623 candelis
636 2565 826 2639 demumque
849 2567 991 2624 extinctis
1021 2572 1052 2624 et
1082 2567 1114 2624 in
1145 2572 1260 2624 terram
1292 2565 1445 2639 proiectis,
1476 2565 1582 2638 pulsa·

320 2671 421 2743 lisque
445 2671 605 2744 campanis
628 2671 659 2728 in
682 2671 820 2730 ecclesiis
843 2673 955 2730 vestris
978 2687 1013 2730 ac
1036 2673 1231 2730 monasteriis
1255 2677 1286 2730 et
1308 2672 1438 2746 capellis
1455 2671 1582 2746 publice

318 2781 348 2833 et
371 2777 401 2833 in
426 2777 613 2834 ambonibus
636 2776 828 2835 denuncietis,
850 2783 879 2835 et
903 2777 1081 2836 denunciari
1112 2773 1231 2836 faciatis
1255 2779 1285 2836 in
1309 2779 1434 2850 signum
1457 2793 1587 2851 perver-¹

321 2882 420 2939 sitatis
444 2882 583 2956 ipsorum
607 2883 739 2955 singulis
762 2883 872 2942 diebus
896 2883 1058 2944 dominicis
1082 2889 1112 2943 et
1142 2885 1268 2957 festivis,
1299 2885 1447 2958 precipue
1477 2889 1582 2945 tamen

320 3003 376 3046 vos
400 2994 460 3046 tres
484 2989 638 3062 capellani
661 2991 728 3047 sive
751 2995 886 3048 rectores
909 2992 1029 3065 capelle
1052 2992 1150 3049 sancti
1172 2992 1268 3049 Marci
1286 2991 1486 3064 ewangeliste
1502 2991 1582 3048 dicte

318 3102 460 3169 pretense
483 3095 616 3154 civitatis
639 3103 669 3154 et
692 3097 806 3154 montis
830 3096 992 3155 Grecensis
1023 3103 1054 3155 et
1084 3097 1219 3170 quilibet
1253 3101 1393 3154 vestrum
1427 3097 1578 3168 effective,

317 3202 489 3260 inhibentes
513 3202 604 3259 vobis
628 3218 773 3276 expresse
802 3204 862 3260 sub
884 3203 981 3262 simili
1003 3210 1033 3262 et
1056 3203 1309 3262 incarceracionis
1332 3219 1368 3260 ac
1392 3203 1581 3277 privacionis

317 3307 411 3365 officii
436 3313 467 3366 et
490 3308 632 3366 beneficii
655 3309 743 3382 penis
766 3313 796 3366 et
819 3309 1012 3382 quibuslibet
1035 3309 1105 3367 aliis
1128 3325 1165 3366 ne
1186 3308 1314 3367 indicta
1331 3309 1481 3380 sacrilega
1505 3309 1580 3367 civi·

317 3419 379 3474 tate
402 3421 454 3472 aut
477 3430 582 3472 coram
600 3416 669 3488 ipso
684 3415 804 3489 populo
816 3431 870 3473 seu
881 3417 1032 3490 sacrilega
1044 3417 1265 3474 communitate
1277 3417 1343 3473 sive
1354 3417 1424 3473 loco
1440 3417 1582 3490 ipsorum

315 3526 369 3578 aut
392 3521 586 3593 quibuslibet
609 3522 678 3579 aliis
694 3523 749 3580 ubi
761 3529 791 3580 et
807 3523 837 3580 in
850 3523 964 3596 quibus
977 3538 1098 3582 moram
1116 3524 1273 3592 traxerint,
1291 3523 1525 3597 pertransierint
1549 3529 1579 3580 et

317 3626 467 3701 quamdiu
490 3627 535 3685 ibi
559 3629 728 3686 manserint
751 3629 895 3686 continuo
918 3644 954 3686 ac
977 3629 1105 3687 demum
1129 3646 1186 3702 per
1209 3629 1347 3687 triduum
1379 3634 1449 3702 post
1472 3643 1578 3686 eorum

316 3736 357 3792 ab
380 3734 451 3792 inde
474 3750 630 3792 recessum
654 3736 706 3793 vel
729 3751 835 3794 coram
858 3736 935 3810 ipsis
959 3736 1233 3794 excommunicatis
1249 3735 1355 3794 divina
1371 3735 1476 3792 officia
1499 3735 1578 3792 cele·

318 3843 408 3899 brare
431 3847 484 3899 aut
515 3842 623 3916 pocius
655 3839 851 3916 pr‘ophanare
885 3841 1109 3916 quoquomodo
1144 3843 1364 3916 presummatis
1399 3845 1451 3899 aut
1486 3841 1579 3898 ceteri

317 3952 505 4021 presumant,
529 3963 585 4004 nec
607 3948 669 4006 alia
685 3964 807 4022 queque
822 3946 892 4024 jura
908 3949 1113 4007 ecclesiastica
1129 3963 1272 4006 exercere
1288 3947 1406 4006 ibidem
1422 3953 1452 4005 et
1475 3961 1581 4004 coram

316 4053 359 4110 eis
383 4069 419 4110 ac
443 4052 559 4110 eisdem
583 4054 759 4112 ministrare
782 4053 918 4129 demptis
942 4055 1111 4126 dumtaxat,
1136 4069 1197 4127 que
1220 4053 1258 4111 de
1281 4051 1348 4128 jure
1371 4053 1487 4111 talibus
1510 4067 1581 4125 per·

316 4161 481 4218 mittuntur
504 4161 588 4234 ipsis,
612 4159 827 4218 firmissimum
859 4167 890 4218 et
919 4163 1098 4244 continuum
1129 4159 1374 4218 ecclesiasticum
1405 4158 1581 4232 predictum

315 4267 517 4324 observantes
542 4266 749 4338 interdictum,
774 4265 922 4324 cessando
946 4281 1071 4340 quoque
1091 4265 1215 4323 interim
1239 4269 1269 4322 et
1300 4280 1425 4338 semper
1455 4265 1579 4339 penitus

314 4387 332 4429 a
356 4372 479 4445 divinis,
504 4377 663 4430 monentes
687 4378 829 4446 preterea
852 4388 960 4430 omnes
983 4377 1013 4430 et
1038 4370 1177 4444 singulos
1201 4371 1279 4428 alios
1312 4370 1430 4428 Christi
1461 4370 1579 4442 fideles,

313 4494 405 4536 sexus
428 4479 590 4552 utriusque
614 4480 763 4549 homines,
787 4494 865 4552 quos
888 4485 918 4537 et
940 4493 995 4537 nos
1027 4483 1056 4535 et
1089 4477 1262 4551 quemlibet
1296 4478 1436 4550 ipsorum
1474 4485 1579 4536 tenore

316 4585 511 4658 presencium
535 4585 647 4658 primo,
671 4584 815 4657 secund0,
840 4586 935 4643 tercio
959 4590 990 4642 et
1021 4585 1120 4642 eciam
1151 4585 1361 4658 peremptorie
1393 4585 1580 4657 requirimus

313 4694 343 4748 et
367 4705 530 4748 monemus
551 4691 656 4764 eisque
678 4697 707 4748 et
729 4691 858 4749 cuilibet
881 4692 1021 4765 ipsorum
1045 4692 1075 4748 in
1099 4691 1214 4748 virtute
1236 4694 1340 4747 sancte
1355 4689 1534 4747 obediencie
1550 4695 1580 4747 et

315 4797 374 4853 sub
397 4799 727 4856 excommunicacionis
750 4813 837 4871 pena,
862 4813 957 4872 quarn
979 4797 1010 4855 in
1045 4795 1297 4855 contrafacientes
1330 4797 1427 4853 trium
1458 4795 1580 4873 dierum

313 4905 459 4963 canonica
483 4905 658 4963 monicione
680 4907 833 4980 premissa
856 4904 985 4963 ferimus
1008 4905 1108 4962 eciam
1136 4904 1167 4961 in
1190 4903 1249 4961 hiis
1284 4903 1416 4976 scriptis,
1441 4902 1579 4959 districte

313 5011 519 5085 precipientes
543 5010 724 5068 mandantes
748 5015 778 5070 et
800 5011 974 5069 inhibentes
997 5027 1035 5068 ne
1051 5011 1095 5068 sic
1111 5010 1387 5068 excommunicatis
1410 5009 1463 5066 vel
1485 5009 1578 5066 inter·
