3948 5804
751 507 824 568 Dec.
848 501 898 563 66.
926 540 964 550 -
992 506 1047 563 An.
1071 517 1159 580 1433.
1545 515 1583 570 77

431 1109 512 1158 Anno
534 1119 609 1170 1433,
629 1117 671 1158 20.
688 1105 762 1170 JuIii.
782 1105 894 1176 Romae.

328 1271 536 1347 Sigismundus‚
560 1271 736 1344 Huugariae
767 1276 815 1327 etc.
848 1287 911 1337 rex,
941 1268 1094 1342 Ruelolpho
1124 1268 1243 1339 Albeno,
1273 1267 1362 1324 nobili
1389 1267 1423 1324 de
1459 1266 1590 1336 Medwd,

329 1398 457 1468 mandat,
473 1404 507 1454 ut
528 1415 565 1454 ex
581 1396 733 1474 johannis
754 1395 866 1464 Albani,
889 1394 1011 1468 episcopi
1030 1394 1236 1468 regredientis,
1259 1399 1424 1452 testamento
1445 1392 1591 1448 dimideiem

322 1522 415 1596 pretii
434 1520 526 1578 castri
549 1519 660 1576 Kuoar
681 1525 710 1576 et
729 1518 852 1575 civitatis
868 1517 1041 1591 Kaproncae
1062 1495 1223 1575 testamenti
1242 1517 1436 1575 executoribus
1458 1516 1590 1589 assignet.

945 1725 1099 1775 Commissio
1117 1726 1221 1790 propria
1238 1726 1335 1774 domini
1353 1726 1522 1791 imperatoris.

437 1873 654 1948 Sigismundus
677 1873 727 1932 dei
749 1875 848 1946 grotta
870 1873 1085 1932 Romanorum
1101 1875 1279 1948 imperator,
1299 1889 1424 1950 semper
1438 1883 1595 1947 augustus,

335 1999 370 2042 ac
393 1982 560 2055 Hungarie,
585 1981 730 2038 Bohemie
753 1987 810 2039 etc.
834 1995 896 2037 rex.
921 1979 1027 2036 Nobili
1050 1979 1200 2037 Rudolffo
1223 1979 1261 2036 de
1284 1980 1387 2038 Alben
1403 1979 1548 2038 residenti
1565 1981 1596 2037 In

334 2093 435 2147 castro
459 2087 588 2156 Medum,
611 2085 697 2144 fideli
719 2091 825 2143 nostro
849 2084 972 2155 dilecto,
996 2085 1129 2157 gratiam
1151 2091 1290 2142 nostram
1310 2089 1341 2142 et
1363 2085 1596 2143 omnebonum.

336 2173 468 2265 Nobilis
490 2191 601 2262 tidelis,
618 2183 745 2248 dilectet
769 2189 1044 2264 Quemadmodum
1061 2189 1218 2264 quondam
1238 2192 1428 2249 venerabilis
1442 2192 1597 2274 Johannes

336 2299 500 2374 episcopus
535 2297 751 2370 zagrabieosis‚
790 2296 994 2355 cancellarius
1024 2301 1129 2355 noster
1163 2297 1301 2368 devotus,
1337 2298 1468 2357 dilectus
1503 2297 1598 2356 irater

336 2411 416 2476 tuus,
452 2405 531 2462 bone
566 2403 725 2474 memorie,
760 2418 850 2460 suum
884 2403 968 2461 diem
991 2403 1101 2461 clausit
1125 2409 1308 2476 extremum,
1332 2421 1484 2478 suumque
1507 2409 1598 2462 testa-

269 2580 272 2586 ,
336 2515 478 2568 mentum
500 2508 640 2568 condidit
662 2515 692 2566 et
715 2508 795 2578 fecit,
817 2510 848 2566 in
872 2524 935 2582 quo
958 2514 1142 2567 testamento
1158 2517 1294 2568 castrum
1311 2511 1424 2568 Kewar
1439 2527 1474 2568 ac
1490 2513 1599 2569 civitas

336 2617 519 2691 Kapruncza
532 2631 603 2673 cum
620 2615 682 2672 suis
700 2615 897 2688 pertinenciis
911 2616 1223 2689 comprehenduntur,
1236 2621 1266 2673 et
1278 2631 1372 2690 super
1387 2618 1503 2675 eisdem
1517 2622 1600 2674 certa

337 2737 460 2782 summa
483 2721 683 2796 pecuniarum
707 2720 745 2777 ad
771 2721 921 2778 fabricam
945 2721 1073 2810 ecclesie
1096 2723 1304 2795 zagrabiensis
1327 2729 1373 2782 est
1395 2741 1452 2798 per
1467 2723 1600 2781 eundem

338 2831 520 2904 episcopum
551 2826 705 2901 deputata.
740 2825 790 2884 Sic
819 2842 875 2884 nos
903 2827 1083 2886 huiusmodi
1117 2833 1336 2886 testamentum
1371 2831 1548 2888 audivimus
1571 2837 1602 2889 et

319 2935 551 3012 ¹intelleximus
573 2933 652 2990 bene
674 2933 772 3004 clare;
796 2934 1027 3008 volentensque,
1061 2935 1145 3008 quod
1175 2936 1355 2994 huiusmodi
1385 2942 1602 2996 testamentum

339 3043 371 3100 in
394 3041 451 3098 illo
474 3045 589 3113 puncto
610 3039 787 3098 nullatenus
810 3039 921 3100 debeat
944 3041 1099 3115 impediri,
1122 3042 1176 3099 sed
1199 3059 1292 3100 suum
1315 3044 1419 3100 sortiri
1449 3045 1601 3116 effectum,

341 3146 484 3205 fidelitati
508 3153 560 3202 tue
583 3161 621 3202 ex
645 3153 728 3202 certa
754 3152 858 3204 nostra
874 3147 1000 3204 scientia
1013 3146 1149 3205 districte
1166 3149 1357 3222 precipimus
1373 3155 1403 3206 et
1420 3149 1603 3206 mandamus

343 3253 532 3326 presentium
563 3266 620 3324 per
650 3252 800 3323 vigorem,
836 3258 987 3325 quatenus
1022 3253 1109 3310 iuxta
1143 3259 1283 3312 tenorem
1307 3256 1405 3329 ipsius
1427 3257 1603 3314 testamenti

342 3358 523 3416 medietates
547 3356 585 3413 de
608 3356 755 3430 predictis
779 3365 879 3416 castro
904 3359 1018 3416 Kewar
1040 3373 1076 3415 ac
1099 3360 1224 3417 civitate
1247 3361 1426 3435 Capruncza
1449 3378 1510 3420 una
1533 3379 1605 3421 cum

345 3463 533 3521 utilitatibus
567 3469 596 3519 et
628 3463 825 3535 pertinenciis
865 3465 928 3522 suis
964 3465 1183 3523 executoribus
1217 3468 1396 3528 huiusmodi
1431 3471 1605 3528 testamenti

343 3571 461 3642 absque
484 3568 725 3626 contradictione
748 3577 779 3627 et
802 3584 889 3628 more
911 3571 1074 3645 dispendio
1099 3573 1173 3631 visis
1197 3577 1393 3648 presentibus
1417 3579 1553 3650 assignes
1576 3587 1607 3636 et

344 3674 570 3733 condescendas
593 3674 782 3747 habendum,
806 3675 983 3749 tenendum,
1000 3678 1214 3738 utiIruendum
1230 3689 1259 3740 et
1277 3684 1497 3757 possidendum
1521 3686 1608 3743 iuxta

344 3782 442 3856 ipsius
476 3781 649 3838 testamenti
684 3783 906 3842 continenciam
942 3785 1019 3857 ipsis
1054 3789 1291 3847 testamentariis
1325 3797 1356 3849 et
1390 3794 1607 3850 executoribus

344 3887 466 3944 nullum
491 3885 751 3958 impedimentum
774 3889 805 3946 in
829 3889 940 3947 eodem
963 3897 1147 3951 testamento
1170 3901 1200 3952 et
1223 3897 1288 3954 eius
1324 3897 1530 3971 disposicione
1563 3901 1608 3957 in·

346 3991 474 4050 ferendo
497 3993 712 4065 quovismodo.
736 3995 838 4054 Aliter
859 4011 920 4054 non
942 3996 1079 4056 tacturus
1102 4000 1133 4058 in
1158 4003 1316 4074 premissis
1347 4013 1441 4077 prout
1471 4013 1608 4065 nostram

346 4099 479 4172 gratiam
503 4098 640 4157 volueris
665 4115 855 4160 conservare.
878 4103 994 4161 Datum
1018 4105 1117 4163 Rome
1146 4107 1195 4165 die
1227 4109 1292 4167 XX.
1315 4111 1399 4193 Julii.
1431 4113 1609 4185 Regnorum

347 4210 525 4262 nostrorum
548 4220 628 4264 anno
652 4207 812 4280 Hungarie
835 4215 889 4268 etc.
913 4210 1044 4283 XLVII,
1079 4213 1292 4274 Romanorum
1324 4217 1432 4277 XXIII.
1464 4219 1610 4279 Bohemie

346 4310 435 4382 XIII,
459 4316 489 4368 et
511 4312 634 4385 imperii
656 4313 767 4387 primo,

453 4535 587 4599 Originale
606 4538 633 4586 in
652 4537 746 4590 charte.
766 4541 797 4588 In
817 4542 930 4604 margIne
948 4543 1023 4594 infer.
1042 4544 1195 4608 impressum
1214 4553 1252 4594 est
1271 4548 1391 4611 sigillum.
1423 4553 1454 4600 In
1467 4553 1534 4602 arch.
1555 4571 1610 4604 ven.

349 4624 434 4688 Capit.
453 4625 515 4678 eccl.
535 4627 636 4690 zcgrab.
656 4628 717 4678 Act.
739 4629 793 4692 Cap
822 4636 874 4680 ant.
894 4632 954 4683 Iaso.
980 4644 1036 4682 101.
1055 4650 1086 4682 nr
1114 4646 1155 4700 25,
