3930 5802
717 561 791 621 Doc.
814 556 883 638 163.
909 593 951 604 -
975 561 1032 619 An.
1057 571 1146 638 1452.
1494 573 1551 628 225

287 779 589 854 pronunciacionem,
612 793 648 836 ac
670 777 817 836 mandato
841 776 1048 849 omnibusque
1078 775 1147 833 aliis
1170 777 1201 832 et
1223 773 1354 846 singulis
1385 773 1555 848 premissis,

290 882 367 943 dum
390 885 444 958 sic,
466 889 501 943 ut
531 883 733 959 premittitur,
767 899 826 958 per
859 881 1017 957 prefatum
1051 880 1215 938 dominum
1244 879 1446 938 Benedictum
1477 879 1557 952 epis·

288 1005 406 1066 copum
436 989 546 1050 fierent
578 996 609 1049 et
642 993 816 1063 agerentur,
850 1003 985 1046 unacum
1019 987 1242 1060 prenominatis
1276 985 1408 1044 testibus
1429 999 1557 1059 presens

287 1097 424 1170 interfui,
450 1112 547 1170 eaque
570 1096 675 1154 omnia
709 1101 740 1153 et
762 1093 884 1168 singula
917 1095 962 1152 sic
995 1092 1065 1151 fieri
1087 1091 1154 1150 ridi
1191 1099 1222 1150 et
1256 1090 1371 1163 audivi,
1404 1089 1475 1148 ideo
1498 1091 1558 1149 hoc

292 1219 418 1278 presens
440 1203 605 1278 publicum
630 1203 879 1272 instrumentum,
904 1215 954 1258 me
977 1199 1068 1259 certis
1091 1203 1300 1273 preoccupato
1330 1197 1476 1271 negociis,
1500 1211 1557 1271 per

291 1309 390 1368 alium
412 1309 549 1368 fideliter
571 1310 733 1384 scriptum,
757 1307 867 1367 exinde
902 1305 1028 1378 conieci,
1064 1305 1228 1379 publicavi
1260 1309 1290 1362 et
1323 1304 1355 1362 in
1385 1303 1465 1362 hanc
1499 1318 1555 1378 pu-

292 1415 411 1474 blicam
437 1414 572 1474 formam
595 1415 701 1488 redegi
725 1430 760 1472 ac
784 1413 822 1472 de
845 1412 993 1471 mandato
1016 1409 1131 1486 prelati
1161 1409 1280 1468 domini
1301 1407 1457 1468 Benedicti
1478 1408 1559 1483 epis·

291 1521 362 1596 copi
383 1536 480 1580 manu
503 1521 633 1596 propria
657 1520 838 1595 subscripsi,
861 1519 1012 1592 signoque
1035 1522 1065 1576 et
1095 1517 1219 1575 nomine
1249 1515 1363 1574 nostris
1393 1513 1493 1573 solitis
1528 1517 1559 1572 et

291 1627 445 1686 consuetis
469 1628 604 1685 unacum
627 1626 817 1701 appensione
837 1625 935 1698 sigilli
970 1624 1044 1682 dicti
1075 1623 1195 1681 domini
1225 1621 1381 1680 Benedicti
1416 1621 1557 1696 episcopi

291 1733 483 1806 consignavi,
507 1739 634 1805 rogatus
657 1739 687 1791 et
708 1732 876 1806 requisitus
899 1731 930 1790 in
953 1729 1050 1788 fidem
1073 1735 1104 1788 et
1126 1727 1338 1787 testimonium
1363 1727 1505 1786 omnium
1528 1730 1558 1784 et

291 1840 490 1912 singulorum
511 1839 746 1914 premissorum.

398 1948 440 2014 (A
459 1946 555 2014 tergo).
578 1945 724 2003 Exhibite
746 1945 825 2005 mihi
845 1943 1011 2002 Valentino
1033 1941 1170 2017 plebano
1193 1941 1307 2000 montis
1330 1938 1492 1998 Grecensis
1514 1938 1560 1996 vi-

292 2053 412 2126 gesima
435 2051 485 2110 die
506 2052 623 2110 mensis
646 2048 786 2128 januarii.
809 2051 900 2108 Anno
923 2048 1042 2108 domini
1063 2047 1257 2106 MCCCCLX
1280 2051 1398 2120 quarto.

399 2188 533 2253 originale
550 2189 578 2238 in
596 2188 752 2246 membrana,
772 2204 787 2236 a
804 2203 869 2236 zona
887 2187 983 2236 sericea
1001 2185 1078 2234 rubra
1095 2184 1192 2250 pendet
1210 2183 1325 2248 sigillum
1343 2181 1460 2269 episcopi
1478 2182 1560 2230 Bene-

292 2278 363 2330 dicti.
382 2279 415 2328 In
433 2277 503 2330 arch.
521 2293 578 2330 ven.
597 2277 683 2342 Capit.
702 2277 803 2341 cagrab.

890 2469 973 2537 163.

401 2612 481 2661 Anno
502 2622 578 2676 1452,
598 2621 622 2675 5.
639 2610 723 2674 Junii.
742 2609 891 2674 Zagrabiae.

299 2721 404 2780 Coram
427 2721 551 2796 capitale
572 2720 689 2794 zagrab.
714 2715 857 2778 M'colaus
878 2718 913 2777 dc
935 2719 1096 2777 Beleslovec
1118 2725 1148 2778 et
1166 2718 1329 2779 catharina
1347 2720 1485 2790 Pravdic‘,
1501 2721 1561 2780 er'rcs

284 2811 366 2886 filia,
389 2829 408 2867 a
430 2810 628 2868 communitate
649 2808 775 2867 civitates
796 2807 963 2866 documenta
977 2809 1166 2882 possessionis
1188 2810 1379 2884 oppignorata
1401 2809 1459 2867 sibi
1478 2809 1559 2868 resti·

759 2904 824 2956 tuta
846 2915 905 2956 esse
919 2897 1103 2970 profitentur.

400 3025 463 3084 Nos
487 3025 660 3099 capitulum
683 3024 811 3083 ecclesie
833 3025 1049 3098 zagrabiensis.
1069 3025 1219 3084 Memoris
1235 3023 1490 3084 commendamus
1506 3041 1563 3102 per

295 3137 461 3207 presentes,
485 3129 570 3205 quod
593 3131 749 3203 Nicolaus,
772 3130 856 3189 filius
879 3129 1052 3190 Sebastiani
1084 3131 1122 3190 de
1153 3131 1342 3190 Belezlowcz
1374 3147 1410 3189 ac
1443 3131 1562 3190 nobilis

296 3237 423 3296 domina
446 3237 616 3296 Katherina
638 3243 758 3309 vocata,
780 3236 848 3296 filia
870 3237 1010 3295 eiusdem
1025 3237 1156 3310 Nicolai,
1172 3237 1231 3296 filii
1247 3235 1429 3310 Sebastiani,
1452 3235 1562 3296 relicta

295 3359 372 3402 vero
406 3343 539 3402 condam
573 3342 708 3417 Georgii,
743 3343 803 3402 filii
837 3343 916 3402 olim
946 3343 1068 3402 Nicolai
1089 3344 1206 3402 literati
1229 3343 1304 3402 dicti
1326 3342 1501 3416 Prawdych
1524 3343 1563 3402 de

295 3449 459 3522 Drenowa,
483 3451 515 3508 in
537 3450 679 3524 ipsorum
703 3465 739 3508 ae
762 3450 867 3521 Marci,
891 3441 1025 3529 N(icolai
1047 3443 1089 3528 et)
1112 3449 1248 3522 Georgii,
1271 3449 1411 3508 filiorum
1432 3449 1564 3526 predicti

296 3555 429 3614 condam
451 3554 578 3638 Georgii
600 3556 783 3630 Prawdych,
807 3571 846 3614 ex
867 3555 977 3614 eadem
1001 3555 1127 3615 domina
1142 3557 1312 3615 Katherina
1327 3558 1563 3630 progenitorum

296 3663 446 3737 personis,
470 3661 616 3721 oneribus
640 3662 824 3721 eorumdem
847 3669 877 3721 et
899 3661 1134 3736 gravaminibus
1157 3678 1215 3737 per
1238 3664 1342 3722 omnia
1364 3665 1397 3721 in
1423 3679 1455 3721 se
1478 3663 1564 3738 ipsos

296 3769 473 3842 assumptis,
508 3767 547 3827 ad
581 3759 721 3827 nostram
754 3769 962 3844 personaliter
996 3769 1152 3828 venientes
1186 3770 1395 3844 presenciam,
1433 3768 1565 3828 confessi

296 3879 368 3933 sunt
390 3875 527 3934 oraculis
544 3876 615 3933 vive
639 3875 724 3934 vocis
748 3891 857 3934 eorum
880 3876 911 3934 in
933 3876 1015 3934 hunc
1037 3875 1180 3936 modum:
1204 3875 1288 3950 quod
1312 3877 1385 3949 quia
1409 3875 1469 3935 viri
1491 3891 1565 3950 pro·

297 3980 363 4039 vidi
396 3987 426 4039 et
459 3981 580 4040 honesti
612 3981 748 4065 Jacobus
779 3979 947 4056 Eberspelr,
978 3981 1063 4040 filius
1087 3981 1196 4054 Vlrici,
1219 3980 1322 4058 judex,
1346 3979 1501 4058 juratique
1524 3997 1560 4040 ac

297 4087 466 4146 consiliarii
489 4092 519 4145 et
541 4087 679 4146 universi
703 4089 786 4146 cives
809 4104 844 4146 ac
864 4093 929 4147 tota
949 4089 1155 4146 communitas
1186 4089 1302 4147 civium
1332 4093 1362 4146 et
1391 4089 1565 4147 incolarum

297 4207 333 4250 ae
356 4192 601 4271 inhabitatorum
624 4193 759 4252 civitatis
782 4195 897 4252 montis
913 4193 1075 4252 Grecensis
1091 4193 1130 4252 de
1145 4189 1231 4270 juxta
1247 4193 1442 4268 Zagrabiam,
1459 4207 1566 4252 omnes

297 4303 327 4355 et
351 4298 476 4370 quasvis
499 4299 619 4357 litteras
643 4303 673 4358 et
706 4300 847 4373 quelibet
880 4300 1029 4358 litteralia
1063 4300 1268 4358 instrumenta
1301 4300 1399 4375 ipsius
1434 4299 1566 4358 condam

298 4403 426 4478 Georgii
449 4405 631 4480 Prawdych,
655 4407 754 4480 patris
775 4407 923 4466 videlicet
947 4407 1101 4465 dictorum
1125 4407 1229 4479 Marci,
1247 4405 1368 4465 Nicolai
1383 4411 1413 4465 et
1430 4405 1565 4479 Georgii,

298 4509 415 4568 iactum
450 4512 666 4570 universarum
700 4513 931 4588 possessionum
967 4519 997 4572 et
1031 4515 1217 4588 porcionum
1251 4513 1564 4587 possessionariarum

297 4616 438 4675 eiusdem
450 4617 581 4676 condam
598 4619 725 4693 Georgii
740 4619 921 4694 Prawdych,
937 4621 1116 4694 nuperrime
1132 4617 1277 4691 defuncti,
1294 4635 1330 4677 ac
1345 4623 1567 4693 consequenter

298 4723 482 4782 eorumdem
505 4725 610 4798 Marci,
634 4726 756 4785 Nicolai
779 4733 809 4784 et
832 4725 960 4800 Georgii
983 4728 1014 4785 in
1046 4727 1188 4802 predicta
1218 4726 1373 4784 Drenowa
1404 4741 1459 4783 seu
1489 4725 1567 4784 alias

297 4829 402 4888 ubivis
435 4831 614 4890 habitarum
647 4838 678 4891 et
712 4833 915 4892 existencium
946 4833 1168 4908 quoquomodo
1205 4837 1422 4891 concernentes
1446 4835 1476 4889 et
1499 4836 1565 4889 tan·

298 4942 411 5008 gentes,
436 4938 550 5010 quein
573 4939 718 4997 manibus
739 4947 770 4998 et
792 4943 945 5014 potestate
968 4940 1110 5014 ipsorum
1133 4937 1254 5015 judicis,
1284 4936 1469 5012 juratorum,
1493 4953 1564 4996 con·

297 5041 487 5101 siliariorum
511 5051 542 5102 et
563 5046 783 5104 universorum
808 5046 925 5104 civium
948 5061 984 5103 ac
1007 5046 1104 5104 tocius
1127 5046 1358 5104 communitatis
1380 5043 1563 5103 eorumdem

1462 5165 1497 5222 15
