3930 5802
393 545 454 604 ²24
802 528 874 584 Dor.
899 524 970 588 162.
997 560 1035 570 —
1061 535 1116 586 An.
1141 537 1230 603 1452.

391 745 421 799 et
442 755 506 813 noS,
530 741 556 798 si
579 758 666 800 secus
689 741 817 801 fecerint
844 741 927 816 quod
952 740 1147 815 mandamus,
1163 743 1469 800 excommunicamus
1486 747 1516 800 et
1532 734 1655 800 excom'-

390 847 561 906 municatos
584 846 650 906 fore
666 849 887 908 denunciamus
910 849 942 907 in
964 848 1013 906 his
1036 848 1160 922 scriptis
1183 849 1223 906 ab
1246 847 1318 906 inde
1340 847 1461 907 tamdiu
1495 863 1557 907 non
1591 865 1655 907 ces·

389 959 489 1012 santes
524 953 620 1013 donec
656 956 716 1029 ipsi
740 955 778 1014 de
801 956 953 1030 premissa
975 955 1122 1029 porcione
1146 953 1292 1012 canonica
1315 969 1368 1012 seu
1395 958 1506 1027 quarta
1527 953 1566 1011 de
1581 969 1654 1028 sup-

389 1060 514 1118 radictis
537 1061 631 1120 rebus
662 1067 692 1120 et
718 1062 810 1120 bonis
838 1077 895 1135 per
917 1065 1097 1118 annotatum
1123 1059 1286 1119 dominum
1317 1060 1469 1118 Mathiam
1504 1061 1655 1118 abbatem

388 1167 542 1241 perceptis
565 1183 622 1240 per
645 1167 851 1241 eumdemque
868 1173 898 1225 et
920 1182 992 1226 suos
1016 1182 1207 1225 successores
1230 1165 1351 1224 futuros
1373 1167 1502 1225 abbates
1514 1163 1652 1240 ‘percipi-

389 1273 484 1345 endis,
510 1278 656 1332 annotato
672 1272 799 1332 domino
815 1273 943 1332 Nicolao
967 1279 997 1331 et
1019 1273 1082 1331 suis
1105 1273 1335 1330 successoribus
1358 1271 1562 1332 satisfacerint
1578 1289 1651 1330 cum

389 1379 508 1451 effectu,
529 1385 582 1437 aut
605 1395 622 1438 a
645 1381 735 1439 nobis
757 1379 843 1438 aliud
865 1380 1037 1437 habueritis
1060 1379 1092 1437 in
1115 1378 1278 1437 mandatis.
1310 1378 1501 1436 Insinuantes
1531 1378 1650 1436 eisdem

388 1485 538 1544 moderno
560 1492 590 1544 et
613 1484 725 1544 futuris
748 1486 916 1556 abbatibus
939 1485 1071 1559 pretacti
1094 1485 1274 1543 monasterii
1291 1485 1381 1542 beate
1397 1485 1493 1542 Marie
1510 1485 1649 1558 virginis,

389 1591 474 1665 quod
496 1593 522 1650 si
545 1591 605 1666 ipsi
627 1591 730 1650 animo
758 1591 912 1664 indurato,
937 1591 1021 1665 quod
1043 1592 1132 1663 absit,
1157 1590 1258 1649 facere
1281 1591 1433 1665 premissa
1456 1596 1651 1664 contempse-

387 1698 457 1770 rint,
481 1703 592 1756 extunc
614 1713 650 1756 ac
673 1699 931 1772 aggravacionem
965 1703 994 1755 et
1028 1697 1329 1771 reaggravacionem,
1364 1712 1400 1754 ac
1433 1695 1473 1754 ad
1507 1695 1652 1770 graviora

388 1819 487 1878 usque
509 1803 548 1861 ad
580 1805 812 1862 invocacionem
835 1804 955 1862 brachii
977 1804 1124 1862 secularis
1148 1809 1254 1862 contra
1278 1802 1404 1861 eosdem
1437 1802 1651 1877 procedemus

388 1911 434 1968 De
458 1911 640 1968 exeoucione
664 1925 738 1968 vero
761 1911 902 1968 omnium
925 1918 955 1968 et
978 1910 1173 1983 singulorum
1190 1910 1418 1984 premissorum
1435 1907 1522 1967 fideli
1538 1913 1569 1967 et
1581 1923 1651 1966 con·

389 2016 489 2088 digna,
512 2031 569 2074 nos
599 2033 656 2090 per
678 2024 798 2074 vestras
821 2017 941 2074 litteras
965 2021 1103 2091 patentes
1126 2015 1301 2074 certificetis
1325 2021 1354 2073 et
1376 2016 1467 2074 nobis
1496 2015 1652 2074 conscien-

388 2123 468 2180 ciose
502 2121 687 2180 rescribatis.
721 2122 880 2180 Presentes
915 2121 1040 2180 tandem
1075 2127 1146 2196 post
1180 2123 1332 2180 lecturam
1370 2127 1401 2180 et
1434 2122 1651 2180 execucionem

387 2229 499 2302 iugiter
529 2227 686 2286 reddendo
710 2229 875 2287 exhibenti.
907 2229 941 2287 ln
964 2243 1096 2302 quorum
1120 2229 1262 2288 omnium
1285 2233 1315 2286 et
1337 2227 1531 2302 singulorum
1555 2227 1651 2285 fidem

387 2339 418 2394 et
439 2336 650 2393 testimonium
674 2342 829 2411 presentes
853 2343 974 2396 nostras
997 2335 1179 2393 diffinitivas
1201 2335 1379 2408 sentencias,
1402 2350 1519 2392 necnon
1537 2331 1650 2390 confir·

391 2442 564 2500 macionem
588 2442 674 2500 inse
697 2444 894 2514 continentes,
918 2459 989 2500 curn
1012 2442 1243 2516 subscripsione
1265 2439 1457 2499 honorabilis
1491 2439 1560 2510 viri,
1575 2423 1652 2495 ¹ma·

386 2549 475 2622 gistri
497 2547 647 2621 Stephani
679 2547 717 2606 de
738 2546 887 2621 Wyzoka,
912 2549 1050 2606 canonici
1083 2547 1220 2606 indicta
1254 2547 1382 2604 ecclesia
1404 2549 1510 2603 nostra
1545 2559 1651 2617 zagra·

386 2656 493 2727 biensi,
526 2669 613 2712 sacra
637 2655 793 2726 imperiali
814 2655 996 2712 auctoritate
1013 2654 1133 2728 publici
1148 2653 1260 2712 notarii
1276 2651 1473 2725 infrascripti,
1490 2650 1651 2723 nostrique

386 2761 481 2834 sigilli
504 2761 562 2818 sub
586 2760 774 2833 appensione
798 2759 928 2816 fecimus
944 2760 1137 2817 communiri.
1154 2759 1271 2817 Datum
1287 2763 1317 2816 et
1333 2763 1436 2814 actum
1458 2757 1490 2815 in
1507 2755 1646 2831 predicta

385 2867 522 2924 sacristia
546 2865 684 2922 interiori
707 2865 857 2938 vigesima
880 2880 960 2924 nona
984 2865 1034 2922 die
1058 2865 1170 2922 mensis
1194 2865 1277 2937 maii,
1300 2865 1377 2922 hora
1400 2862 1567 2922 terciarum
1598 2861 1649 2919 vel

385 2971 482 3045 quasi,
509 2969 678 3028 indiccione
698 2971 933 3044 quintadecima.
959 2973 1048 3028 Anno
1064 2970 1217 3028 dominice
1233 2967 1455 3028 incarnacionis
1476 2968 1645 3026 millesimo

386 3065 690 3152 quadringentesimo
713 3077 970 3150 quinquagesimo
986 3076 1129 3134 secundo.
1145 3077 1342 3134 presentibus
1366 3075 1484 3134 ibidem
1508 3075 1647 3147 egregiis,

385 3182 557 3242 venerabili
579 3187 610 3240 et
632 3183 870 3242 honorabilibus
886 3183 970 3254 viris,
987 3183 1128 3252 dominis,
1140 3183 1258 3265 Jacobo
1274 3181 1312 3240 de
1328 3182 1449 3253 Tywer,
1466 3181 1542 3238 iuris
1558 3195 1647 3239 cano-

384 3290 460 3362 uici,
489 3287 686 3347 Marhwardo
710 3289 868 3361 medicine,
893 3289 1089 3358 doctoribus;
1120 3288 1249 3359 Thoma,
1272 3288 1408 3361 plebano
1432 3286 1471 3344 de
1505 3286 1648 3356 iwanich,

384 3395 556 3466 canonicis;
581 3401 612 3452 et
634 3394 778 3454 Ladislao
802 3395 929 3453 custode
952 3395 1079 3452 ecclesie
1100 3394 1308 3467 zagrabiensis
1332 3398 1362 3451 et
1384 3393 1454 3451 aliis
1478 3393 1647 3466 quamplu-

382 3502 470 3559 ribus
494 3502 624 3559 testibus
647 3501 812 3574 fidedignis
835 3501 875 3559 ad
899 3503 1050 3575 premissa
1075 3501 1192 3560 vocatis
1209 3501 1325 3575 pariter
1351 3505 1381 3558 et
1404 3499 1531 3572 rogatis.

386 3689 516 3769 *Signum

418 3781 518 3831 notarii.

487 3909 524 3966 Et
546 3909 612 3982 Ego
635 3907 808 3983 Stephanus
834 3911 966 3969 Emerici
990 3911 1027 3968 de
1045 3910 1170 3980 Vizolra,
1194 3911 1323 3968 clericus
1350 3909 1558 3982 zagrabiensis
1583 3909 1647 3968 dio·

383 4015 458 4072 cesis
483 4015 628 4088 publicus
659 4032 746 4074 sacra
781 4017 939 4091 imperiali
970 4017 1152 4075 auctoritate
1183 4016 1329 4088 notarius,
1365 4017 1439 4089 quia
1471 4016 1646 4074 litterarum

383 4121 569 4178 venerabilis
592 4123 652 4180 viri
677 4121 796 4180 domini
827 4121 977 4196 Stephani
1000 4121 1206 4180 archidiaconi
1230 4121 1431 4194 kathedralis,
1455 4123 1594 4180 canonici
1616 4127 1646 4179 et

381 4226 617 4286 locumtenentis
640 4228 780 4302 predicti,
815 4228 1058 4300 sentencialium,
1091 4228 1373 4300 confirmacionem,
1408 4229 1645 4286 roboracionem

381 4347 416 4389 ac
439 4333 679 4392 ratificacionem
713 4350 748 4392 ac
772 4335 921 4407 premisse
945 4335 1089 4392 canonice
1124 4335 1278 4408 porcionis
1302 4351 1355 4392 seu
1380 4341 1489 4408 quarte
1519 4333 1557 4390 de
1579 4333 1646 4390 uni·

381 4440 479 4497 versis
502 4439 596 4496 rebus
620 4444 650 4496 et
673 4440 762 4497 bonis
796 4439 990 4497 funeralibus
1027 4445 1056 4497 et
1091 4441 1329 4498 testamentariis
1363 4440 1484 4514 prefato
1518 4437 1645 4497 domino

380 4547 495 4604 Mathie
519 4547 696 4604 monasterii
720 4548 807 4604 beate
843 4547 939 4604 llarie
975 4547 1105 4620 virginis
1139 4546 1246 4605 abbati
1280 4547 1431 4604 moderno
1466 4551 1496 4603 et
1530 4543 1643 4603 futuris

379 4652 548 4711 abbatibus
571 4653 735 4726 prescripti
766 4653 943 4711 monasterii
978 4653 1153 4725 legatorum
1188 4659 1218 4712 et
1252 4653 1435 4712 donatarum
1471 4653 1643 4726 prescripto

381 4757 508 4818 domino
539 4759 668 4817 Nicolao
691 4760 788 4818 sancti
810 4761 906 4818 Marci
940 4759 979 4818 de
1014 4765 1118 4818 monte
1153 4759 1249 4818 Grecz
1284 4759 1435 4818 moderno
1466 4763 1497 4817 et
1531 4757 1644 4816 futuris

295 4945 298 4950 Ι
378 4866 531 4924 universis
555 4866 697 4939 plebanis
721 4867 834 4924 montis
857 4865 1018 4924 Grecensis
1041 4866 1188 4939 predicte,
1223 4863 1488 4942 adjudieacionem
1523 4869 1553 4922 et
1588 4877 1644 4938 per

378 4973 565 5030 sentenciam
589 4971 789 5030 diffinitivam
813 4971 880 5030 dari
903 4977 933 5030 et
949 4972 1087 5046 persolvi
1104 4971 1187 5030 dicto
1210 4971 1336 5029 domino
1356 4970 1484 5029 Nicolao
1503 4969 1639 5043 plebano
