3804 5858
666 565 738 622 Doc.
757 579 831 640 333.
853 597 897 607 -
920 565 976 622 An.
1000 559 1093 641 1483,

244 671 605 678 ...-.-—...--—------.---.
627 671 703 676 ...-
730 672 767 676 -
798 671 855 676 ...-.
887 667 1506 676 n—*ffl—-mn—-a

754 941 755 944 ’
826 935 911 1000 333.

349 1131 429 1178 Auno
449 1122 525 1192 r1483,
546 1142 569 1189 9.
589 1129 657 1180 maii.
677 1130 773 1204 Budare.

244 1272 387 1342 Mathias,
412 1273 589 1346 Hungort'oe
610 1280 657 1330 etc.
681 1291 743 1342 rex,
766 1273 894 1330 omnibus
914 1273 1062 1342 nobilibus,
1084 1275 1138 1348 qui
1157 1274 1187 1331 in
1204 1273 1428 1348 possessionibus
1450 1275 1510 1332 seee's

242 1395 351 1452 tributo
374 1403 476 1466 tenent,
499 1396 648 1453 identidem
675 1397 826 1470 praecipit,
848 1405 883 1454 eet
902 1416 921 1454 o
943 1398 1146 1480 mercatoribus
1168 1397 1401 1471 aogrobt'errse'bus
1424 1398 1506 1455 aecti-

680 1521 768 1599 galia
790 1521 904 1594 exigere
925 1521 1071 1580 desistant.

951 1712 1105 1761 Commissio
1123 1712 1227 1777 propria
1245 1711 1343 1760 domini
1361 1712 1436 1776 regis.

351 1839 482 1897 llathias
504 1837 553 1896 dei
577 1839 680 1910 gracia
704 1855 758 1897 rex
782 1840 948 1912 Hungarie,
972 1839 1117 1898 Bohemie
1139 1844 1194 1900 ete
1217 1839 1378 1898 Fidelibus
1393 1842 1506 1900 nostris

248 1945 399 2003 universis
428 1952 458 2002 et
493 1944 622 2016 singulis
656 1945 816 2002 nobilibus
849 1951 878 2002 et
911 1945 1038 2003 alterius
1070 1947 1207 2004 cuiusvis
1230 1951 1328 2004 status
1349 1953 1379 2004 et
1402 1947 1506 2005 condi-

245 2051 343 2108 cionis
366 2049 546 2108 hominibus
569 2049 673 2107 ubivis
697 2065 753 2123 per
776 2065 870 2122 regna
893 2060 999 2108 nostra
1022 2051 1189 2125 Hungarie,
1206 2050 1372 2110 Sclauonie
1388 2057 1418 2110 et
1433 2041 1509 2111 Cro·

249 2155 315 2214 acie
336 2155 453 2214 tributa
474 2155 670 2226 habentibus,
694 2156 868 2214 tenentibus
898 2173 952 2215 seu
979 2158 1182 2231 exigentibus,
1206 2163 1363 2232 presentes
1386 2159 1508 2230 visuris,

245 2263 375 2320 salutem
399 2268 429 2320 et
444 2263 590 2336 graciam.
611 2261 691 2320 Cum
707 2261 816 2320 fideles
831 2265 929 2322 nostri
945 2264 1112 2337 prudentes
1128 2271 1158 2323 et
1175 2267 1392 2340 circumspecti
1407 2263 1508 2340 judex,

244 2366 345 2443 jurati,
367 2369 521 2442 ceterique
544 2369 626 2426 cives
650 2375 680 2426 et
702 2369 802 2428 incole
826 2370 958 2428 civitatis
988 2377 1092 2440 nostre
1123 2373 1237 2430 montis
1268 2371 1431 2430 Grecensis
1454 2387 1507 2430 an·

245 2475 331 2548 tiqua
354 2475 506 2533 libertatis
530 2476 670 2546 ipsorum
693 2477 893 2548 prerogativa
916 2479 1091 2550 requirente
1114 2478 1155 2535 ab
1178 2478 1264 2536 omni
1279 2477 1442 2536 tributaria
1458 2492 1507 2536 so·

243 2581 365 2640 lucione
388 2582 521 2640 ubilibet
543 2597 600 2654 per
622 2581 776 2638 ambitum
801 2581 955 2640 dictorum
978 2598 1147 2656 regnorum
1169 2587 1349 2642 nostrorum
1364 2585 1502 2656 exempti

243 2687 304 2745 sint
327 2693 357 2745 et
380 2687 555 2762 supportati
576 2687 769 2757 habeantur;
799 2689 995 2763 velimusque
1020 2689 1145 2748 eosdem
1168 2695 1199 2749 et
1228 2691 1370 2764 ipsorum
1401 2704 1508 2764 quem·

243 2793 321 2852 libet
343 2793 458 2866 ubique
478 2809 534 2867 per
556 2795 624 2867 ipsa
649 2807 743 2865 regna
766 2800 880 2866 nostra,
898 2801 1063 2869 partesque
1079 2795 1218 2854 eiusdem
1233 2801 1263 2854 et
1286 2811 1372 2854 sacre
1395 2805 1508 2854 corone

243 2900 406 2967 subiectas,
423 2915 516 2973 penes
539 2899 720 2958 huiusmodi
742 2901 883 2973 ipsorum
907 2901 1060 2960 libertatis
1084 2903 1210 2961 omnino
1233 2907 1315 2960 tutos
1339 2917 1413 2972 esse,
1429 2901 1508 2960 libe·

243 3020 356 3078 rosque
379 3011 410 3064 et
432 3019 561 3064 securos.
586 3004 741 3062 Fidelitati
764 3005 858 3078 igitur
882 3012 984 3064 vestre
1015 3013 1044 3065 et
1068 3008 1196 3066 cuilibet
1229 3013 1369 3066 vestrum
1392 3009 1504 3065 harum

243 3113 321 3170 serie
353 3111 484 3170 firmiter
516 3113 722 3186 precipientes
753 3111 946 3184 mandamus,
976 3119 1126 3187 quatenus
1161 3113 1274 3171 amodo
1297 3112 1435 3187 prelatos
1458 3111 1505 3188 ju-

243 3217 352 3289 dicem,
376 3218 467 3290 cives,
490 3218 606 3276 incolas
629 3223 659 3274 et
683 3227 870 3276 mercatores
893 3217 973 3277 dicte
1003 3220 1136 3277 civitatis
1166 3225 1270 3277 nostre
1292 3219 1406 3278 montis
1429 3218 1505 3277 Gre-

243 3323 341 3380 eensis
375 3323 414 3380 ad
444 3323 633 3380 solucionem
666 3322 877 3396 predictorum
908 3325 1097 3382 tributorum
1128 3340 1181 3381 seu
1206 3325 1428 3382 thelloniorum
1452 3340 1503 3383 ve-

244 3437 379 3486 strorum
402 3437 508 3486 contra
531 3429 666 3486 formam
698 3429 849 3502 premisse
879 3431 1020 3504 ipsorum
1050 3431 1203 3488 libertatis
1235 3439 1264 3488 et
1294 3431 1504 3505 exempcionis

242 3542 343 3592 artare
366 3541 396 3593 et
419 3535 615 3609 compellere,
639 3539 693 3592 aut
716 3549 777 3606 eos,
802 3536 852 3592 vel
875 3535 1015 3609 ipsorum
1039 3537 1181 3608 alterum,
1199 3541 1364 3610 propterea
1386 3537 1418 3594 in
1434 3552 1503 3610 per-

242 3641 334 3713 sonis,
358 3641 512 3714 rebusque
536 3645 589 3698 aut
613 3641 777 3713 quibusvis
801 3641 889 3699 bonis
912 3640 1095 3700 eorumdem
1119 3641 1280 3716 impedire,
1304 3642 1431 3699 turbare
1453 3642 1506 3700 vel

243 3746 463 3820 quoquomodo
494 3746 717 3820 dampnifieare
751 3763 905 3821 nusquam
940 3753 970 3807 et
999 3764 1196 3823 nequaquam
1232 3734 1419 3822 presumatis
1450 3763 1506 3807 nec

242 3853 309 3910 sitis
343 3853 410 3910 ausi
445 3852 539 3911 modo
573 3853 711 3926 aliquali.
747 3853 902 3926 Quoniam
937 3855 1078 3929 alioquin
1111 3855 1324 3913 commisimus
1358 3853 1506 3912 fidelibus

242 3959 355 4016 nostris
378 3959 467 4016 banis
488 3959 541 4016 vel
564 3958 722 4017 vicebanis
744 3959 927 4018 eorumdem
950 3975 1117 4034 regnorum
1141 3964 1319 4019 nostrorum
1342 3958 1506 4018 Sclauonie

243 4068 273 4122 et
298 4062 433 4136 Croacie,
464 4065 633 4139 ceterisque
666 4064 833 4123 comitibus
856 4066 907 4123 vel
931 4067 1165 4125 vicecomitibus
1188 4070 1219 4124 et
1240 4059 1396 4141 judicibus
1418 4065 1507 4124 nobi·

244 4169 324 4226 lium
347 4184 616 4243 quorumcumque
640 4172 845 4229 comitatuum
867 4172 1050 4230 eorumdem
1073 4176 1105 4230 et
1126 4171 1258 4246 predicti
1288 4172 1376 4244 regni
1406 4171 1504 4229 nostri

241 4275 400 4347 Hungarie
424 4276 626 4349 partiumque
650 4276 709 4334 sibi
732 4277 951 4351 subiectarum,
975 4279 1007 4335 iu
1030 4277 1144 4351 quibus
1167 4277 1284 4335 scilicet
1307 4277 1398 4334 huius
1421 4291 1509 4334 man·

241 4381 305 4438 dati
328 4381 426 4439 nostri
457 4397 512 4455 per
544 4383 724 4456 quempiam
748 4399 786 4440 ex
816 4384 907 4441 vobis
930 4385 1120 4442 contrarium
1143 4388 1354 4455 attentaretur,
1378 4387 1409 4440 et
1431 4398 1500 4456 pre·

241 4487 379 4545 sentibus
402 4487 524 4545 firmius
547 4488 741 4560 mandamus,
765 4493 798 4545 ut
821 4490 881 4563 ipsi
905 4491 1083 4564 tributaque
1106 4497 1136 4548 et
1159 4489 1309 4548 thellonia
1332 4489 1365 4548 in
1388 4488 1502 4562 quibus

242 4593 333 4651 huius
357 4595 547 4652 contrarium
577 4593 672 4666 fieret,
698 4610 756 4668 pro
778 4596 937 4654 maiestate
960 4602 1064 4654 nostra
1089 4611 1242 4669 occupare
1266 4601 1296 4653 et
1317 4593 1437 4652 tamdiu
1461 4599 1504 4651 te-

240 4715 313 4757 nere
337 4699 478 4771 debeant,
503 4700 599 4758 donec
623 4715 640 4756 a
663 4700 754 4758 nobis
777 4699 864 4758 aliud
887 4702 1061 4774 acceperint
1084 4703 1116 4760 in
1139 4700 1309 4770 mandatis;
1333 4701 1434 4758 etheo
1449 4714 1504 4757 vo·

239 4805 346 4864 lumus
370 4806 467 4864 eciam
491 4821 547 4879 per
570 4804 690 4863 futuros
709 4807 815 4878 banos,
831 4807 1006 4879 vicebauos,
1030 4809 1220 4880 comitesque
1237 4805 1288 4863 vel
1304 4806 1502 4864 vicecomites

239 4927 275 4969 ac
297 4911 413 4987 judices
444 4912 598 4969 nobilium
628 4912 810 4970 eorumdem
842 4928 1012 4986 regnorum
1041 4919 1220 4971 nostrorum
1244 4917 1274 4970 et
1297 4911 1501 4969 comitatuum

239 5017 371 5076 firmiter
393 5017 562 5075 observari.
585 5016 679 5076 Secus
702 5019 796 5092 igitur
818 5032 880 5077 non
912 5019 1031 5078 facturi.
1052 5018 1250 5076 Presentibus
1274 5017 1429 5091 perlectis,
1452 5031 1504 5073 ex-
