3828 5822
386 448 450 522 408
812 446 885 504 Dor.
900 455 974 522 325.
997 479 1041 489 -
1063 445 1118 504 Aa
1143 439 1233 522 1481.

385 661 594 733 declaramus,
617 663 717 722 immo
738 661 943 737 decernimus,
967 663 1209 738 pronunciamus
1231 677 1268 721 ac
1298 663 1330 722 in
1359 662 1586 737 sempiternum
1616 662 1652 724 li·

389 769 572 842 hortatibus,
593 770 799 845 prerogativis
820 784 931 828 eorum
954 769 1133 844 prenotatis,
1157 769 1210 840 uti,
1234 767 1296 828 frui
1321 775 1354 830 et
1375 769 1511 842 gaudere
1533 768 1653 828 adiudi-

391 851 495 936 cantes
510 877 716 952 relinquimus
725 881 758 936 et
769 876 996 936 committimus
1003 875 1187 934 auctoritate
1201 879 1306 936 nemra
1317 872 1480 951 iudiciaria
1489 883 1522 934 et
1532 875 1653 938 itutide

392 982 556 1044 mediante
581 983 615 1043 ln
639 983 726 1042 cuius
747 983 794 1042 rei
815 982 1009 1054 memoriam,
1027 981 1271 1055 firmitatemque
1293 987 1479 1057 perpetuam
1494 987 1653 1058 presentes

387 1089 508 1148 litteras
530 1095 651 1150 mettas
673 1089 887 1164 privilegiatos
911 1088 1112 1163 pendentium
1133 1088 1361 1150 autenticorum
1388 1089 1569 1163 sigillorum
1598 1104 1652 1148 no·

381 1199 523 1254 atrorum
546 1197 717 1256 munimine
740 1196 909 1267 roboratas,
925 1195 1045 1254 eisdem
1060 1195 1191 1268 civibus,
1208 1195 1317 1256 incolis
1331 1201 1364 1254 et
1378 1195 1556 1270 hospitibus
1571 1193 1653 1256 dicte

385 1300 522 1362 ciuitatis
553 1302 669 1362 montis
698 1301 861 1360 Greceusis
894 1301 1043 1360 duximus
1077 1299 1305 1374 concedendas,
1339 1301 1499 1362 communi
1532 1301 1654 1362 iusticia

384 1406 543 1468 suadente.
566 1408 682 1468 mmm
705 1408 858 1482 vigesimo
881 1413 993 1482 quarto
1015 1407 1065 1468 die
1087 1408 1341 1482 congregacionis
1371 1413 1475 1470 nosue
1506 1406 1652 1484 predicte.

388 1514 481 1574 Anno
501 1512 623 1576 domini
645 1514 815 1572 millesimo
838 1513 1144 1588 quadringentesimo
1166 1515 1378 1588 octuagesimo
1399 1515 1512 1590 priano.

493 1699 628 1765 Originalc
651 1701 680 1750 in
697 1701 852 1760 membrana,
871 1707 910 1751 eat
927 1701 1048 1755 lacerum.
1076 1703 1151 1751 Duae
1178 1717 1258 1750 ronne
1285 1701 1397 1752 sericene
1414 1701 1504 1752 viridis
1541 1706 1568 1750 ct
1582 1699 1655 1750 rubri

385 1786 480 1842 eoloris
499 1788 646 1854 appendent
664 1789 762 1853 absque
780 1788 881 1853 sigillis.
900 1791 934 1839 In
951 1789 1065 1841 archivio
1082 1805 1142 1846 ren.
1162 1789 1245 1856 Capit.
1263 1789 1363 1854 aagmb.

980 2088 1064 2158 325.

493 2301 575 2353 Anno
595 2303 671 2366 1481,
691 2302 733 2354 26.
752 2293 886 2353 feiorrtarii.¹
903 2301 1052 2366 Zagrnbiae.

385 2483 416 2545 A
446 2484 666 2562 corengouen
692 2483 828 2542 nobilitor
861 2482 1012 2541 contitutus
1037 2481 1234 2556 ragrabo'msis
1272 2478 1419 2539 Orooldrts
1451 2480 1595 2554 epr'scopor
1624 2481 1659 2540 ui

446 2613 554 2682 ereptor
576 2625 664 2682 agros
681 2614 827 2684 proraque
845 2602 1069 2681 praebendariis
1090 2605 1209 2665 reddere
1231 2611 1360 2679 oportere
1381 2603 1595 2667 condonantur.

493 2801 557 2861 Nos
578 2800 713 2862 Michacl
736 2801 838 2875 Orzag
859 2799 899 2862 dc
920 2799 1024 2872 thh,
1040 2801 1128 2874 regni
1142 2801 1301 2874 Hungarie
1325 2800 1480 2875 palatinus
1503 2805 1534 2860 et
1556 2798 1654 2878 judex

384 2908 599 2968 Cumanorum
629 2923 665 2967 ac
687 2922 792 2966 comcs
822 2906 996 2981 Stephanus
1019 2905 1058 2964 de
1088 2906 1211 2980 Bethor,
1240 2905 1336 2984 juder
1357 2907 1442 2966 curie
1462 2908 1653 2968 serenissimi

386 3015 537 3091 principis
557 3014 676 3076 domini
699 3013 822 3085 Mathia,
855 3013 905 3072 dei
927 3013 1032 3086 gracia
1054 3013 1135 3086 regis
1159 3012 1235 3073 dicti
1257 3013 1416 3086 Hungarie
1439 3029 1475 3072 ac
1497 2995 1654 3088 Bohemie,

384 3122 557 3195 Dalmatae,
590 3120 718 3179 Croacie
753 3124 808 3180 etc.
843 3119 993 3180 Memorie
1028 3118 1283 3180 commendamus
1318 3125 1425 3178 tenore
1459 3122 1655 3195 presencium

384 3227 594 3301 significantes
636 3227 750 3300 quibus
773 3226 899 3300 expedit
922 3225 1091 3284 universis:
1123 3225 1208 3298 quod
1231 3226 1263 3284 in
1286 3227 1528 3300 congregacione
1549 3233 1655 3287 nostra

386 3334 526 3408 generali
548 3333 742 3392 universitati
763 3333 919 3392 nobilium
943 3331 1109 3390 comitatus
1132 3331 1349 3403 zagrabtensts.
1373 3331 1450 3392 terta
1473 3334 1567 3392 tercia
1583 3348 1655 3408 pro·

385 3441 471 3500 xlma
492 3443 565 3498 unte
587 3438 700 3498 fertum
717 3437 946 3512 purificacionis
970 3438 1059 3496 beate
1081 3437 1178 3496 Marie
1200 3437 1331 3511 virginis
1354 3439 1393 3497 de
1416 3439 1544 3514 speciali
1568 3455 1655 3500 man·

386 3547 459 3612 dato
482 3550 513 3604 et
543 3545 760 3604 commissione
789 3543 903 3618 prelati
926 3543 1045 3602 domini
1067 3544 1164 3602 nostri
1187 3545 1270 3616 regis
1293 3559 1393 3619 prope
1416 3545 1577 3605 civitatem
1599 3561 1649 3605 za·

384 3652 581 3728 grabicnsem
611 3651 776 3723 celebrata,
806 3649 1004 3708 honorabiles
1028 3648 1146 3708 domini
1177 3649 1309 3708 Michael
1339 3649 1378 3709 de
1407 3649 1648 3724 Szenthgyergh,

387 3757 522 3817 decanus
544 3763 575 3816 et
606 3757 758 3830 Georgius
782 3757 935 3831 plebanus
966 3755 1094 3814 ecclesie
1125 3755 1208 3814 beati
1228 3755 1361 3816 Emerici
1384 3757 1478 3828 ducis,
1502 3757 1653 3831 Zagrabie

388 3863 525 3936 fundate,
549 3863 748 3938 prebendarii
779 3862 906 3921 ecclesie
928 3861 1137 3935 zagrahiensis
1160 3862 1192 3920 in
1214 3863 1355 3937 ipsorum
1379 3878 1415 3921 ac
1435 3863 1652 3924 universorum

386 3971 521 4030 aliorum
552 3969 831 4044 prebendariorum
862 3968 1002 4026 eiusdem
1033 3968 1160 4026 ecclesie
1192 3983 1228 4026 ac
1256 3974 1413 4028 rectorum
1445 3970 1591 4028 altarium
1621 3971 1654 4030 in

384 4076 494 4138 eadem
517 4075 647 4134 ecclesia
669 4077 847 4134 habitorum
870 4075 1018 4149 personis,
1034 4089 1107 4133 curn
1130 4075 1352 4148 procuratoriis
1372 4076 1485 4136 litteris
1508 4075 1648 4136 eiusdem

384 4183 513 4242 ecclesie
535 4181 749 4256 ragrabiensis,
773 4180 811 4240 de
834 4179 937 4239 medio
959 4181 1095 4239 aliorum
1118 4186 1256 4240 nostram
1268 4187 1451 4254 exurgentes
1467 4183 1499 4241 in
1522 4197 1646 4257 presen-

386 4289 477 4362 ciam,
501 4293 610 4348 contra
632 4287 838 4346 reverendum
862 4286 1025 4345 dominum
1041 4287 1223 4359 osualdum,
1246 4288 1428 4362 episcopum
1454 4289 1582 4348 ecclesie
1605 4304 1653 4347 za·

385 4394 558 4468 grabiensis
581 4397 810 4468 proposuerunt
833 4408 870 4451 eo
893 4393 1003 4451 modo:
1028 4392 1187 4466 quomodo
1209 4391 1294 4452 idem
1317 4392 1462 4452 dominus
1486 4395 1652 4454 oswaldus

385 4501 552 4576 episcopus
582 4502 614 4560 in
637 4516 717 4560 anno
738 4501 825 4558 cuius
847 4500 911 4558 iam
934 4499 1029 4558 tercia
1051 4500 1180 4558 instaret
1201 4499 1361 4560 revolucio
1385 4501 1537 4576 quasdam
1555 4509 1652 4560 terras

383 4607 518 4668 arabiles
540 4613 571 4665 et
594 4592 701 4666 schitia
724 4605 764 4664 ad
788 4605 885 4664 dictas
909 4605 1085 4680 prebendas
1107 4611 1137 4664 ct
1159 4605 1270 4664 altaria
1294 4608 1437 4681 ipsorum
1456 4607 1499 4666 ab
1521 4609 1649 4682 antiquo

383 4719 556 4788 spectantes
587 4713 670 4772 intra
692 4713 808 4771 limites
831 4711 893 4770 vici
916 4711 1097 4770 Latinorum
1128 4712 1161 4770 in
1184 4712 1265 4772 dicta
1288 4713 1440 4786 Zagrabia
1462 4714 1560 4772 habiti
1588 4715 1653 4773 exi·

380 4824 506 4892 etentes,
529 4825 620 4895 puta:
644 4818 810 4877 duodecim
832 4817 930 4876 dietas
953 4822 1034 4876 terre
1065 4823 1094 4876 et
1118 4835 1214 4876 unum
1236 4818 1330 4878 fenile
1353 4818 1393 4878 ad
1416 4819 1479 4878 duo
1503 4819 1649 4880 falcastra

382 4942 415 4984 se
437 4925 606 4985 extendens
637 4923 756 4984 domini
787 4923 928 4982 Bamabe
959 4923 1174 4998 prebendarii;
1205 4926 1281 4984 item
1303 4925 1430 4998 triginta
1451 4925 1530 4984 duas
1553 4927 1651 4986 dietas
