3932 5806
733 501 807 562 Doc.
829 514 901 577 239.
925 533 969 544 —
992 500 1048 558 An.
1071 495 1164 579 1465.
1508 515 1568 576 29⁷

304 719 413 776 relicta
435 718 587 790 Thomay,
611 718 756 776 Clemens
778 716 875 788 taber,
897 715 1164 790 Salidmarychya,
1188 716 1343 790 ceterique
1366 713 1461 792 Jurati
1476 715 1569 786 cives,

303 825 524 886 inhabitatores
552 841 589 884 ac
616 829 680 883 tota
710 824 916 884 communitas
945 823 1079 882 civitatis
1115 827 1220 881 nostre
1255 823 1369 881 montis
1407 821 1569 880 Grecensis

304 930 343 988 de
365 931 450 989 iuxta
482 931 668 1005 Zagrabiam
700 931 732 988 in
762 945 842 988 anno
872 930 960 988 cuius
988 928 1054 1006 jam
1085 930 1235 1003 vigesima
1258 929 1386 988 instaret
1409 928 1568 986 revolucio

303 1052 403 1111 pravo
425 1037 555 1095 consilio
577 1045 608 1094 et
631 1036 768 1109 maligna
790 1034 972 1093 induccione
994 1035 1144 1110 ipsorum,
1169 1035 1281 1092 turrim
1304 1035 1445 1109 ipsorum
1469 1047 1563 1106 expo·

303 1143 446 1201 nencium
470 1145 501 1200 in
525 1141 607 1201 dicta
630 1143 754 1200 civitate
777 1141 891 1199 montis
913 1140 1076 1200 Grecensis
1099 1140 1240 1199 habitam
1262 1147 1292 1200 et
1314 1141 1510 1211 existentem,
1539 1140 1571 1197 in

305 1263 369 1321 quo
392 1253 532 1323 tempore
548 1247 782 1319 disturbiorum,
806 1253 876 1305 ante
892 1252 993 1305 metus
1015 1247 1200 1318 Turcorum,
1214 1262 1263 1304 res
1285 1253 1315 1304 et
1337 1246 1419 1304 bona
1442 1245 1571 1304 ecclesie

304 1369 412 1412 eorum
444 1354 621 1413 conservari
651 1360 682 1412 et
712 1354 792 1411 tueri
821 1359 1052 1427 consveverant,
1076 1369 1132 1428 per
1155 1352 1348 1411 Fridericum
1372 1363 1403 1410 et
1425 1351 1569 1410 Vlricum

306 1461 435 1518 comites
466 1460 546 1519 Cilie
576 1459 695 1518 destrui
717 1464 747 1516 et
774 1459 936 1517 anichilari
959 1459 1110 1532 fecissent,
1134 1459 1250 1532 inquo
1273 1457 1389 1517 eisdem
1412 1472 1567 1532 exponen-

304 1566 389 1625 tibus
413 1567 485 1641 plus
508 1581 604 1639 quam
628 1567 765 1638 quinque
788 1565 890 1623 millia
912 1564 1101 1624 florenorum
1124 1566 1192 1623 auri
1214 1564 1350 1638 dampna
1373 1563 1568 1622 intullissent.

304 1672 382 1730 Item
415 1672 446 1730 in
470 1669 724 1746 Quadragesima,
748 1671 835 1728 cuius
864 1670 927 1728 iarn
958 1671 1066 1744 quinta
1090 1671 1216 1729 instaret
1239 1669 1398 1728 revolucio
1421 1668 1570 1740 annualis,

305 1777 465 1836 universas
489 1777 598 1835 domos
628 1782 658 1834 et
681 1775 803 1835 edificia
826 1777 857 1834 in
880 1792 953 1835 area
975 1777 1116 1851 ipsorum
1139 1777 1365 1851 exponencium
1388 1776 1420 1834 in
1443 1773 1564 1850 prelata

303 1885 429 1942 civitate
452 1884 566 1943 montis
589 1883 753 1943 Grecensis
764 1884 888 1942 habitas
906 1883 1073 1942 diruissent
1096 1888 1126 1940 et
1149 1882 1380 1953 destruxissent,
1404 1881 1566 1954 dirruique

305 1995 335 2048 et
358 1989 484 2058 destrui,
515 2005 551 2048 ac
575 2004 637 2064 quo
660 1990 802 2063 ipsorum
826 1989 993 2064 placuisset
1015 1988 1169 2046 voluntati
1192 1987 1344 2060 fecissent,
1367 1989 1399 2046 in
1422 2001 1484 2061 quo
1506 1986 1568 2060 ipsi

303 2104 491 2170 exponentes
515 2095 586 2169 plus
609 2110 705 2169 quam
729 2095 817 2153 mille
840 2095 972 2153 florenos
995 2097 1062 2154 auri
1079 2095 1215 2168 dampna
1239 2095 1321 2170 passi
1345 2093 1481 2153 fuissent.
1498 2092 1567 2150 Hiis

302 2217 365 2260 non
387 2201 627 2261 contenticirca
650 2200 764 2259 festum
788 2201 870 2260 beati
894 2201 1053 2260 Michaelis
1076 2201 1263 2275 archangeli,
1287 2201 1374 2259 cuius
1396 2201 1460 2258 iam
1482 2198 1568 2257 sirni-

302 2308 374 2367 liter
404 2309 512 2382 quinta
542 2309 670 2366 instaret
699 2307 859 2366 revolucio
889 2307 1041 2379 annualis,
1072 2307 1148 2365 dum
1172 2306 1318 2366 videlicet
1341 2307 1459 2366 dictum
1484 2304 1568 2378 capi-

303 2415 405 2472 tulum
436 2429 494 2488 pro
525 2414 653 2472 decimis
684 2415 829 2472 vinorum
861 2414 1080 2487 recolligendis
1110 2415 1141 2472 in
1170 2415 1263 2473 solito
1286 2414 1355 2473 loco
1379 2413 1567 2471 concharurn

304 2519 513 2593 decimalium,
529 2520 584 2578 ubi
599 2533 671 2577 suos
687 2519 787 2578 solent
806 2519 1010 2578 decimatores
1025 2520 1188 2592 collocare,
1212 2519 1325 2595 prefati
1346 2517 1450 2596 judex,
1465 2515 1568 2593 jurati,

304 2627 402 2698 civeS,
434 2625 656 2685 inhabitatores
686 2641 722 2684 ac
752 2630 817 2684 tota
847 2627 1053 2686 communitas
1084 2627 1217 2686 civitatis
1247 2626 1408 2698 antedicte,
1433 2626 1568 2684 nescitur

304 2748 367 2806 quo
385 2732 471 2791 ducti
485 2732 605 2807 spiritu,
622 2733 766 2790 manibus
781 2733 908 2791 armatis
923 2737 954 2790 et
969 2734 1166 2806 potenciariis
1189 2735 1221 2792 in
1239 2733 1371 2793 conchas
1387 2729 1566 2790 huiusmodi

304 2839 464 2909 irruentes,
494 2837 696 2896 decimatores
722 2837 878 2912 predictos
904 2839 1103 2910 invasissent,
1126 2841 1272 2914 ipsosque
1302 2839 1362 2897 nisi
1391 2837 1464 2910 iuge
1495 2851 1566 2910 pre-

305 2945 384 3002 sidio
400 2944 512 3002 muniti
527 2942 655 3002 luissent
677 2945 851 3004 miserabili
872 2960 947 3003 nece
967 2945 1191 3004 interfecissent
1214 2952 1244 3004 et
1266 2945 1384 3004 ibidem
1408 2943 1567 3018 quoddam

303 3050 481 3123 plaustrum
502 3049 576 3107 vino
591 3053 755 3108 oneratum
770 3066 827 3123 per
850 3050 1002 3124 quosdam
1025 3066 1085 3126 pro
1100 3051 1213 3110 debitis
1229 3056 1399 3110 arestatum
1411 3048 1567 3107 violenter

307 3154 517 3214 abduxissent.
540 3153 670 3230 Insuper
685 3157 840 3230 prenotati
854 3154 949 3233 judex
968 3163 998 3216 et
1012 3155 1104 3234 jurati
1121 3157 1204 3216 cives
1219 3173 1255 3215 ac
1271 3161 1336 3215 tota
1358 3155 1565 3215 communitas

303 3261 437 3319 civitatis
467 3261 619 3320 antedicte
648 3261 688 3320 ad
718 3261 919 3336 magnificum
948 3264 1016 3347 Jan,
1046 3263 1175 3338 Zagorie
1204 3265 1359 3334 comitem,
1385 3266 1458 3320 tunc
1480 3259 1568 3333 regni

303 3365 467 3426 Sclauonie
491 3367 629 3440 banom,
658 3377 867 3442 recurrentes,
898 3371 963 3429 suis
993 3369 1080 3429 falsis
1110 3375 1140 3429 et
1170 3370 1285 3444 iniquis
1316 3367 1567 3442 suggestionibus

303 3471 436 3531 eundem
457 3473 517 3556 Jan
539 3474 686 3532 comitem
701 3473 902 3547 induxissent,
918 3482 952 3534 ut
968 3477 1151 3535 comitatum
1173 3477 1315 3550 ipsorum
1338 3473 1564 3548 exponencium

302 3578 542 3653 Thoplicensem
561 3585 727 3654 propterea
746 3587 920 3655 occuparet,
936 3581 1021 3655 quod
1036 3581 1119 3639 idern
1136 3597 1240 3640 comes
1255 3580 1377 3640 fecisset
1399 3584 1430 3638 et
1445 3578 1567 3637 tamdiu

303 3685 487 3759 occupative
518 3683 671 3756 tenuisset,
705 3701 867 3760 quousque
889 3703 944 3745 sue
967 3693 997 3746 et
1019 3687 1174 3746 dictorum
1195 3685 1315 3764 judicis,
1338 3685 1512 3763 juratorum
1538 3691 1568 3744 et

302 3791 400 3849 tocius
416 3791 646 3850 communitatis
661 3793 795 3850 civitatis
813 3793 952 3868 predicte
979 3793 1148 3868 placuisset
1170 3795 1334 3866 voluntati,
1358 3795 1390 3852 in
1412 3807 1475 3868 quo
1490 3793 1567 3867 ipsis

303 3897 529 3971 exponentibus
561 3897 633 3970 plus
664 3913 758 3972 quam
789 3899 849 3958 tria
879 3900 981 3959 millia
1013 3900 1200 3958 florenorum
1224 3901 1291 3964 auri
1314 3899 1451 3974 dampna
1473 3899 1567 3958 intul-

302 4002 418 4073 lissent,
442 4003 583 4078 potencia
606 4003 770 4077 mediante,
794 4005 825 4063 in
848 4006 1055 4080 preiudicium
1078 4006 1273 4080 prefatorum
1296 4007 1521 4081 exponencium
1536 4011 1567 4064 et

303 4107 476 4181 dampnum
506 4109 600 4167 valde
623 4125 783 4182 magnum.
807 4109 910 4185 Super
933 4127 995 4185 quo
1019 4112 1164 4172 fidelitati
1188 4119 1290 4172 vestre
1311 4112 1446 4171 firmiter
1468 4113 1567 4186 preci·

303 4214 421 4286 pientes
453 4213 647 4287 mandamus,
678 4221 830 4288 quatenus
860 4233 958 4276 unum
989 4219 1041 4276 vel
1072 4219 1151 4277 duos
1182 4235 1198 4277 e
1228 4219 1320 4277 vobis
1343 4217 1567 4289 transmittatis,

303 4319 357 4391 qui
378 4319 418 4376 ab
435 4320 580 4378 omnibus
603 4321 717 4394 quibus
739 4323 892 4382 incumbit
914 4339 1033 4382 meram
1057 4323 1096 4384 de
1118 4325 1279 4400 premissis
1302 4325 1480 4398 experiatur
1503 4339 1567 4382 cer-

223 4487 227 4495 ,
301 4424 441 4484 titudinis
472 4427 643 4500 veritatem,
675 4444 770 4502 quam
802 4429 929 4488 tandem
959 4431 1048 4504 regni
1078 4430 1241 4491 Sclauonie
1271 4431 1361 4489 banis
1392 4446 1448 4489 suo
1471 4429 1567 4488 modo

300 4531 487 4591 rescribatis.
517 4533 633 4592 Datum
656 4534 741 4594 Bude
764 4536 796 4594 in
824 4535 980 4596 dominica
1001 4538 1217 4597 Reminiscere.
1241 4539 1330 4596 Anno
1354 4536 1472 4594 domini
1496 4536 1568 4594 mil·

301 4638 411 4696 tesimo
435 4638 739 4714 quadringentesimo
762 4643 956 4717 sexagesimo
973 4645 1090 4719 quinto.
1103 4644 1203 4718 Regni
1225 4644 1323 4703 nostri
1344 4657 1425 4702 anno
1441 4647 1561 4715 octavo,

300 4744 511 4803 coronacionis
534 4761 609 4806 vero
632 4749 745 4822 primo.

406 4883 430 4930 E
449 4889 609 4949 transumpto
628 4883 754 4950 Stephani
778 4885 901 4936 Bicchele
918 4893 943 4937 et
962 4887 1106 4951 Augustini
1124 4887 1256 4938 Porlrolsb
1273 4888 1396 4940 comitum
1413 4886 1514 4956 zagrab.
1534 4888 1567 4945 In

300 4968 395 5023 archiv.
415 4985 472 5025 ven.
491 4970 578 5041 Capit.
594 4973 696 5042 zagmb.
717 4974 780 5030 Act.
799 4974 863 5045 Cap.
881 4981 934 5029 ant.
952 4976 1014 5032 fasc.
1036 4988 1075 5034 10,
1094 4992 1132 5030 nr.
1153 4977 1176 5035 8,
