3930 5802
644 560 719 620 Dos.
741 573 808 636 119.
832 573 901 618 120.
928 593 965 603 -
991 559 1048 621 An.
1072 554 1163 638 1438.

885 802 955 874 119.

381 893 463 945 Anno
484 894 558 958 1438.

379 1004 494 1074 Budae,
524 1005 557 1064 in
588 1004 699 1078 vigilia
731 1021 754 1066 s.
786 1003 947 1064 Michaelis
983 1018 1090 1062 coram
1113 1002 1270 1079 Stephano
1293 1005 1417 1079 Bethor,
1440 1003 1543 1082 judice

278 1111 381 1170 curiae
417 1113 540 1172 ilberti
573 1113 665 1186 regis,
696 1111 805 1170 Petrus
827 1111 992 1169 canonicus
1014 1111 1231 1184 zagrabiensis,
1255 1119 1439 1186 procurator
1461 1115 1543 1189 capi-

276 1217 336 1276 tuli
370 1220 581 1294 praesentavit
617 1220 737 1279 litteras
771 1219 907 1277 Mathiae
941 1218 1056 1277 Paloch
1090 1220 1283 1278 evocatorias
1319 1220 1438 1279 ratione
1461 1221 1543 1280 Otolc

276 1325 419 1398 occupati
438 1339 529 1401 1427.
552 1323 723 1401 iudiciales,
746 1330 776 1384 et
789 1330 852 1383 tres
868 1324 1063 1383 chasmenses
1078 1325 1419 1386 evocatoriorelatorias
1436 1331 1543 1386 contra

276 1429 433 1488 civitatem
457 1431 496 1490 de
518 1447 598 1490 anno
625 1446 726 1507 1434,
750 1431 805 1505 qui
827 1446 899 1490 cum
921 1445 984 1490 non
1000 1429 1150 1504 adessent,
1166 1445 1219 1490 eos
1235 1431 1337 1491 denuo
1353 1433 1543 1507 proclamari

277 1533 365 1612 jubet
387 1536 563 1613 Stephanus
585 1539 724 1612 capitulo
747 1538 929 1597 chasmensi.

383 1674 489 1738 Georgii
508 1673 679 1725 Marcelovid:
698 1676 816 1740 Regesta
834 1673 977 1740 Diplornat.
996 1672 1157 1738 aliorumque
1176 1675 1403 1728 Documentorum.
1432 1675 1496 1726 Msc.
1516 1675 1544 1724 in

276 1761 437 1812 bibliotheca
453 1761 607 1816 archidioec.
626 1763 727 1828 zagrab.

870 1972 951 2042 120.

384 2116 465 2167 Anno
486 2119 561 2182 1438,
580 2129 621 2181 30.
641 2117 802 2183 septembris,
822 2118 920 2170 Budae.

279 2226 445 2302 Stephanus
465 2227 589 2299 Bethar,
604 2227 702 2303 judex
725 2229 830 2298 cuniae,
853 2226 977 2286 mandat
996 2227 1121 2302 capitulo
1144 2226 1290 2298 lesinensi,
1309 2235 1342 2285 ut
1353 2230 1545 2304 peremptorie

279 2333 322 2394 ad
348 2343 465 2393 octavas
487 2335 569 2409 sesti
594 2333 620 2396 b.
652 2333 809 2392 Michaelis
838 2329 1011 2408 archangeli
1038 2334 1263 2392 communitatem
1292 2335 1418 2393 ciuitatis
1439 2336 1542 2394 montis

285 2441 437 2502 Grecensis
465 2441 496 2498 in
518 2443 574 2518 jus
604 2447 689 2513 vacet,
718 2441 797 2516 quad
822 2442 881 2499 iam
911 2459 989 2499 anno
1018 2453 1110 2518 1433.
1142 2441 1267 2515 capitulo
1288 2441 1406 2514 sumai,
1428 2443 1544 2518 eiusque

452 2535 678 2622 possessionibus
699 2553 729 2604 et
747 2547 911 2606 haminibus
931 2565 1056 2621 magnas
1078 2547 1209 2623 injurias
1231 2547 1371 2621 imposuit.

383 2691 502 2749 Amicis
525 2691 588 2750 suis
610 2690 789 2750 reverendis
813 2691 951 2766 capitulo
974 2691 1102 2750 ecclesie
1124 2691 1322 2764 chasmensis,
1345 2706 1449 2749 comes
1479 2691 1545 2751 Ste-

278 2797 399 2870 phanus
422 2797 461 2857 de
483 2797 606 2869 Bathor,
621 2794 716 2873 judex
740 2797 823 2856 curie
847 2796 966 2856 domini
989 2797 1121 2870 hiberti,
1146 2795 1195 2855 dei
1210 2797 1315 2870 gracia
1330 2797 1543 2856 Romanorum

277 2903 368 2977 regis,
384 2919 509 2978 semper
530 2905 664 2978 augusti,
686 2919 722 2962 ac
744 2904 912 2977 Hungarie,
943 2903 1099 2976 Bohemie,
1129 2903 1299 2976 Dalmacie‚
1330 2903 1458 2963 Croacie
1489 2911 1544 2964 etc.

278 3010 369 3083 regis,
402 3010 577 3068 amiciciam
607 3025 677 3068 cum
709 3010 837 3069 honore.
870 3009 1035 3081 Noveritis,
1066 3009 1150 3084 quod
1174 3010 1264 3068 nobis
1287 3010 1319 3068 in
1342 3011 1451 3083 vigilia
1473 3011 1544 3070 testi

278 3116 362 3174 beati
407 3115 569 3174 Michaelis
603 3117 781 3189 archangeli
815 3132 950 3174 unacum
984 3117 1073 3189 regni
1108 3116 1269 3175 nobilibus
1306 3132 1363 3190 pro
1402 3115 1544 3176 iaciendo

274 3221 474 3280 *moderativo
511 3221 627 3297 judicio
661 3223 859 3281 causantibus
893 3222 925 3280 in
948 3221 1022 3280 sede
1044 3229 1149 3280 nostra
1171 3219 1333 3298 judiciaria
1356 3222 1543 3296 sedentibus,

278 3328 473 3387 honorabilis
507 3328 566 3400 vir,
600 3329 750 3402 magister
784 3329 893 3387 Petrus
916 3329 1081 3387 canonicus
1104 3329 1232 3386 ecclesie
1255 3328 1462 3400 zagrabiensis
1486 3346 1544 3404 pro

279 3435 457 3494 honorabili
493 3435 631 3508 capitulo
663 3434 801 3494 eiusdem
836 3434 965 3492 ecclesie
995 3434 1203 3508 zagrabiensis
1226 3449 1298 3492 cum
1322 3436 1544 3507 procuratoriis

278 3541 390 3600 litteris
425 3540 563 3599 eiusdem
597 3542 629 3599 in
662 3547 802 3600 nostram
831 3541 957 3599 veniens
988 3543 1180 3616 presenciam
1215 3545 1277 3598 tres
1308 3541 1435 3613 litteras,
1467 3542 1544 3600 duas
1633 3599 1635 3607 ,

279 3647 411 3707 condam
434 3649 556 3708 comitis
579 3649 721 3706 Matheus
744 3646 783 3706 de
805 3647 924 3720 Palocz,
945 3648 1022 3705 alias
1052 3647 1196 3706 similiter
1218 3645 1329 3722 judicis
1352 3648 1436 3706 curie
1451 3649 1543 3721 regie,

278 3769 372 3814 unam
396 3755 613 3825 evocatoriam,
635 3754 726 3812 nobis
756 3753 914 3826 directam,
945 3761 975 3810 et
1004 3753 1100 3811 aliam
1133 3750 1320 3828 judicialem,
1343 3767 1461 3812 necnon
1484 3759 1544 3812 ter·

279 3862 360 3919 ciam
391 3867 527 3919 vestram
560 3876 654 3935 super
684 3860 752 3934 ipsa
776 3859 959 3918 evocatione
982 3859 1163 3917 relatoriam
1186 3860 1218 3917 in
1242 3859 1381 3917 terminis
1405 3865 1433 3916 et
1457 3861 1543 3918 annis

278 3938 531 4026 infrascribendis
554 3972 720 4037 emanatas,
743 3966 835 4024 nobis
859 3965 1049 4039 presentavit
1065 3964 1267 4023 declarando:
1291 3963 1375 4038 quod
1396 3965 1544 4037 magister

182 4075 186 4085 '
278 4072 429 4146 Georgius
445 4073 609 4130 canonicus
624 4071 698 4130 dicti
720 4071 850 4145 capituli
865 4072 993 4130 ecclesie
1008 4071 1216 4144 zagrabiensis
1232 4086 1304 4129 cum
1320 4071 1543 4144 procuratoriis

277 4179 389 4237 litteris
412 4178 550 4236 eiusdem
573 4178 659 4236 iuxta
678 4177 902 4236 continenciam
924 4177 1099 4236 litterarum
1115 4177 1253 4234 eiusdem
1267 4177 1388 4234 comitis
1404 4177 1545 4236 Matheus

278 4285 565 4360 prorogatoriarum
600 4285 633 4342 in
663 4285 780 4342 octavis
815 4282 887 4342 festi
917 4283 1000 4341 beati
1023 4283 1183 4342 Michaelis
1206 4283 1386 4354 archangeli
1409 4282 1441 4340 in
1463 4297 1544 4342 anno

278 4391 397 4450 domini
419 4389 646 4448 MCCCCXXX
668 4390 764 4448 tercio
786 4389 950 4464 preteritis,
966 4391 998 4448 in
1021 4389 1123 4463 figura
1144 4387 1251 4466 judicii
1266 4387 1405 4446 eiusdem
1422 4389 1544 4446 comitis

277 4499 419 4556 Matheus
436 4495 653 4570 comparando,
670 4502 777 4555 contra
793 4495 994 4570 Stephanum,
1009 4495 1113 4554 filium
1129 4496 1296 4566 Michaelis,
1313 4500 1385 4552 tunc
1400 4491 1543 4568 judicem,

277 4619 314 4662 ac
337 4603 528 4674 Michaelem,
552 4601 656 4660 filium
677 4601 859 4674 sebastiani,
883 4603 1075 4661 Anthonium
1092 4603 1243 4674 italicum,
1260 4599 1421 4670 Briccium,
1441 4599 1543 4657 filium

277 4709 442 4782 Benedicti,
477 4709 602 4766 Petrum
637 4708 832 4781 Hungarum,
867 4714 897 4766 et
932 4707 1103 4782 Georgium
1133 4713 1286 4766 sartorem
1317 4714 1347 4764 et
1371 4705 1543 4776 Nicolaum,

277 4817 355 4874 alias
386 4815 511 4892 judices,
542 4821 661 4874 necnon
683 4815 856 4873 Fabianum
893 4815 1075 4887 litteratum,
1105 4817 1233 4888 Fryche‚
1268 4813 1417 4882 Blasium,
1439 4811 1544 4870 filium

276 4922 471 4995 Withezych,
496 4920 675 4994 Georgium,
699 4919 801 4979 filiurn
824 4921 982 4980 Francisci
1004 4927 1034 4979 et
1056 4921 1135 4980 alios
1158 4919 1285 4996 juratos,
1302 4920 1385 4978 cives
1401 4924 1431 4975 et
1446 4924 1544 4976 totam

278 5030 533 5087 communitatem
556 5027 690 5086 civitatis
714 5028 827 5086 montis
850 5025 1013 5086 Grecensis
1029 5027 1067 5085 de
1089 5027 1175 5086 iuxta
1190 5026 1377 5100 Zagrabiam
1392 5025 1545 5099 quasdam
