3804 5858
377 567 441 654 4⁸50
796 563 869 633 Doc.
887 571 965 652 346.
990 609 1031 618 -
1056 575 1112 634 An.
1133 569 1225 652 1487.

375 796 474 850 strum
498 789 670 874 Johannem
693 789 840 863 Posegay,
856 789 1046 863 legittimum
1069 793 1304 864 procuratorem
1321 789 1395 848 dicti
1412 789 1529 848 domini
1543 789 1645 848 nostri

375 899 465 976 regis,
489 899 521 956 in
542 911 675 971 persona
698 895 837 954 eiusdem
860 897 1005 969 congruis
1030 895 1140 954 diebus
1164 895 1305 970 ipsarum
1327 902 1509 954 octavarum
1532 909 1643 954 coram

376 1003 459 1062 dicto
483 1003 609 1062 domino
633 1000 783 1060 Michaele
812 1001 952 1076 palatino
975 1007 1182 1076 expectatum,
1213 1002 1245 1060 in
1277 1001 1469 1076 presenciam
1501 1000 1643 1060 eiusdem

376 1123 438 1167 non
461 1109 594 1168 venisset
616 1123 717 1182 neque
740 1109 883 1180 misisset,
906 1124 938 1167 se
961 1107 1172 1166 mediantibus
1195 1108 1265 1166 aliis
1289 1108 1403 1167 litteris
1423 1107 1561 1167 eiusdem
1585 1107 1644 1166 do-

378 1215 454 1274 mini
476 1215 637 1274 Michaelis
660 1213 791 1288 palatini
812 1213 1012 1290 judicialibus
1035 1213 1146 1272 exinde
1169 1213 1316 1272 confectis
1340 1215 1371 1272 in
1393 1211 1510 1290 judicio
1532 1229 1644 1288 aggra-

377 1321 446 1379 vari
468 1323 690 1396 permittentes,
713 1320 875 1395 postulans
905 1318 1044 1394 prefatus
1076 1325 1260 1393 procurator
1291 1319 1366 1378 dicti
1395 1320 1515 1378 domini
1544 1320 1644 1378 nostri
1679 1353 1694 1371 a

377 1427 458 1500 regis
480 1427 512 1485 in
534 1442 668 1501 persona
692 1424 840 1498 eiusdem,
857 1425 959 1484 eidem
981 1431 1130 1500 exparte
1153 1427 1318 1485 memorati
1332 1427 1363 1485 in
1379 1440 1505 1484 causam
1520 1426 1644 1484 attracti

376 1549 434 1608 per
456 1535 560 1608 ipsum
580 1531 712 1591 condam
737 1531 900 1590 dominum
924 1532 1108 1590 Michaelem
1131 1532 1304 1606 palatinum
1327 1533 1360 1590 in
1382 1531 1542 1608 premissis
1564 1529 1645 1607 juris

375 1641 545 1713 equitatem
569 1639 713 1712 elargiri;
736 1645 767 1697 et
789 1639 863 1712 quia
885 1637 970 1697 idem
993 1639 1167 1714 capitulum
1199 1639 1238 1697 ad
1263 1640 1417 1714 premissa
1439 1638 1564 1698 evocari
1587 1637 1642 1695 de·

375 1747 494 1818 buerat,
512 1759 570 1820 pro
586 1762 624 1804 eo
640 1745 814 1820 prelibatus
830 1744 963 1803 condam
979 1744 1124 1803 dominus
1141 1745 1274 1803 Michael
1290 1745 1445 1819 palatinus
1468 1743 1644 1802 amiciciam

374 1843 504 1928 capituli
527 1853 655 1911 ecclesie
686 1851 875 1910 chasmensis
904 1851 1087 1910 litteratorie
1118 1853 1252 1925 pecierat
1283 1851 1457 1925 diligenter,
1488 1855 1641 1923 quatenus

373 1960 515 2034 ipsorum
537 1959 674 2017 mitteret
696 1958 855 2017 hominem
880 1973 938 2032 pro
961 1958 1139 2016 testimonio
1162 1956 1365 2030 fidedignum,
1392 1971 1455 2030 quo
1486 1961 1639 2030 presente,

373 2055 468 2125 homo
480 2081 553 2124 suus
565 2065 752 2140 palatinalis,
769 2063 850 2123 inlra
863 2063 1076 2137 declarandus,
1092 2068 1303 2122 memoratum
1318 2063 1491 2137 capitulum
1510 2063 1640 2121 ecclesie

373 2171 581 2246 zagrabiensis
603 2171 791 2246 prescriptae
814 2171 934 2229 litteras
958 2176 988 2229 et
1018 2169 1168 2229 litteralia
1198 2185 1253 2228 sua
1284 2167 1489 2228 instrumenta
1518 2169 1639 2228 exhibi-

374 2283 479 2336 turum
502 2277 598 2336 aede
620 2275 736 2355 judicio
758 2277 853 2336 trium
875 2291 1054 2336 marcarum
1084 2276 1186 2335 eidem
1216 2276 1343 2334 domino
1376 2275 1522 2334 Michaeli
1551 2275 1640 2349 pala·

373 2384 438 2442 tino
461 2397 491 2442 et
513 2385 596 2458 parti
618 2365 994 2443 adverse‘satisfacturum
1010 2388 1116 2442 contra
1131 2382 1302 2442 antelatum
1318 2381 1480 2440 dominum
1496 2387 1639 2450 nostrum

373 2506 480 2564 regern
502 2489 543 2548 ad
566 2495 691 2550 octavas
713 2489 784 2549 festi
806 2491 891 2548 beati
904 2490 1065 2549 Michaelis
1088 2490 1276 2562 archangeli,
1299 2494 1372 2548 tunc
1387 2493 1542 2560 venturas,
1557 2487 1638 2545 eius·

373 2595 445 2654 dem
476 2595 607 2655 condam
640 2595 760 2655 domini
788 2595 948 2655 Michaelis
979 2596 1110 2671 palatini
1140 2601 1284 2654 evocaret
1312 2595 1343 2654 in
1374 2594 1574 2668 presenciam,
1605 2599 1639 2652 et

371 2708 443 2776 post
473 2702 531 2761 hec
561 2702 659 2776 ipsius
690 2703 882 2761 evocacionis
912 2704 1025 2761 seriem
1055 2719 1127 2760 cum
1158 2703 1282 2761 nomine
1305 2701 1426 2760 evocati
1448 2706 1573 2760 octavas
1595 2699 1636 2757 ad

372 2806 527 2882 predictas
550 2807 652 2867 eidem
675 2807 803 2867 domino
827 2809 971 2866 Michaeli
994 2809 1133 2884 palatino
1156 2808 1364 2867 amicabiliter
1385 2807 1571 2866 rescriberet
1586 2821 1637 2864 ca-

371 2913 507 2989 pitulum
529 2915 657 2973 ecclesie
680 2915 869 2973 chasmensis
892 2920 1098 2989 prenotatum.
1123 2916 1150 2973 A
1174 2913 1415 2988 quibusquidem
1428 2913 1547 2971 octavis
1564 2911 1636 2970 sesti

371 3015 455 3078 beati
478 3021 639 3080 Michaelis
659 3021 837 3094 archangeli
866 3022 1040 3096 prescripta
1070 3021 1314 3080 instrumentalis
1345 3019 1501 3078 exhibicio
1530 3023 1636 3092 partes

370 3126 450 3186 inter
473 3127 598 3186 easdem
629 3128 768 3186 seriebus
797 3127 973 3186 litterarum
1002 3127 1142 3186 eiusdem
1172 3127 1291 3186 domini
1321 3127 1481 3185 Michaelis
1504 3125 1635 3200 palatini

369 3234 585 3307 prorogatorie
615 3233 807 3292 ventillanda
841 3233 880 3291 ad
915 3240 1040 3291 octavas
1075 3233 1145 3292 festi
1175 3233 1420 3308 Epiphaniamm
1452 3231 1571 3290 domini
1603 3233 1634 3289 in

369 3353 449 3397 anno
471 3339 612 3398 eiusdem
635 3339 804 3397 millesimo
836 3338 1141 3413 quadringentesimo
1171 3337 1383 3412 octuagesimo
1405 3337 1539 3396 secundo
1564 3353 1632 3411 pre·

368 3445 452 3503 teriti
473 3444 662 3518 deveniente,
694 3445 875 3518 eisdemque
906 3444 1101 3516 instantibus,
1132 3444 1270 3519 prefatus
1300 3444 1450 3517 magister
1477 3443 1632 3526 Johannes

369 3550 508 3624 Posegay
525 3551 660 3610 director
675 3566 839 3609 causarum
856 3550 929 3609 dicti
953 3550 1073 3608 domini
1087 3551 1184 3608 nostri
1199 3552 1280 3624 regis
1304 3565 1362 3624 pro
1378 3549 1488 3608 eodem
1504 3549 1632 3609 domino

366 3661 474 3715 nostro
496 3671 570 3730 rege
594 3656 733 3716 eiusdem
757 3656 888 3715 condam
913 3656 1032 3714 domini
1056 3656 1214 3714 Michaelis
1237 3657 1337 3730 Orzag
1359 3655 1490 3732 palatini
1505 3657 1631 3715 'veniens

366 3762 398 3821 in
419 3763 621 3837 presenciam,
646 3764 766 3821 litteras
789 3764 921 3837 pretacti
944 3762 1073 3837 capituli
1087 3763 1224 3820 ecclesie
1247 3763 1437 3843 chasmensis
1453 3778 1547 3837 super
1561 3763 1630 3836 ipsa

365 3869 549 3928 evocacione
573 3869 734 3928 relatorias
757 3869 859 3927 eidem
883 3868 1009 3926 domino
1032 3868 1177 3927 Michaeli
1201 3868 1338 3942 palatino
1360 3874 1574 3943 presentasset‚
1598 3867 1630 3926 in

365 3975 480 4048 quibus
503 3992 560 4051 per
583 3975 716 4034 Paulum
731 3976 889 4049 Fynthycz
906 3974 944 4033 de
960 3975 1057 4034 Zenth
1072 3975 1157 4033 Iwan
1180 3974 1318 4034 eiusdem
1334 3973 1453 4034 domini
1470 3975 1629 4034 Michaelis

364 4081 495 4154 palatini
518 4097 554 4141 ac
576 4082 745 4141 discretum
768 4079 967 4140 Benedictum
991 4082 1201 4156 presbiterum
1232 4087 1385 4140 rectorem
1415 4083 1523 4140 altaris
1545 4081 1629 4139 beati

363 4184 490 4260 Georgii
513 4189 650 4246 martiris
674 4187 754 4247 dicte
778 4188 906 4246 ecclesie
929 4189 1119 4246 chasmensis
1141 4187 1394 4262 prebendarium,
1417 4187 1556 4246 eiusdem
1579 4202 1629 4245 ca-

361 4292 454 4365 pituli
477 4294 675 4369 chasmensis,
699 4295 849 4366 homines,
874 4293 950 4352 feria
973 4301 1093 4368 quarta,
1116 4295 1233 4352 scilicet
1255 4293 1286 4352 in
1311 4293 1389 4352 testo
1422 4293 1628 4352 decolacionis

362 4397 445 4457 beati
467 4399 617 4482 Johannis
641 4400 786 4474 baptiste,
809 4407 881 4459 tunc
904 4401 1048 4474 proxime
1072 4401 1229 4474 preterito,
1262 4397 1421 4474 prefatum
1452 4399 1627 4474 capitulum

362 4504 491 4563 ecclesie
506 4506 714 4579 zagrabiensis
730 4507 762 4565 in
778 4507 971 4581 possessione
986 4507 1126 4581 ipsorum
1144 4507 1296 4581 Popowca
1312 4511 1422 4564 vocata
1439 4521 1496 4580 per
1511 4505 1627 4564 Francz

360 4609 493 4668 Gerdew
524 4609 650 4684 dictum,
680 4609 880 4687 jobagionem
911 4612 1050 4670 eiusdem
1081 4614 1113 4671 in
1136 4612 1245 4671 eadem
1276 4616 1532 4683 commorantem,
1555 4627 1625 4685 pre-

358 4717 490 4792 scriptas
513 4718 633 4777 litteras
656 4723 686 4776 et
709 4718 856 4776 litteralia
878 4733 934 4776 sua
957 4719 1162 4777 instrumenta
1184 4719 1398 4778 exhibiturum
1421 4733 1457 4776 ac
1480 4716 1519 4775 de
1542 4715 1625 4775 dicto

356 4821 473 4900 judicio
496 4825 593 4883 trium
615 4839 795 4883 marcarum
818 4825 975 4899 prelibato
1000 4825 1127 4883 domino
1150 4825 1296 4883 Michaeli
1327 4823 1466 4898 palatino
1489 4827 1520 4881 et
1542 4822 1625 4897 parti

356 4929 485 4989 adverte
518 4931 750 4990 satisfacturum
781 4937 891 4990 contra
922 4937 1131 4990 memoratum
1162 4929 1324 4990 dominum
1354 4935 1495 4988 nostrum
1518 4943 1625 5003 regern

356 5035 396 5093 ad
419 5037 574 5110 predictas
598 5044 723 5096 octavas
747 5037 818 5098 festi
841 5039 924 5098 beati
948 5038 1109 5097 Michaelis
1131 5037 1311 5112 archangeli
1341 5035 1481 5096 eiusdem
1505 5033 1624 5094 domini
