3948 5804
393 519 434 580 40
830 502 903 559 Doc.
921 515 975 578 32.
1002 533 1038 543 -
1064 500 1121 558 An.
1144 513 1234 578 1422.

391 718 481 777 dictis
504 717 536 776 in
559 715 726 791 loquendo,
749 716 921 790 vendendo,
945 716 1085 790 emendo,
1118 715 1340 790 conversando,
1372 717 1573 793 comedendo,
1610 721 1657 784 bi·
1737 721 1741 730 '

391 823 502 896 heudo,
527 823 681 894 molendo,
706 823 877 897 coquend0,
900 822 1073 895 serviendo,
1097 823 1201 896 ignem
1224 821 1278 881 vel
1301 838 1415 896 aquarn
1431 825 1475 883 eis
1491 825 1544 884 vel
1566 827 1657 886 alteri

390 931 532 1005 ipsorum
555 929 657 988 dando
681 930 733 988 vel
756 929 877 1003 aliquid
896 929 1005 988 solacii
1028 928 1204 988 exhibendo
1228 944 1282 988 seu
1306 929 1370 988 alio
1390 931 1501 1004 quovis
1517 932 1656 992 humano

390 1038 578 1096 commercio
589 1037 819 1096 communicent
831 1035 1071 1111 quomodolibet
1086 1036 1316 1094 communicare
1332 1042 1514 1110 presumant
1529 1043 1559 1096 et
1575 1039 1657 1098 alter

390 1143 532 1217 ipsorum
554 1157 726 1217 presumas,
748 1142 813 1200 illis
837 1141 999 1200 dumtaxat
1024 1141 1168 1216 demptis,
1192 1141 1247 1215 qui
1270 1147 1300 1200 et
1323 1158 1384 1216 que
1418 1145 1615 1219 excipiuntur
1638 1161 1656 1204 a

390 1247 467 1326 jure,
489 1248 629 1322 alioquin
652 1248 832 1330 huiusmodi
854 1249 930 1323 ipsis
953 1247 1229 1306 excommunicatis
1252 1254 1282 1308 et
1304 1248 1475 1308 interdictis
1498 1257 1657 1310 contuma-

392 1354 467 1413 citer
490 1356 752 1414 communicantes
775 1355 874 1413 eciam
898 1353 1205 1412 excommunicamus
1227 1353 1422 1413 nominanter
1447 1359 1477 1413 et
1499 1355 1531 1414 in
1553 1358 1656 1431 specie

391 1475 427 1520 ac
449 1461 623 1534 quemlibet
645 1461 789 1536 ipsorum
812 1461 911 1520 eciam
925 1461 957 1519 in
972 1461 1032 1518 hiis
1047 1459 1180 1533 scriptis,
1203 1459 1415 1533 precipientes
1439 1461 1538 1520 eciam
1559 1463 1656 1521 talem

391 1583 453 1626 una
476 1583 549 1626 cum
570 1567 687 1628 eisdem
712 1582 730 1626 a
753 1567 870 1626 Christi
891 1566 1040 1626 fidelibus
1061 1565 1216 1625 universis
1249 1567 1350 1624 arcius
1373 1566 1496 1642 evitari,
1519 1569 1561 1627 ab
1584 1567 1655 1627 inde

392 1689 454 1734 non
478 1679 638 1747 cessantes,
661 1673 759 1734 donec
782 1673 869 1732 aliud
893 1688 911 1731 a
933 1672 1024 1731 nobis
1044 1671 1211 1730 habuerint
1240 1673 1272 1731 in
1303 1671 1456 1732 mandatis
1489 1673 1656 1748 superinde

391 1785 422 1840 et
454 1779 550 1840 iidem
573 1781 718 1853 sacrilegi
739 1779 999 1838 excommunicati
1022 1785 1052 1838 et
1075 1777 1231 1836 interdicti
1253 1777 1293 1836 ad
1315 1793 1368 1837 cor
1398 1780 1516 1839 reversi
1551 1779 1656 1840 debite

391 1885 600 1945 absolucionis
634 1885 822 1944 beneficium
856 1885 1026 1944 meruerint
1058 1885 1198 1943 obtinere
1232 1890 1262 1943 et
1295 1884 1386 1944 dictis
1421 1887 1595 1945 enormiter
1625 1892 1656 1948 et

392 1992 610 2066 multipliciter
641 1991 716 2052 lesis
749 1991 938 2050 satisfaciant
972 1990 1011 2049 de
1041 1991 1202 2066 premissis
1236 1990 1341 2065 quoad
1375 1991 1514 2065 plenum,
1537 2008 1593 2054 nos
1617 1993 1657 2052 de

392 2098 794 2172 presenciumexecucione
815 2096 981 2185 reddentes
1003 2097 1155 2157 cerciores
1177 2114 1235 2172 per
1257 2098 1377 2157 litteras
1400 2103 1519 2157 vestras
1551 2105 1657 2159 auten-

391 2204 468 2264 ticas
501 2209 554 2262 aut
588 2203 717 2278 publica
751 2203 963 2263 instrumenta.
998 2203 1033 2262 ln
1068 2217 1204 2277 quorum
1234 2205 1377 2262 omnium
1407 2209 1438 2262 et
1459 2204 1656 2278 singulorum

392 2309 489 2369 fidem
512 2325 547 2368 ac
570 2310 784 2370 testimonium
806 2310 1034 2384 premissorum
1057 2313 1216 2384 presentes
1250 2309 1371 2368 litteras
1400 2315 1521 2369 nostras
1551 2311 1657 2370 huius·

391 2414 477 2476 modi
500 2429 681 2489 processum
703 2421 845 2475 nostrum
868 2415 900 2474 in
923 2431 956 2473 se
978 2415 1166 2474 continentes
1189 2430 1247 2488 per
1270 2414 1438 2474 discretum
1462 2417 1568 2475 virum
1591 2420 1657 2476 ina·

392 2522 524 2595 gistrum
546 2521 732 2580 Michaelem
755 2521 793 2579 de
816 2523 887 2581 rico
910 2521 1101 2592 Latinorum,
1114 2521 1270 2579 notarium
1293 2537 1348 2580 seu
1363 2523 1499 2581 scribam
1515 2528 1657 2582 nostrum
1683 2581 1684 2584 ,

391 2627 556 2703 publicum
579 2626 821 2702 infrascriptum,
853 2626 1009 2686 subscribi
1039 2631 1070 2684 et
1100 2626 1258 2701 publicari
1279 2603 1466 2694 mandamus
1497 2628 1657 2702 nostrique

390 2733 578 2808 pontificalis
601 2739 631 2792 et
654 2734 800 2792 autentici
823 2733 920 2806 sigilli
935 2733 1083 2792 iussimus
1105 2733 1295 2807 appensione
1318 2735 1515 2794 communiri.
1538 2735 1657 2793 Datum

392 2845 423 2899 et
447 2844 552 2900 actum
577 2840 720 2913 Chasme,
744 2846 848 2900 nostre
871 2839 1079 2914 zagrsbiensis
1102 2837 1240 2910 diocesis,
1264 2840 1295 2898 in
1316 2839 1466 2898 curiaseu
1489 2839 1583 2899 domo
1606 2842 1660 2899 ha·

391 2947 554 3006 bitacionis
577 2951 681 3006 nostre
704 2951 734 3006 et
756 2953 863 3006 nostro
878 2947 1049 3022 episcopali
1065 2945 1201 3020 pallacio
1216 2943 1329 3004 domus
1344 2945 1492 3020 eiusdem,
1508 2946 1560 3006 die
1576 2947 1657 3019 lune,

390 3053 523 3127 septima
545 3053 661 3112 mensis
683 3053 870 3128 septembris
893 3053 952 3112 sub
974 3067 1054 3112 anno
1070 3051 1293 3110 incarnacionis
1309 3051 1466 3111 dominice
1485 3053 1656 3114 millesimo

393 3158 699 3232 quadringentesimo
726 3159 875 3218 vicesimo
902 3158 1046 3230 secundo,
1079 3157 1250 3216 indiccione
1279 3157 1346 3230 XV,
1377 3158 1454 3217 hora
1485 3160 1655 3220 terciarum

392 3265 445 3322 vel
468 3265 567 3338 quasi.
589 3264 688 3323 Nobis
711 3265 789 3323 inibi
811 3264 1016 3339 personaliter
1033 3263 1073 3322 ad
1095 3263 1276 3321 huiusmodi
1290 3269 1321 3322 et
1336 3263 1397 3322 alia
1413 3261 1482 3339 jura
1498 3265 1656 3326 reddenda

390 3369 569 3429 sedentibus
592 3385 650 3444 pro
672 3371 829 3429 tribunali.
852 3370 1052 3429 Presentibus
1075 3369 1313 3428 honorabilibus
1336 3371 1413 3429 viris
1437 3369 1572 3431 dominis
1594 3373 1655 3432 De·

391 3476 503 3536 metrio
526 3476 647 3536 Thoma
670 3477 709 3535 de
733 3477 848 3550 Garyg,
872 3477 971 3536 altero
994 3476 1115 3535 Thoma
1138 3476 1274 3550 plebano
1297 3477 1329 3534 in
1362 3477 1507 3550 Iwanych
1542 3485 1573 3537 et
1606 3479 1657 3564 Ja-

394 3583 474 3641 cobo
496 3583 604 3657 longo
627 3584 780 3643 canonicis
803 3589 832 3642 et
855 3583 1036 3657 presbiteris
1059 3582 1258 3657 prebendatis
1282 3583 1410 3642 ecclesie
1437 3591 1541 3643 nostre
1562 3586 1678 3650 colle.

393 3689 475 3762 giate
498 3690 596 3748 sancti
618 3689 752 3764 Spiritus
775 3690 972 3760 chasmensis,
997 3703 1137 3749 necnon
1160 3689 1290 3748 Nicolao
1313 3688 1396 3748 dicto
1420 3689 1591 3764 Praudych,
1615 3693 1657 3751 si·

391 3795 510 3854 militer
530 3797 652 3856 notario
676 3797 813 3870 publico,
836 3797 996 3856 nobilibus
1019 3797 1095 3856 viris
1118 3796 1248 3868 Thoma,
1271 3796 1389 3855 vicario
1412 3801 1519 3856 nostro
1535 3802 1655 3874 tempo·

389 3901 451 3961 rali
473 3907 504 3960 et
526 3949 533 3962 .
556 3948 563 3962 .
588 3902 670 3962 dicto
693 3903 908 3979 Hyersperger
924 3903 1056 3978 aliisque
1072 3919 1167 3978 quam
1183 3903 1329 3978 pluribus
1344 3903 1509 3976 fidedignis
1525 3905 1657 3964 testibus

390 4007 431 4067 ad
454 4010 606 4084 premissa
629 4011 747 4069 vocatis
771 4009 948 4084 specialiter
965 4016 995 4068 et
1010 4011 1137 4084 rogatis.
1161 4009 1362 4068 Pontificatus
1377 4025 1453 4068 vero
1469 4011 1657 4070 sanctissimi

391 4115 423 4174 in
441 4115 566 4174 Christo
589 4117 687 4191 patris
710 4122 740 4176 et
762 4116 881 4176 domini
903 4118 1009 4190 nostri,
1033 4116 1152 4176 domini
1175 4116 1307 4189 Martini,
1333 4115 1438 4175 divina
1455 4116 1656 4192 providencia

390 4237 472 4296 pape
496 4222 604 4296 quinti,
627 4237 708 4282 anno
731 4223 828 4298 ipsius
852 4224 967 4297 quinto.

440 4358 549 4422 Signum

447 4449 547 4500 notarii.

495 4543 533 4600 Et
555 4557 614 4616 ego
647 4542 781 4600 Michael
814 4543 909 4602 Blasii
940 4542 978 4600 de
1008 4543 1078 4602 vico
1108 4543 1290 4601 Latinorum
1325 4559 1424 4618 prope
1460 4542 1655 4616 Zagrabiam,

389 4648 520 4707 clericus
553 4649 782 4722 zagrabiensis,
816 4650 962 4724 publicus
995 4649 1153 4724 imperiali
1184 4650 1366 4708 auctoritate
1399 4652 1546 4724 notarius,
1582 4649 1655 4722 quia

389 4753 550 4829 premissis
572 4755 717 4813 omnibus
740 4761 771 4814 et
792 4755 923 4829 singulis
946 4755 1022 4812 dum
1052 4756 1105 4828 sic,
1136 4761 1170 4813 ut
1203 4756 1403 4828 premittitur,
1437 4761 1603 4830 agerentur
1625 4761 1656 4813 et

389 4861 500 4920 fierent
537 4875 670 4920 unacum
701 4863 871 4935 prenotatis
902 4862 1032 4920 testibus
1069 4877 1195 4936 presens
1234 4861 1379 4936 interfui,
1417 4877 1514 4936 eaque
1551 4862 1656 4920 omnia

389 4977 419 5025 et
448 4968 571 5040 singula
601 4968 646 5026 sic
678 4967 745 5026 fieri
777 4967 841 5026 vidi
874 4975 904 5026 et
934 4967 1049 5040 audivi,
1080 4969 1211 5042 ideoque
1243 4969 1302 5026 hoc
1333 4985 1459 5043 presens
1491 4969 1654 5043 publicum
