3932 5806
730 586 803 646 Doc.
825 581 897 661 256.
921 619 964 629 -
987 585 1043 643 An.
1066 581 1158 664 1467.
1500 601 1561 662 315

305 801 492 861 tormacione
515 804 613 861 tocius
636 807 733 860 status
754 801 906 860 clericalis
931 817 985 860 sue
1001 800 1140 873 dyocesis
1156 801 1343 860 destinasset.
1367 802 1484 860 Tamen
1500 803 1567 876 ipse

302 908 489 966 reverendus
521 909 626 982 pater,
662 909 806 966 dominus
835 915 865 965 et
896 909 1035 981 prelatus
1063 915 1168 965 noster
1199 907 1373 982 predictus,
1407 913 1566 982 assumpta

302 1014 438 1088 quadarn
462 1015 621 1073 occasione
652 1025 685 1072 se
716 1031 734 1072 a
757 1013 877 1088 prefata
900 1022 1004 1072 sancta
1027 1013 1146 1086 synodo
1169 1013 1361 1084 absentandi,
1384 1030 1440 1088 per
1463 1015 1566 1088 ipsum

301 1120 395 1178 modo
419 1119 558 1195 predicto
582 1121 728 1192 instituta,
752 1135 814 1178 non
838 1119 980 1178 doctores
1003 1119 1057 1178 sed
1080 1119 1266 1188 seductores,
1289 1135 1351 1178 non
1374 1120 1489 1178 tirones
1512 1121 1566 1178 sed

301 1231 427 1300 tyranos
443 1229 475 1285 in
493 1227 714 1302 villipendium
731 1243 766 1285 ac
782 1227 1017 1301 oppressionem
1033 1227 1132 1285 tocius
1152 1226 1228 1284 cleri
1251 1228 1282 1284 in
1306 1225 1445 1284 medium
1468 1228 1566 1284 nostri

301 1334 475 1407 destinavit,
498 1335 639 1408 egregios
661 1334 808 1392 videlicet
823 1339 854 1392 et
868 1333 991 1392 nobiles
1008 1335 1100 1405 viros,
1116 1333 1143 1391 si
1159 1333 1220 1391 dici
1236 1339 1410 1391 merentur:
1436 1333 1561 1391 Petrum

301 1439 339 1497 de
362 1439 537 1512 Gwdowcz,
554 1441 705 1498 vicariurn
721 1439 937 1512 temporalem,
952 1439 1134 1497 Ladislaum
1151 1439 1189 1497 de
1213 1438 1347 1510 Greben‚
1371 1439 1565 1512 vicebanum,

300 1545 485 1618 Gregorium
511 1545 549 1603 de
572 1545 769 1616 Fodorowcz,
794 1547 985 1604 Anthonium
1009 1546 1164 1619 Kopyncz,
1195 1545 1321 1604 Petrum
1349 1545 1388 1604 de
1411 1545 1565 1619 Bykzhad,

299 1651 398 1735 Janko
423 1651 461 1709 de
483 1651 664 1724 Miketyncz,
697 1650 867 1724 Georgium
891 1651 991 1724 Briga,
1015 1652 1229 1709 Hermannum
1253 1651 1292 1710 de
1314 1651 1430 1710 Chawa
1453 1659 1482 1710 et
1506 1652 1565 1711 Ge-

300 1759 422 1831 orgium
448 1757 571 1816 Susicza
595 1773 665 1814 cum
690 1759 830 1832 ipsorum
856 1758 1071 1831 complicibus,
1095 1757 1303 1816 familiaribus
1327 1758 1472 1818 videlicet
1494 1760 1566 1817 suis.

300 1863 443 1937 Cumque
466 1879 522 1922 nos
545 1865 681 1921 universi
704 1869 735 1921 et
756 1864 871 1937 singuli
895 1864 1021 1938 plebani
1047 1871 1076 1921 et
1099 1864 1153 1921 alii
1169 1864 1343 1924 beneficiati
1358 1865 1491 1939 predicti
1508 1880 1564 1938 pro

299 1968 461 2028 audiendis
492 1969 687 2028 sermonibus
717 1975 747 2028 et
777 1971 846 2028 aliis
868 1969 1099 2028 erudicionibus
1122 1969 1301 2028 salubribus
1324 1971 1510 2044 accipiendis
1534 1971 1565 2029 in

300 2077 428 2134 ecclesia
452 2075 627 2134 kathedrali
651 2077 747 2133 sancti
773 2077 854 2149 regis
877 2075 1027 2151 Stephani
1050 2077 1164 2135 reclusi
1187 2076 1362 2148 fuissemus,
1382 2093 1420 2134 ne
1436 2078 1564 2149 laycalis

298 2183 446 2240 severitas
477 2183 509 2240 in
540 2169 753 2254 contemptum
778 2181 854 2240 cleri
876 2197 932 2240 nos
957 2183 1051 2240 modo
1074 2183 1228 2256 premisso
1251 2188 1456 2256 congregatos
1479 2184 1564 2242 inva-

299 2288 405 2358 sisset;
429 2295 459 2345 et
483 2287 611 2360 quidam
635 2287 784 2346 satellites
807 2289 957 2362 nepharii,
981 2287 1151 2348 familiares
1181 2289 1327 2348 videlicet
1351 2289 1564 2363 predictorum

296 2395 460 2464 nobilium,
496 2395 699 2468 ipsorumque
733 2396 883 2464 conservi,
918 2396 1003 2454 iussu
1038 2401 1131 2469 atque
1167 2395 1323 2469 mandato,
1351 2395 1392 2454 ad
1424 2395 1563 2468 hospicia

297 2507 400 2557 nostra
426 2501 563 2574 propria,
587 2502 759 2558 temeritate
777 2502 945 2574 irruissent,
961 2509 992 2560 et
1007 2501 1125 2560 ibidem
1142 2503 1174 2560 in
1190 2503 1336 2560 domibus
1352 2503 1563 2588 hospiciorum

296 2611 473 2664 nostrorum
497 2607 573 2665 seris
596 2607 769 2679 confractis,
792 2623 842 2665 res
865 2617 895 2666 et
918 2608 999 2666 bona
1015 2613 1119 2667 nostra
1135 2609 1321 2682 recepissent
1337 2613 1367 2666 et
1383 2613 1565 2681 receperunt

297 2720 327 2770 et
351 2728 413 2786 quo
434 2713 578 2786 ipsorum
604 2714 776 2787 perniciose
800 2715 954 2773 voluntati
979 2715 1155 2788 placuisset,
1180 2716 1402 2774 convertissent
1432 2719 1462 2772 et
1492 2729 1563 2772 con·

297 2824 456 2876 verterunt
472 2819 503 2877 in
519 2817 726 2892 preiudicium
742 2826 772 2877 et
788 2820 960 2894 dampnum
982 2827 1122 2879 nostrum
1140 2825 1169 2879 et
1185 2820 1318 2879 dedecus
1330 2822 1560 2894 gravissimum.

296 2923 476 2982 Sacerdotes
500 2931 674 2999 propterea,
698 2927 752 3000 qui
774 2941 807 2984 se
829 2927 870 2984 ab
894 2927 1073 2985 huiusmodi
1095 2927 1229 2985 sinodali
1252 2927 1492 3001 congregacione
1508 2927 1563 2984 ab·

296 3037 473 3100 mutassent,
498 3037 669 3104 querentes,
693 3038 816 3090 etcum
840 3049 902 3092 non
925 3033 1122 3102 invenissent,
1147 3033 1225 3092 duos
1248 3035 1369 3105 saltem,
1394 3049 1490 3091 unum
1515 3049 1562 3091 ec·

295 3136 388 3193 clesie
411 3137 600 3209 parochialis
622 3139 830 3210 zagrabiensis
852 3139 1082 3214 cappellanum,
1106 3141 1160 3214 qui
1181 3154 1239 3214 pro
1262 3139 1422 3198 audiendis
1446 3138 1562 3198 confes·

293 3241 432 3298 sionibus
448 3241 488 3298 ad
503 3241 664 3301 infirmum
680 3245 974 3304 communicandum
992 3261 1062 3304 cum
1086 3251 1279 3303 sacramento
1292 3246 1446 3316 exivisset,
1464 3245 1561 3304 divini

295 3348 480 3406 sacramenti
502 3349 664 3418 irreveriti,
688 3350 950 3425 sacerdotalisque
973 3352 1131 3424 dignitatis
1161 3353 1369 3428 immemores,
1393 3352 1499 3425 ipsum
1521 3351 1561 3409 ad

294 3453 494 3512 villissimam
520 3455 664 3526 tunicam,
689 3457 772 3514 libro
788 3459 945 3530 breviarii,
962 3457 1101 3532 pecuniis
1117 3465 1147 3516 et
1164 3458 1234 3516 aliis
1250 3457 1344 3518 rebus
1359 3457 1441 3516 circa
1457 3458 1561 3532 ipsum

293 3561 432 3632 repertis,
462 3561 653 3634 spoliarunt;
685 3563 854 3621 secundum
886 3581 961 3623 vero
994 3564 1195 3636 sacerdotem,
1227 3565 1280 3638 qui
1311 3569 1384 3622 tunc
1414 3579 1561 3638 magnam

293 3665 421 3724 missam
451 3667 630 3738 celebravit,
664 3669 739 3726 durn
771 3685 828 3744 pro
858 3672 1037 3729 necessitate
1068 3671 1203 3730 naturali
1234 3675 1359 3746 peracta
1381 3672 1476 3730 missa
1499 3672 1561 3730 exi·

293 3773 396 3844 visset,
428 3773 573 3832 similiter
605 3775 842 3848 captivaverunt
870 3785 901 3836 et
930 3779 1121 3851 spoliarunt;
1152 3793 1264 3852 resque
1294 3779 1335 3835 ab
1365 3778 1409 3836 eis
1439 3778 1570 3842 ablatas.

292 3879 423 3936 retinent
446 3877 548 3937 adhuc
572 3879 610 3938 de
633 3883 776 3955 presenti.
808 3883 940 3942 Etcum
971 3885 1057 3943 iuxta
1090 3884 1344 3943 consvetudinem
1376 3885 1496 3942 diucius
1527 3886 1559 3944 in

291 3985 474 4044 huiusmodi
499 3987 712 4046 celebracione
743 3989 876 4048 sinodali
899 3992 1098 4050 observatam
1121 3991 1161 4048 ad
1182 3991 1412 4049 accusacionem
1437 3991 1560 4048 testium

291 4093 483 4174 sinodalium
507 4093 681 4152 sacerdotes
704 4100 734 4152 et
757 4096 811 4154 alii
835 4097 939 4155 clerici
962 4098 1047 4155 iuxta
1071 4112 1179 4155 eorum
1203 4098 1313 4154 merita
1335 4103 1369 4156 ut
1391 4099 1560 4170 repremia·

247 4259 253 4270 ,
291 4205 398 4256 rentur
429 4207 459 4257 et
489 4189 648 4272 demerita,
681 4207 716 4258 nt
746 4203 982 4275 corrigerentur,
1013 4203 1300 4278 pronunciarentur,
1330 4203 1451 4262 iamfati
1488 4204 1560 4262 laici

291 4320 362 4361 curn
386 4307 450 4363 suis
473 4307 691 4381 complicibus,
715 4309 769 4381 qui
793 4308 830 4366 de
853 4309 1073 4368 consuetudine
1097 4310 1195 4368 eciam
1219 4309 1258 4367 de
1280 4311 1347 4367 iure
1369 4325 1408 4367 ne
1430 4311 1560 4368 crimina

291 4411 448 4469 clericalia
464 4413 540 4486 ipsis
564 4411 754 4486 patelierent,
778 4430 840 4473 non
863 4415 1041 4474 debuissent
1064 4417 1218 4488 interesse,
1242 4417 1340 4473 eciam
1365 4421 1471 4474 contra
1488 4432 1559 4492 pro·

291 4516 480 4574 hibicionem
513 4519 676 4577 reverendi
706 4521 738 4578 in
769 4521 893 4580 Christo
925 4523 1023 4596 patris
1053 4527 1083 4580 et
1113 4523 1233 4580 domini
1262 4521 1418 4596 Stephani,
1450 4522 1499 4581 dei
1530 4531 1560 4581 et

290 4623 462 4696 apostolice
485 4624 567 4682 sedis
592 4627 696 4698 gracia
728 4629 867 4701 episcopi
898 4629 1057 4701 geurensis
1081 4634 1111 4686 et
1134 4629 1351 4702 gubernatoris
1374 4629 1504 4687 abbacie
1528 4631 1559 4688 in

289 4729 466 4803 Kapornalr,
498 4730 613 4804 prefati
644 4731 763 4791 domini
795 4734 924 4792 Osualdi
956 4735 1094 4808 episcopi
1125 4735 1156 4792 in
1187 4735 1420 4807 pontificalibus
1452 4737 1560 4796 vicarii

287 4837 442 4908 generalis
466 4852 502 4894 ac
525 4839 556 4894 in
580 4853 714 4911 persona
736 4840 833 4914 ipsius
858 4840 976 4899 domini
999 4840 1129 4899 Osualdi
1151 4841 1300 4916 episcopi,
1317 4841 1455 4901 eiusdem
1472 4859 1558 4902 sacre

289 4941 449 5014 synodalis
474 4946 725 5017 congregacionis
748 4945 941 5019 presidentis,
966 4949 1125 5020 tociusque
1149 4947 1337 5006 venerabilis
1360 4950 1488 5022 capituli
1511 4967 1559 5010 za·

285 5049 459 5123 grabiensis
488 5051 704 5127 prohibicione
735 5052 772 5112 de
806 5053 951 5113 mandato
980 5053 1152 5128 doctorum,
1177 5055 1364 5114 clericorum
1394 5063 1424 5116 et
1447 5057 1557 5134 pleba-
