3948 5804
436 519 474 591 38
865 515 938 572 Doc.
956 522 1009 590 32.
1036 546 1075 556 -
1100 513 1157 572 An.
1185 526 1274 589 1422.

434 736 464 790 et
485 730 603 808 juratos
625 737 655 790 et
678 732 851 807 quemlibet
874 730 912 788 de
935 746 992 804 per
1027 745 1059 787 se
1094 729 1291 787 nominantes
1312 741 1347 784 ae
1378 727 1410 785 in
1441 729 1545 802 specie
1578 745 1701 789 excom-

436 839 656 897 municacionis
679 839 742 898 late
764 837 840 914 juris
864 851 918 896 seu
941 850 1095 894 canonum
1115 850 1151 892 ac
1174 835 1276 908 ipsam
1311 835 1497 909 sacrilegam
1528 837 1701 896 communi·

434 949 529 1002 tatem
552 945 694 1018 ipsorum
717 962 770 1004 seu
793 945 954 1004 civitatem
979 958 1051 1000 cum
1075 955 1184 999 eorum
1206 941 1366 1000 suburbiis
1390 957 1426 1000 ac
1448 943 1535 1017 ipsos
1558 944 1701 1002 homines

433 1051 465 1108 in
488 1066 599 1123 genere
622 1056 751 1126 propter
774 1051 927 1125 premissa
950 1054 980 1107 et
1001 1048 1165 1122 quodlibet
1188 1048 1415 1122 premissorum
1446 1048 1619 1108 firmissimi
1650 1067 1698 1110 ec·

433 1158 597 1215 clesiastici
618 1157 772 1216 interdicti
803 1156 972 1215 sentencias
1006 1160 1099 1228 atque
1133 1170 1228 1228 penas
1262 1153 1490 1214 declaravimus
1526 1163 1556 1215 et
1593 1162 1699 1216 tenore

436 1263 631 1337 presencium
662 1263 857 1322 declaramus
888 1261 1132 1336 dampnabiliter
1161 1259 1304 1318 incidisse
1339 1266 1369 1319 et
1403 1263 1502 1320 eciam
1525 1264 1695 1334 subiacere,

434 1383 542 1442 ymmo
566 1370 740 1442 quemlibet
761 1371 901 1444 ipsorum
925 1370 956 1426 in
979 1367 1114 1426 solidum
1138 1371 1168 1426 et
1191 1367 1231 1424 de
1261 1383 1318 1440 per
1349 1384 1382 1427 se
1415 1383 1452 1427 ac
1486 1369 1563 1428 alias
1600 1371 1699 1429 nomi-

433 1480 542 1534 nanter
565 1479 595 1533 et
618 1477 649 1535 in
672 1478 774 1550 specie
798 1476 1104 1534 excommunicamus
1134 1477 1165 1531 et
1195 1473 1311 1532 dictam
1343 1475 1484 1550 ipsorum
1515 1477 1700 1550 sacrilegam

433 1582 688 1640 communitatem
711 1598 765 1640 seu
799 1583 966 1652 civitatem,
990 1581 1016 1638 si
1050 1579 1110 1638 dici
1147 1585 1295 1653 meretur,
1318 1585 1412 1654 atque
1445 1582 1552 1641 locum
1586 1583 1700 1642 montis

438 1687 601 1747 Grecensis
624 1705 696 1747 cum
719 1689 808 1748 dictis
831 1690 972 1762 ipsorum
995 1686 1154 1744 suburbiis
1178 1687 1386 1746 ecclesiastico
1402 1687 1583 1746 firmissimo
1605 1689 1699 1747 inter·

436 1794 519 1852 dicto
540 1795 711 1853 subicimus
734 1796 765 1852 in
788 1795 847 1852 hiis
869 1793 993 1866 scriptis
1005 1811 1013 1864 ;
1037 1791 1162 1850 eosdem
1186 1795 1285 1851 eciam
1308 1799 1338 1852 et
1361 1795 1535 1867 quemlibet
1557 1795 1698 1869 ipsorum

436 1905 499 1958 tam
524 1901 555 1958 in
577 1903 679 1974 specie
702 1901 849 1958 similiter
870 1915 966 1973 quam
987 1899 1018 1956 in
1038 1914 1149 1972 genere
1165 1899 1311 1957 omnibus
1327 1898 1438 1967 feudis,
1456 1903 1554 1972 terris,
1571 1899 1697 1975 prediis,

433 2007 539 2080 pratis,
570 2009 661 2080 agris,
697 2009 804 2078 vineis,
837 2007 992 2078 domibus,
1026 2007 1115 2078 areis,
1145 2003 1334 2079 nemoribus,
1359 2009 1461 2077 curiis,
1482 2007 1640 2066 beneficiis
1663 2022 1699 2066 ac

437 2109 549 2170 officiis
571 2117 601 2170 et
624 2114 818 2186 quibuslibet
841 2114 910 2171 aliis
936 2113 1035 2183 bonis,
1049 2113 1206 2186 rebusque
1223 2113 1396 2172 mobilibus
1419 2120 1449 2171 et
1471 2114 1698 2186 immobilibus,

434 2232 494 2290 que
518 2223 547 2275 et
572 2233 649 2291 quas
672 2220 733 2294 ipsi
756 2225 808 2277 aut
831 2220 910 2276 alter
932 2219 1075 2292 ipsorum
1097 2233 1115 2276 a
1139 2217 1221 2277 dicta
1237 2219 1366 2278 ecelesia
1382 2225 1488 2278 nostra
1504 2219 1698 2293 zagrabiensi

432 2323 602 2382 dinoscitur
625 2324 864 2398 quomodolibet
887 2325 1027 2383 obtinere
1051 2325 1210 2398 privantes
1241 2331 1272 2384 et
1300 2325 1522 2385 nichilominus
1558 2327 1698 2400 privatos

431 2429 548 2488 eisdem
570 2436 600 2488 et
623 2435 741 2501 exutos,
764 2431 1110 2504 excommunicatosque
1141 2437 1172 2489 et
1206 2431 1322 2490 dictam
1352 2433 1535 2505 sacrilegam
1565 2433 1698 2492 civitatis

431 2537 687 2595 communitatem
710 2541 740 2594 et
764 2537 830 2594 eius
854 2537 959 2594 locum
983 2552 1054 2594 cum
1086 2537 1246 2595 suburbiis
1279 2537 1343 2596 suis
1379 2537 1572 2611 quibuslibet
1604 2539 1699 2596 iuter·

432 2641 514 2699 dicto
537 2647 567 2700 et
588 2643 796 2701 ecclesiastico
819 2641 1001 2700 firmissimo
1027 2642 1190 2700 interdicto
1213 2644 1351 2702 subactis
1374 2649 1404 2701 et
1419 2644 1566 2718 supositis
1582 2643 1698 2703 denun-

432 2749 549 2806 ciamus
572 2749 717 2807 similiter
739 2750 771 2807 in
794 2749 854 2806 hiis
876 2748 1021 2822 scriptis;¹
1055 2748 1138 2806 filios
1172 2749 1314 2822 ipsorum
1346 2764 1446 2822 usque
1479 2749 1519 2807 ad
1553 2755 1697 2823 quartam

431 2855 666 2924 generacionem
688 2856 719 2913 iu
743 2856 879 2929 presenti
896 2854 1024 2912 ecclesia
1041 2857 1146 2913 nostra
1169 2853 1209 2911 ad
1232 2853 1356 2926 gradus,
1379 2854 1502 2912 ordines
1518 2869 1621 2914 sacros
1644 2861 1698 2914 aut

434 2961 556 3033 aliquas
580 2960 752 3034 dignitates,
777 2959 935 3031 beneficia,
960 2959 1072 3033 officia,
1097 2959 1197 3032 feuda,
1219 2965 1273 3018 aut
1303 2960 1412 3034 predia
1442 2961 1639 3020 decernentes
1667 2968 1697 3021 et

432 3067 572 3126 volentes
596 3069 724 3126 minime
747 3083 839 3143 posse
861 3071 915 3124 aut
937 3067 1050 3125 debere
1074 3068 1106 3125 in
1129 3073 1290 3140 posterum
1314 3068 1505 3142 promoveri,
1528 3084 1584 3127 nec
1607 3085 1697 3143 posse

430 3179 460 3232 et
484 3173 589 3231 valere
612 3174 791 3247 aliqualiter
815 3174 1065 3247 pronunciantes,
1090 3188 1230 3246 quosque
1254 3173 1292 3231 de
1315 3174 1476 3248 premissis
1499 3175 1644 3233 omnibus
1667 3180 1697 3234 et

430 3280 560 3352 singulis
583 3280 682 3351 nobis,
707 3280 788 3338 dicte
811 3279 939 3338 ecclesie
964 3284 1077 3350 nostre,
1102 3278 1208 3352 eisque
1226 3279 1361 3338 dominis
1382 3279 1421 3337 de
1443 3280 1592 3353 capitulo,
1627 3297 1695 3354 pre·

431 3385 589 3444 bendariis
610 3391 704 3459 atque
726 3386 810 3444 clero
833 3401 890 3460 per
913 3384 1039 3442 eosdem
1064 3383 1156 3442 fuerit
1179 3386 1304 3444 realiter
1327 3385 1526 3445 satisfactum.
1549 3388 1588 3445 Et
1603 3403 1695 3462 super

430 3492 490 3550 hiis
514 3493 659 3550 omnibus
683 3507 755 3549 curn
778 3491 895 3550 eisdem
919 3497 949 3548 et
972 3507 1043 3548 cum
1068 3491 1211 3563 quolibet
1234 3491 1375 3565 ipsorum
1390 3490 1581 3552 sufficienter
1604 3493 1696 3552 fuerit

429 3597 650 3670 dispensatum,
675 3598 823 3670 quoniam
845 3595 913 3672 jure
937 3601 1063 3654 cavetur
1096 3612 1251 3670 expresse,
1283 3597 1367 3670 quod
1396 3603 1504 3658 contra
1533 3599 1696 3658 molientes

429 3703 546 3762 Christi
569 3703 727 3762 ministros
751 3704 929 3776 extinguere
944 3718 989 3760 ac
1020 3707 1127 3760 contra
1158 3702 1371 3776 incendiarios,
1401 3703 1570 3763 violatores
1598 3707 1696 3764 eccle-

429 3811 556 3882 siarum,
579 3815 721 3884 raptores
744 3824 798 3867 seu
822 3809 921 3867 eciam
947 3809 1106 3868 invasores
1129 3822 1332 3882 pessonarum
1355 3815 1385 3867 et
1416 3826 1521 3868 rerum
1552 3811 1695 3869 ecclesia·

434 3916 583 3974 sticarum
606 3922 636 3973 et
659 3915 737 3973 alios
762 3915 904 3989 publicos
927 3914 1167 3989 depopulatores
1191 3929 1227 3972 ac
1250 3915 1386 3974 latrones
1421 3924 1467 3975 est
1494 3918 1598 3976 taliter
1621 3933 1694 3992 pro·

431 4020 604 4080 cedendum
626 4029 657 4080 et
679 4022 750 4080 talis
773 4022 816 4080 eis
840 4038 920 4096 pena
942 4036 997 4079 seu
1020 4022 1184 4094 castigacio
1207 4021 1379 4096 infligenda,
1403 4022 1489 4096 quod
1516 4024 1578 4097 ipsi
1609 4029 1695 4083 metu

431 4144 508 4202 pene
532 4129 557 4185 si
581 4143 642 4186 non
665 4143 772 4186 amore
794 4128 902 4186 divino
925 4127 1043 4185 inducti
1070 4128 1123 4185 vel
1145 4129 1270 4186 retracti
1293 4142 1311 4185 a
1334 4128 1490 4188 similibus
1525 4128 1564 4187 de
1593 4135 1696 4189 cetero

430 4233 613 4306 abstineant,
638 4234 786 4293 desistant
817 4240 847 4292 et
882 4235 980 4292 eciam
1014 4233 1151 4293 finaliter
1185 4234 1375 4309 resipiscant,
1410 4235 1542 4310 aliisque
1578 4237 1695 4296 similia

351 4393 355 4400 .
430 4341 705 4414 presumentibus,
739 4355 848 4399 eorum
882 4342 1048 4414 castigacio
1082 4346 1217 4400 transeat
1251 4341 1282 4399 in
1313 4342 1505 4416 exemplum.
1542 4343 1695 4417 Quocirca

429 4447 523 4504 vobis
545 4448 691 4506 omnibus
715 4453 745 4506 et
767 4449 898 4522 singulis
922 4447 1109 4521 supradictis
1133 4448 1164 4504 in
1187 4448 1303 4505 virtute
1326 4453 1429 4506 sancte
1461 4449 1642 4508 obediencie
1665 4455 1696 4509 et

430 4553 488 4610 sub
511 4555 841 4612 excommunicacionis
864 4569 949 4628 pena,
963 4569 1057 4626 quam
1075 4554 1105 4611 in
1121 4568 1178 4612 vos
1194 4559 1224 4612 et
1239 4555 1413 4628 quemlibet
1429 4561 1578 4629 vestrum,
1596 4557 1691 4617 trium

430 4657 553 4717 dierum
575 4659 722 4718 canonica
745 4661 918 4718 monicione
952 4660 1113 4734 premissa,
1148 4659 1278 4718 ferimus
1312 4661 1343 4720 in
1377 4662 1437 4720 hiis
1469 4662 1601 4738 scriptis,
1635 4663 1694 4722 nisi

429 4764 563 4823 feceritis
587 4765 670 4838 quod
695 4766 890 4838 mandamus,
914 4765 1050 4825 districte
1082 4766 1283 4841 precipiendo
1313 4766 1506 4839 mandamus
1539 4775 1690 4842 quatenus

429 4885 502 4928 mox
524 4871 599 4927 visis
623 4877 653 4928 et
676 4873 807 4945 receptis
832 4871 1036 4945 presentibus,
1060 4877 1090 4931 et
1113 4879 1281 4947 postquam
1304 4889 1399 4948 super
1422 4875 1482 4932 hoc
1504 4874 1624 4934 fueritis
1647 4891 1695 4934 re·

428 4977 533 5050 quisiti
556 4991 609 5034 seu
633 4977 712 5034 alter
735 4984 874 5036 vestrum
896 4979 1071 5052 requisitus,
1095 4979 1233 5054 prelatos
1257 4980 1349 5051 cives,
1374 4981 1519 5054 populos,
1543 4981 1692 5054 hospites,
