<?xml version="1.0" encoding="UTF-8"?>
<!DOCTYPE html PUBLIC "-//W3C//DTD XHTML 1.0 Transitional//EN"
    "http://www.w3.org/TR/xhtml1/DTD/xhtml1-transitional.dtd">
<html xmlns="http://www.w3.org/1999/xhtml" xml:lang="en" lang="en">
 <head>
  <title>
</title>
<meta http-equiv="Content-Type" content="text/html;charset=utf-8" />
  <meta name='ocr-system' content='tesseract 3.04.00' />
  <meta name='ocr-capabilities' content='ocr_page ocr_carea ocr_par ocr_line ocrx_word'/>
</head>
<body>
  <div class='ocr_page' id='page_1' title='image "./monumentahistor20laszgoog_0443.png"; bbox 0 0 3930 5802; ppageno 0'>
   <div class='ocr_carea' id='block_1_1' title="bbox 808 530 1230 608">
    <p class='ocr_par' dir='ltr' id='par_1_1' title="bbox 808 530 1230 608">
     <span class='ocr_line' id='line_1_1' title="bbox 808 530 1230 608; baseline 0.002 -21"><span class='ocrx_word' id='word_1_1' title='bbox 808 530 881 589; x_wconf 77' lang='lat' dir='ltr'>Dor.</span> <span class='ocrx_word' id='word_1_2' title='bbox 905 543 972 605; x_wconf 70' lang='lat'><em>133.</em></span> <span class='ocrx_word' id='word_1_3' title='bbox 997 562 1039 572; x_wconf 94' lang='lat'><em>-</em></span> <span class='ocrx_word' id='word_1_4' title='bbox 1063 530 1119 586; x_wconf 82' lang='lat' dir='ltr'>An.</span> <span class='ocrx_word' id='word_1_5' title='bbox 1142 543 1230 608; x_wconf 75' lang='lat'><em>1441.</em></span> 
     </span>
    </p>
   </div>
   <div class='ocr_carea' id='block_1_2' title="bbox 494 737 1061 945">
    <p class='ocr_par' dir='ltr' id='par_1_2' title="bbox 494 737 1061 945">
     <span class='ocr_line' id='line_1_2' title="bbox 983 737 1061 806; baseline -0.064 -2"><span class='ocrx_word' id='word_1_6' title='bbox 983 737 1061 806; x_wconf 80' lang='lat'><strong>133.</strong></span> 
     </span>
     <span class='ocr_line' id='line_1_3' title="bbox 494 879 986 945; baseline 0.004 -17"><span class='ocrx_word' id='word_1_7' title='bbox 494 879 575 928; x_wconf 74' lang='lat' dir='ltr'>Anno</span> <span class='ocrx_word' id='word_1_8' title='bbox 596 891 672 943; x_wconf 87' lang='lat'>1441,</span> <span class='ocrx_word' id='word_1_9' title='bbox 692 892 717 941; x_wconf 89' lang='lat'>9.</span> <span class='ocrx_word' id='word_1_10' title='bbox 734 880 816 944; x_wconf 90' lang='lat' dir='ltr'>Junii.</span> <span class='ocrx_word' id='word_1_11' title='bbox 837 881 986 945; x_wconf 82' lang='lat' dir='ltr'>Zagrabiae.</span> 
     </span>
    </p>
   </div>
   <div class='ocr_carea' id='block_1_3' title="bbox 396 1003 1658 1188">
    <p class='ocr_par' dir='ltr' id='par_1_3' title="bbox 396 1003 1658 1188">
     <span class='ocr_line' id='line_1_4' title="bbox 396 1003 1658 1085; baseline 0.004 -24"><span class='ocrx_word' id='word_1_12' title='bbox 396 1003 500 1062; x_wconf 83' lang='lat' dir='ltr'>Coram</span> <span class='ocrx_word' id='word_1_13' title='bbox 516 1006 668 1082; x_wconf 79' lang='lat' dir='ltr'>Johanne,</span> <span class='ocrx_word' id='word_1_14' title='bbox 698 1005 811 1065; x_wconf 79' lang='lat' dir='ltr'>Cislcrc.</span> <span class='ocrx_word' id='word_1_15' title='bbox 833 1008 951 1081; x_wconf 76' lang='lat' dir='ltr'>sugrab.</span> <span class='ocrx_word' id='word_1_16' title='bbox 974 1008 1083 1077; x_wconf 81' lang='lat' dir='ltr'>abbate,</span> <span class='ocrx_word' id='word_1_17' title='bbox 1112 1006 1262 1065; x_wconf 81' lang='lat' dir='ltr'>Conradus</span> <span class='ocrx_word' id='word_1_18' title='bbox 1277 1008 1401 1067; x_wconf 81' lang='lat' dir='ltr'>Ravsar</span> <span class='ocrx_word' id='word_1_19' title='bbox 1416 1007 1538 1066; x_wconf 77' lang='lat' dir='ltr'>Seboldo</span> <span class='ocrx_word' id='word_1_20' title='bbox 1553 1009 1658 1085; x_wconf 83' lang='lat' dir='ltr'>Majer</span> 
     </span>
     <span class='ocr_line' id='line_1_5' title="bbox 484 1112 1563 1188; baseline 0.006 -20"><span class='ocrx_word' id='word_1_21' title='bbox 484 1112 596 1169; x_wconf 65' lang='lat' dir='ltr'>donnum</span> <span class='ocrx_word' id='word_1_22' title='bbox 617 1131 709 1182; x_wconf 85' lang='lat' dir='ltr'>suam,</span> <span class='ocrx_word' id='word_1_23' title='bbox 732 1132 808 1187; x_wconf 82' lang='lat' dir='ltr'>quae</span> <span class='ocrx_word' id='word_1_24' title='bbox 829 1115 923 1171; x_wconf 86' lang='lat' dir='ltr'>estin</span> <span class='ocrx_word' id='word_1_25' title='bbox 952 1112 1128 1188; x_wconf 81' lang='lat' dir='ltr'>Opatovina,</span> <span class='ocrx_word' id='word_1_26' title='bbox 1151 1116 1233 1172; x_wconf 78' lang='lat' dir='ltr'>certis</span> <span class='ocrx_word' id='word_1_27' title='bbox 1255 1115 1460 1172; x_wconf 74' lang='lat' dir='ltr'>conditrbnibus</span> <span class='ocrx_word' id='word_1_28' title='bbox 1482 1114 1563 1177; x_wconf 80' lang='lat' dir='ltr'>cedit.</span> 
     </span>
    </p>
   </div>
   <div class='ocr_carea' id='block_1_4' title="bbox 377 1274 1656 5074">
    <p class='ocr_par' dir='ltr' id='par_1_4' title="bbox 377 1274 1656 5074">
     <span class='ocr_line' id='line_1_6' title="bbox 494 1274 1655 1358; baseline 0 -25"><span class='ocrx_word' id='word_1_29' title='bbox 494 1275 557 1333; x_wconf 91' lang='lat' dir='ltr'>Nos</span> <span class='ocrx_word' id='word_1_30' title='bbox 590 1274 686 1334; x_wconf 85' lang='lat' dir='ltr'>irater</span> <span class='ocrx_word' id='word_1_31' title='bbox 707 1276 862 1358; x_wconf 90' lang='lat' dir='ltr'>Johannes</span> <span class='ocrx_word' id='word_1_32' title='bbox 885 1277 984 1335; x_wconf 91' lang='lat' dir='ltr'>abbas</span> <span class='ocrx_word' id='word_1_33' title='bbox 1006 1277 1186 1338; x_wconf 91' lang='lat' dir='ltr'>monasterii</span> <span class='ocrx_word' id='word_1_34' title='bbox 1217 1277 1307 1334; x_wconf 91' lang='lat' dir='ltr'>beate</span> <span class='ocrx_word' id='word_1_35' title='bbox 1336 1277 1433 1334; x_wconf 87' lang='lat' dir='ltr'>Marie</span> <span class='ocrx_word' id='word_1_36' title='bbox 1463 1277 1593 1348; x_wconf 85' lang='lat' dir='ltr'>virginis</span> <span class='ocrx_word' id='word_1_37' title='bbox 1616 1275 1655 1334; x_wconf 89' lang='lat' dir='ltr'>de</span> 
     </span>
     <span class='ocr_line' id='line_1_7' title="bbox 386 1380 1654 1455; baseline 0.002 -17"><span class='ocrx_word' id='word_1_38' title='bbox 386 1380 546 1454; x_wconf 85' lang='lat' dir='ltr'>Zagrabia,</span> <span class='ocrx_word' id='word_1_39' title='bbox 563 1387 706 1455; x_wconf 91' lang='lat' dir='ltr'>totusque</span> <span class='ocrx_word' id='word_1_40' title='bbox 725 1387 893 1441; x_wconf 87' lang='lat' dir='ltr'>conventus</span> <span class='ocrx_word' id='word_1_41' title='bbox 905 1382 1040 1441; x_wconf 83' lang='lat' dir='ltr'>fratrum</span> <span class='ocrx_word' id='word_1_42' title='bbox 1055 1383 1116 1442; x_wconf 90' lang='lat' dir='ltr'>loci</span> <span class='ocrx_word' id='word_1_43' title='bbox 1131 1382 1279 1454; x_wconf 91' lang='lat' dir='ltr'>eiusdem,</span> <span class='ocrx_word' id='word_1_44' title='bbox 1295 1382 1506 1442; x_wconf 88' lang='lat' dir='ltr'>Cisterciensis</span> <span class='ocrx_word' id='word_1_45' title='bbox 1522 1381 1654 1440; x_wconf 79' lang='lat' dir='ltr'>ordinis.</span> 
     </span>
     <span class='ocr_line' id='line_1_8' title="bbox 387 1487 1656 1562; baseline 0.002 -18"><span class='ocrx_word' id='word_1_46' title='bbox 387 1487 537 1545; x_wconf 89' lang='lat' dir='ltr'>Memorie</span> <span class='ocrx_word' id='word_1_47' title='bbox 560 1487 814 1546; x_wconf 86' lang='lat' dir='ltr'><strong>commendamus</strong></span> <span class='ocrx_word' id='word_1_48' title='bbox 830 1495 935 1547; x_wconf 90' lang='lat' dir='ltr'>tenore</span> <span class='ocrx_word' id='word_1_49' title='bbox 959 1489 1155 1562; x_wconf 90' lang='lat' dir='ltr'>presencium</span> <span class='ocrx_word' id='word_1_50' title='bbox 1171 1488 1387 1562; x_wconf 85' lang='lat' dir='ltr'>significantes,</span> <span class='ocrx_word' id='word_1_51' title='bbox 1403 1489 1518 1562; x_wconf 88' lang='lat' dir='ltr'>quibus</span> <span class='ocrx_word' id='word_1_52' title='bbox 1530 1487 1656 1562; x_wconf 85' lang='lat' dir='ltr'>expedit</span> 
     </span>
     <span class='ocr_line' id='line_1_9' title="bbox 387 1591 1653 1667; baseline -0.002 -15"><span class='ocrx_word' id='word_1_53' title='bbox 387 1593 548 1666; x_wconf 89' lang='lat' dir='ltr'>universis,</span> <span class='ocrx_word' id='word_1_54' title='bbox 579 1593 664 1667; x_wconf 91' lang='lat' dir='ltr'>quod</span> <span class='ocrx_word' id='word_1_55' title='bbox 687 1593 837 1667; x_wconf 87' lang='lat' dir='ltr'>providus</span> <span class='ocrx_word' id='word_1_56' title='bbox 858 1595 907 1652; x_wconf 89' lang='lat' dir='ltr'>vir</span> <span class='ocrx_word' id='word_1_57' title='bbox 926 1593 1096 1662; x_wconf 79' lang='lat' dir='ltr'>conradus,</span> <span class='ocrx_word' id='word_1_58' title='bbox 1120 1595 1249 1652; x_wconf 90' lang='lat' dir='ltr'>Rawsar</span> <span class='ocrx_word' id='word_1_59' title='bbox 1270 1594 1380 1666; x_wconf 90' lang='lat' dir='ltr'>dictus,</span> <span class='ocrx_word' id='word_1_60' title='bbox 1403 1593 1441 1651; x_wconf 86' lang='lat' dir='ltr'>de</span> <span class='ocrx_word' id='word_1_61' title='bbox 1475 1591 1653 1652; x_wconf 89' lang='lat' dir='ltr'>Landeshut</span> 
     </span>
     <span class='ocr_line' id='line_1_10' title="bbox 388 1698 1653 1773; baseline 0.001 -18"><span class='ocrx_word' id='word_1_62' title='bbox 388 1698 418 1756; x_wconf 91' lang='lat' dir='ltr'>in</span> <span class='ocrx_word' id='word_1_63' title='bbox 442 1713 497 1756; x_wconf 91' lang='lat' dir='ltr'>sua</span> <span class='ocrx_word' id='word_1_64' title='bbox 520 1713 557 1756; x_wconf 92' lang='lat' dir='ltr'>ac</span> <span class='ocrx_word' id='word_1_65' title='bbox 579 1698 711 1772; x_wconf 85' lang='lat' dir='ltr'>provide</span> <span class='ocrx_word' id='word_1_66' title='bbox 735 1698 859 1758; x_wconf 91' lang='lat' dir='ltr'>domine</span> <span class='ocrx_word' id='word_1_67' title='bbox 874 1700 1013 1758; x_wconf 91' lang='lat' dir='ltr'>Elizabet</span> <span class='ocrx_word' id='word_1_68' title='bbox 1029 1705 1145 1772; x_wconf 88' lang='lat' dir='ltr'>vocate,</span> <span class='ocrx_word' id='word_1_69' title='bbox 1158 1701 1310 1758; x_wconf 87' lang='lat' dir='ltr'>consortis</span> <span class='ocrx_word' id='word_1_70' title='bbox 1325 1715 1387 1770; x_wconf 87' lang='lat' dir='ltr'>sue,</span> <span class='ocrx_word' id='word_1_71' title='bbox 1412 1700 1552 1773; x_wconf 90' lang='lat' dir='ltr'>personis</span> <span class='ocrx_word' id='word_1_72' title='bbox 1575 1715 1653 1757; x_wconf 89' lang='lat' dir='ltr'>onus</span> 
     </span>
     <span class='ocr_line' id='line_1_11' title="bbox 387 1805 1653 1881; baseline 0.002 -20"><span class='ocrx_word' id='word_1_73' title='bbox 387 1805 485 1879; x_wconf 93' lang='lat' dir='ltr'>ipsius</span> <span class='ocrx_word' id='word_1_74' title='bbox 509 1812 540 1864; x_wconf 91' lang='lat' dir='ltr'>et</span> <span class='ocrx_word' id='word_1_75' title='bbox 562 1821 733 1879; x_wconf 83' lang='lat' dir='ltr'><strong>gravamen</strong></span> <span class='ocrx_word' id='word_1_76' title='bbox 756 1823 812 1881; x_wconf 90' lang='lat' dir='ltr'>per</span> <span class='ocrx_word' id='word_1_77' title='bbox 835 1807 939 1866; x_wconf 91' lang='lat' dir='ltr'>omnia</span> <span class='ocrx_word' id='word_1_78' title='bbox 962 1807 993 1864; x_wconf 93' lang='lat' dir='ltr'>in</span> <span class='ocrx_word' id='word_1_79' title='bbox 1024 1823 1057 1865; x_wconf 89' lang='lat' dir='ltr'>se</span> <span class='ocrx_word' id='word_1_80' title='bbox 1090 1807 1195 1880; x_wconf 91' lang='lat' dir='ltr'>ipsum</span> <span class='ocrx_word' id='word_1_81' title='bbox 1229 1806 1480 1881; x_wconf 89' lang='lat' dir='ltr'>assumpmendo,</span> <span class='ocrx_word' id='word_1_82' title='bbox 1514 1812 1653 1864; x_wconf 88' lang='lat' dir='ltr'>nostram</span> 
     </span>
     <span class='ocr_line' id='line_1_12' title="bbox 389 1911 1653 1986; baseline 0.002 -18"><span class='ocrx_word' id='word_1_83' title='bbox 389 1912 515 1970; x_wconf 87' lang='lat' dir='ltr'>veniens</span> <span class='ocrx_word' id='word_1_84' title='bbox 538 1912 570 1970; x_wconf 92' lang='lat' dir='ltr'>in</span> <span class='ocrx_word' id='word_1_85' title='bbox 593 1914 787 1986; x_wconf 84' lang='lat' dir='ltr'>presenciam</span> <span class='ocrx_word' id='word_1_86' title='bbox 825 1911 983 1971; x_wconf 81' lang='lat' dir='ltr'>confessus</span> <span class='ocrx_word' id='word_1_87' title='bbox 1018 1918 1064 1970; x_wconf 90' lang='lat' dir='ltr'>est</span> <span class='ocrx_word' id='word_1_88' title='bbox 1099 1913 1131 1970; x_wconf 94' lang='lat' dir='ltr'>in</span> <span class='ocrx_word' id='word_1_89' title='bbox 1166 1913 1248 1970; x_wconf 92' lang='lat' dir='ltr'>hunc</span> <span class='ocrx_word' id='word_1_90' title='bbox 1286 1912 1431 1970; x_wconf 90' lang='lat' dir='ltr'>modum:</span> <span class='ocrx_word' id='word_1_91' title='bbox 1467 1911 1551 1985; x_wconf 91' lang='lat' dir='ltr'>quod</span> <span class='ocrx_word' id='word_1_92' title='bbox 1585 1913 1653 1986; x_wconf 87' lang='lat' dir='ltr'>ipse</span> 
     </span>
     <span class='ocr_line' id='line_1_13' title="bbox 386 2016 1651 2092; baseline 0.001 -18"><span class='ocrx_word' id='word_1_93' title='bbox 386 2033 520 2074; x_wconf 89' lang='lat' dir='ltr'>unacum</span> <span class='ocrx_word' id='word_1_94' title='bbox 543 2016 625 2076; x_wconf 89' lang='lat' dir='ltr'>dicta</span> <span class='ocrx_word' id='word_1_95' title='bbox 646 2018 773 2078; x_wconf 91' lang='lat' dir='ltr'>domina</span> <span class='ocrx_word' id='word_1_96' title='bbox 795 2024 937 2078; x_wconf 82' lang='lat' dir='ltr'>consorte</span> <span class='ocrx_word' id='word_1_97' title='bbox 960 2033 1016 2076; x_wconf 91' lang='lat' dir='ltr'>sua</span> <span class='ocrx_word' id='word_1_98' title='bbox 1038 2019 1157 2076; x_wconf 87' lang='lat' dir='ltr'>curiam</span> <span class='ocrx_word' id='word_1_99' title='bbox 1179 2034 1234 2076; x_wconf 91' lang='lat' dir='ltr'>seu</span> <span class='ocrx_word' id='word_1_100' title='bbox 1264 2017 1394 2077; x_wconf 91' lang='lat' dir='ltr'>domum</span> <span class='ocrx_word' id='word_1_101' title='bbox 1426 2019 1568 2092; x_wconf 88' lang='lat' dir='ltr'>ipsorum</span> <span class='ocrx_word' id='word_1_102' title='bbox 1599 2018 1651 2076; x_wconf 91' lang='lat' dir='ltr'>hic</span> 
     </span>
     <span class='ocr_line' id='line_1_14' title="bbox 386 2122 1653 2196; baseline 0.002 -17"><span class='ocrx_word' id='word_1_103' title='bbox 386 2122 537 2196; x_wconf 84' lang='lat' dir='ltr'>Zagrabie</span> <span class='ocrx_word' id='word_1_104' title='bbox 559 2124 591 2182; x_wconf 93' lang='lat' dir='ltr'>in</span> <span class='ocrx_word' id='word_1_105' title='bbox 624 2125 694 2182; x_wconf 81' lang='lat' dir='ltr'>vieo</span> <span class='ocrx_word' id='word_1_106' title='bbox 729 2123 804 2182; x_wconf 93' lang='lat' dir='ltr'>dicti</span> <span class='ocrx_word' id='word_1_107' title='bbox 837 2125 1017 2184; x_wconf 88' lang='lat' dir='ltr'>monasterii</span> <span class='ocrx_word' id='word_1_108' title='bbox 1050 2125 1148 2182; x_wconf 83' lang='lat' dir='ltr'>nostri</span> <span class='ocrx_word' id='word_1_109' title='bbox 1177 2125 1257 2182; x_wconf 88' lang='lat' dir='ltr'>inter</span> <span class='ocrx_word' id='word_1_110' title='bbox 1291 2123 1424 2182; x_wconf 82' lang='lat' dir='ltr'>fundum</span> <span class='ocrx_word' id='word_1_111' title='bbox 1446 2139 1500 2182; x_wconf 86' lang='lat' dir='ltr'>seu</span> <span class='ocrx_word' id='word_1_112' title='bbox 1522 2123 1653 2182; x_wconf 91' lang='lat' dir='ltr'>domum</span> 
     </span>
     <span class='ocr_line' id='line_1_15' title="bbox 387 2229 1648 2304; baseline 0.002 -18"><span class='ocrx_word' id='word_1_113' title='bbox 387 2229 610 2301; x_wconf 89' lang='lat' dir='ltr'>prebendalem</span> <span class='ocrx_word' id='word_1_114' title='bbox 631 2229 692 2288; x_wconf 85' lang='lat' dir='ltr'>viri</span> <span class='ocrx_word' id='word_1_115' title='bbox 727 2229 852 2288; x_wconf 91' lang='lat' dir='ltr'>discreti</span> <span class='ocrx_word' id='word_1_116' title='bbox 887 2229 1007 2288; x_wconf 90' lang='lat' dir='ltr'>domini</span> <span class='ocrx_word' id='word_1_117' title='bbox 1040 2231 1146 2301; x_wconf 89' lang='lat' dir='ltr'>lllarci,</span> <span class='ocrx_word' id='word_1_118' title='bbox 1167 2230 1253 2288; x_wconf 92' lang='lat' dir='ltr'>chori</span> <span class='ocrx_word' id='word_1_119' title='bbox 1288 2230 1416 2288; x_wconf 86' lang='lat' dir='ltr'>ecclesie</span> <span class='ocrx_word' id='word_1_120' title='bbox 1438 2230 1648 2304; x_wconf 84' lang='lat' dir='ltr'>zagrabiensis</span> 
     </span>
     <span class='ocr_line' id='line_1_16' title="bbox 387 2334 1652 2410; baseline 0.001 -18"><span class='ocrx_word' id='word_1_121' title='bbox 387 2334 585 2409; x_wconf 89' lang='lat' dir='ltr'>prebendarii</span> <span class='ocrx_word' id='word_1_122' title='bbox 608 2351 626 2393; x_wconf 90' lang='lat' dir='ltr'>a</span> <span class='ocrx_word' id='word_1_123' title='bbox 649 2341 738 2409; x_wconf 89' lang='lat' dir='ltr'>parte</span> <span class='ocrx_word' id='word_1_124' title='bbox 761 2336 914 2408; x_wconf 84' lang='lat' dir='ltr'>orientali,</span> <span class='ocrx_word' id='word_1_125' title='bbox 938 2341 1008 2393; x_wconf 89' lang='lat' dir='ltr'>eta</span> <span class='ocrx_word' id='word_1_126' title='bbox 1032 2341 1119 2409; x_wconf 91' lang='lat' dir='ltr'>parte</span> <span class='ocrx_word' id='word_1_127' title='bbox 1145 2335 1342 2394; x_wconf 89' lang='lat' dir='ltr'>meridionali</span> <span class='ocrx_word' id='word_1_128' title='bbox 1373 2336 1458 2394; x_wconf 89' lang='lat' dir='ltr'>viam</span> <span class='ocrx_word' id='word_1_129' title='bbox 1482 2336 1652 2410; x_wconf 89' lang='lat' dir='ltr'>publicam,</span> 
     </span>
     <span class='ocr_line' id='line_1_17' title="bbox 385 2441 1653 2515; baseline 0 -17"><span class='ocrx_word' id='word_1_130' title='bbox 385 2455 504 2499; x_wconf 88' lang='lat' dir='ltr'>necnon</span> <span class='ocrx_word' id='word_1_131' title='bbox 527 2457 545 2500; x_wconf 91' lang='lat' dir='ltr'>a</span> <span class='ocrx_word' id='word_1_132' title='bbox 569 2447 657 2515; x_wconf 90' lang='lat' dir='ltr'>parte</span> <span class='ocrx_word' id='word_1_133' title='bbox 690 2441 875 2499; x_wconf 89' lang='lat' dir='ltr'>occidentali</span> <span class='ocrx_word' id='word_1_134' title='bbox 909 2441 1065 2514; x_wconf 89' lang='lat' dir='ltr'>capellam</span> <span class='ocrx_word' id='word_1_135' title='bbox 1099 2441 1196 2499; x_wconf 90' lang='lat' dir='ltr'>sancti</span> <span class='ocrx_word' id='word_1_136' title='bbox 1232 2441 1384 2499; x_wconf 90' lang='lat' dir='ltr'>Leonardi</span> <span class='ocrx_word' id='word_1_137' title='bbox 1415 2441 1599 2499; x_wconf 85' lang='lat' dir='ltr'>existentem</span> <span class='ocrx_word' id='word_1_138' title='bbox 1621 2446 1653 2499; x_wconf 88' lang='lat' dir='ltr'>et</span> 
     </span>
     <span class='ocr_line' id='line_1_18' title="bbox 386 2546 1650 2622; baseline 0.001 -18"><span class='ocrx_word' id='word_1_139' title='bbox 386 2546 536 2619; x_wconf 86' lang='lat' dir='ltr'>habitam,</span> <span class='ocrx_word' id='word_1_140' title='bbox 559 2547 644 2622; x_wconf 90' lang='lat' dir='ltr'>ipsos</span> <span class='ocrx_word' id='word_1_141' title='bbox 667 2547 820 2620; x_wconf 81' lang='lat' dir='ltr'>legittime</span> <span class='ocrx_word' id='word_1_142' title='bbox 853 2552 1032 2620; x_wconf 80' lang='lat' dir='ltr'>tangentem</span> <span class='ocrx_word' id='word_1_143' title='bbox 1065 2554 1095 2605; x_wconf 89' lang='lat' dir='ltr'>et</span> <span class='ocrx_word' id='word_1_144' title='bbox 1128 2553 1371 2620; x_wconf 90' lang='lat' dir='ltr'>concementem,</span> <span class='ocrx_word' id='word_1_145' title='bbox 1394 2563 1467 2605; x_wconf 92' lang='lat' dir='ltr'>curn</span> <span class='ocrx_word' id='word_1_146' title='bbox 1504 2547 1650 2605; x_wconf 90' lang='lat' dir='ltr'>omnibus</span> 
     </span>
     <span class='ocr_line' id='line_1_19' title="bbox 386 2652 1650 2726; baseline 0.001 -16"><span class='ocrx_word' id='word_1_147' title='bbox 386 2653 484 2726; x_wconf 90' lang='lat' dir='ltr'>ipsius</span> <span class='ocrx_word' id='word_1_148' title='bbox 508 2653 592 2711; x_wconf 87' lang='lat' dir='ltr'>curie</span> <span class='ocrx_word' id='word_1_149' title='bbox 615 2668 669 2713; x_wconf 89' lang='lat' dir='ltr'>seu</span> <span class='ocrx_word' id='word_1_150' title='bbox 684 2652 773 2711; x_wconf 84' lang='lat' dir='ltr'>fundi</span> <span class='ocrx_word' id='word_1_151' title='bbox 789 2653 933 2726; x_wconf 91' lang='lat' dir='ltr'>ipsorum</span> <span class='ocrx_word' id='word_1_152' title='bbox 947 2668 984 2710; x_wconf 91' lang='lat' dir='ltr'>ac</span> <span class='ocrx_word' id='word_1_153' title='bbox 1008 2652 1139 2712; x_wconf 90' lang='lat' dir='ltr'>edificiis</span> <span class='ocrx_word' id='word_1_154' title='bbox 1155 2652 1322 2712; x_wconf 91' lang='lat' dir='ltr'>domorum</span> <span class='ocrx_word' id='word_1_155' title='bbox 1333 2659 1364 2712; x_wconf 89' lang='lat' dir='ltr'>et</span> <span class='ocrx_word' id='word_1_156' title='bbox 1375 2652 1505 2712; x_wconf 88' lang='lat' dir='ltr'>cellario</span> <span class='ocrx_word' id='word_1_157' title='bbox 1527 2653 1650 2712; x_wconf 90' lang='lat' dir='ltr'>subter·</span> 
     </span>
     <span class='ocr_line' id='line_1_20' title="bbox 383 2758 1652 2834; baseline 0.002 -18"><span class='ocrx_word' id='word_1_158' title='bbox 383 2773 479 2817; x_wconf 89' lang='lat' dir='ltr'>raneo</span> <span class='ocrx_word' id='word_1_159' title='bbox 501 2761 560 2818; x_wconf 91' lang='lat' dir='ltr'>sub</span> <span class='ocrx_word' id='word_1_160' title='bbox 590 2759 707 2822; x_wconf 91' lang='lat' dir='ltr'>eisdem</span> <span class='ocrx_word' id='word_1_161' title='bbox 727 2759 873 2818; x_wconf 89' lang='lat' dir='ltr'>domibus</span> <span class='ocrx_word' id='word_1_162' title='bbox 895 2758 1003 2818; x_wconf 91' lang='lat' dir='ltr'>habito</span> <span class='ocrx_word' id='word_1_163' title='bbox 1027 2765 1057 2818; x_wconf 90' lang='lat' dir='ltr'>et</span> <span class='ocrx_word' id='word_1_164' title='bbox 1079 2759 1255 2834; x_wconf 88' lang='lat' dir='ltr'>specialiter</span> <span class='ocrx_word' id='word_1_165' title='bbox 1282 2760 1344 2818; x_wconf 90' lang='lat' dir='ltr'>alia</span> <span class='ocrx_word' id='word_1_166' title='bbox 1377 2758 1541 2818; x_wconf 85' lang='lat' dir='ltr'>medietate</span> <span class='ocrx_word' id='word_1_167' title='bbox 1565 2759 1652 2818; x_wconf 86' lang='lat' dir='ltr'>curie</span> 
     </span>
     <span class='ocr_line' id='line_1_21' title="bbox 385 2864 1650 2940; baseline 0.004 -20"><span class='ocrx_word' id='word_1_168' title='bbox 385 2864 524 2924; x_wconf 87' lang='lat' dir='ltr'>eiusdem</span> <span class='ocrx_word' id='word_1_169' title='bbox 558 2881 615 2940; x_wconf 91' lang='lat' dir='ltr'>per</span> <span class='ocrx_word' id='word_1_170' title='bbox 648 2867 787 2925; x_wconf 91' lang='lat' dir='ltr'>nobilem</span> <span class='ocrx_word' id='word_1_171' title='bbox 824 2867 930 2924; x_wconf 77' lang='lat' dir='ltr'>virum</span> <span class='ocrx_word' id='word_1_172' title='bbox 965 2864 1147 2938; x_wconf 87' lang='lat' dir='ltr'>Seboldum,</span> <span class='ocrx_word' id='word_1_173' title='bbox 1184 2865 1302 2924; x_wconf 94' lang='lat' dir='ltr'>dictum</span> <span class='ocrx_word' id='word_1_174' title='bbox 1325 2867 1441 2939; x_wconf 77' lang='lat' dir='ltr'>Meyer,</span> <span class='ocrx_word' id='word_1_175' title='bbox 1464 2865 1650 2939; x_wconf 82' lang='lat' dir='ltr'>magistrum</span> 
     </span>
     <span class='ocr_line' id='line_1_22' title="bbox 384 2971 1647 3047; baseline 0.001 -16"><span class='ocrx_word' id='word_1_176' title='bbox 384 2971 516 3044; x_wconf 90' lang='lat' dir='ltr'>coquine</span> <span class='ocrx_word' id='word_1_177' title='bbox 537 2973 669 3032; x_wconf 88' lang='lat' dir='ltr'>illustris</span> <span class='ocrx_word' id='word_1_178' title='bbox 691 2973 876 3047; x_wconf 90' lang='lat' dir='ltr'>principisse</span> <span class='ocrx_word' id='word_1_179' title='bbox 899 2972 1025 3031; x_wconf 91' lang='lat' dir='ltr'>domine</span> <span class='ocrx_word' id='word_1_180' title='bbox 1048 2972 1240 3031; x_wconf 87' lang='lat' dir='ltr'>conthoralis</span> <span class='ocrx_word' id='word_1_181' title='bbox 1262 2972 1394 3031; x_wconf 91' lang='lat' dir='ltr'>illustris</span> <span class='ocrx_word' id='word_1_182' title='bbox 1418 2973 1568 3046; x_wconf 90' lang='lat' dir='ltr'>principis</span> <span class='ocrx_word' id='word_1_183' title='bbox 1591 2972 1647 3032; x_wconf 93' lang='lat' dir='ltr'>do·</span> 
     </span>
     <span class='ocr_line' id='line_1_23' title="bbox 385 3077 1651 3154; baseline 0.002 -19"><span class='ocrx_word' id='word_1_184' title='bbox 385 3077 462 3136; x_wconf 88' lang='lat' dir='ltr'>mini</span> <span class='ocrx_word' id='word_1_185' title='bbox 477 3078 585 3151; x_wconf 82' lang='lat' dir='ltr'>vlrici,</span> <span class='ocrx_word' id='word_1_186' title='bbox 609 3079 689 3138; x_wconf 89' lang='lat' dir='ltr'>Cilie</span> <span class='ocrx_word' id='word_1_187' title='bbox 709 3085 764 3138; x_wconf 90' lang='lat' dir='ltr'>etc.</span> <span class='ocrx_word' id='word_1_188' title='bbox 788 3080 910 3148; x_wconf 89' lang='lat' dir='ltr'>comitis</span> <span class='ocrx_word' id='word_1_189' title='bbox 933 3093 952 3137; x_wconf 90' lang='lat' dir='ltr'>a</span> <span class='ocrx_word' id='word_1_190' title='bbox 974 3079 1065 3138; x_wconf 94' lang='lat' dir='ltr'>nobis</span> <span class='ocrx_word' id='word_1_191' title='bbox 1087 3094 1147 3154; x_wconf 91' lang='lat' dir='ltr'>pro</span> <span class='ocrx_word' id='word_1_192' title='bbox 1170 3085 1305 3153; x_wconf 90' lang='lat' dir='ltr'>quatuor</span> <span class='ocrx_word' id='word_1_193' title='bbox 1318 3078 1442 3138; x_wconf 84' lang='lat' dir='ltr'>florenis</span> <span class='ocrx_word' id='word_1_194' title='bbox 1453 3080 1522 3138; x_wconf 90' lang='lat' dir='ltr'>auri</span> <span class='ocrx_word' id='word_1_195' title='bbox 1545 3085 1651 3154; x_wconf 90' lang='lat' dir='ltr'>empte</span> 
     </span>
     <span class='ocr_line' id='line_1_24' title="bbox 385 3183 1651 3258; baseline 0.004 -18"><span class='ocrx_word' id='word_1_196' title='bbox 385 3188 415 3242; x_wconf 91' lang='lat' dir='ltr'>et</span> <span class='ocrx_word' id='word_1_197' title='bbox 434 3189 614 3258; x_wconf 88' lang='lat' dir='ltr'>comparate</span> <span class='ocrx_word' id='word_1_198' title='bbox 643 3191 673 3244; x_wconf 90' lang='lat' dir='ltr'>et</span> <span class='ocrx_word' id='word_1_199' title='bbox 695 3185 796 3244; x_wconf 90' lang='lat' dir='ltr'>eidem</span> <span class='ocrx_word' id='word_1_200' title='bbox 819 3185 904 3243; x_wconf 87' lang='lat' dir='ltr'>curie</span> <span class='ocrx_word' id='word_1_201' title='bbox 926 3185 990 3244; x_wconf 91' lang='lat' dir='ltr'>iam</span> <span class='ocrx_word' id='word_1_202' title='bbox 1013 3183 1131 3242; x_wconf 85' lang='lat' dir='ltr'>adnexe</span> <span class='ocrx_word' id='word_1_203' title='bbox 1154 3185 1292 3244; x_wconf 89' lang='lat' dir='ltr'>totaliter</span> <span class='ocrx_word' id='word_1_204' title='bbox 1313 3190 1342 3243; x_wconf 92' lang='lat' dir='ltr'>et</span> <span class='ocrx_word' id='word_1_205' title='bbox 1372 3185 1515 3258; x_wconf 91' lang='lat' dir='ltr'>aplicate,</span> <span class='ocrx_word' id='word_1_206' title='bbox 1546 3185 1651 3246; x_wconf 89' lang='lat' dir='ltr'>eidem</span> 
     </span>
     <span class='ocr_line' id='line_1_25' title="bbox 383 3287 1651 3364; baseline 0.005 -17"><span class='ocrx_word' id='word_1_207' title='bbox 383 3287 521 3348; x_wconf 90' lang='lat' dir='ltr'>Seboldo</span> <span class='ocrx_word' id='word_1_208' title='bbox 544 3306 581 3349; x_wconf 89' lang='lat' dir='ltr'>ac</span> <span class='ocrx_word' id='word_1_209' title='bbox 603 3291 667 3350; x_wconf 91' lang='lat' dir='ltr'>suis</span> <span class='ocrx_word' id='word_1_210' title='bbox 688 3290 855 3350; x_wconf 83' lang='lat' dir='ltr'>heredibus</span> <span class='ocrx_word' id='word_1_211' title='bbox 877 3295 907 3349; x_wconf 92' lang='lat' dir='ltr'>et</span> <span class='ocrx_word' id='word_1_212' title='bbox 932 3291 1163 3364; x_wconf 90' lang='lat' dir='ltr'>posteritatibus</span> <span class='ocrx_word' id='word_1_213' title='bbox 1175 3291 1327 3350; x_wconf 89' lang='lat' dir='ltr'>universis</span> <span class='ocrx_word' id='word_1_214' title='bbox 1342 3291 1401 3349; x_wconf 92' lang='lat' dir='ltr'>sub</span> <span class='ocrx_word' id='word_1_215' title='bbox 1417 3290 1651 3353; x_wconf 87' lang='lat' dir='ltr'>condicionibus</span> 
     </span>
     <span class='ocr_line' id='line_1_26' title="bbox 384 3395 1648 3471; baseline 0.002 -17"><span class='ocrx_word' id='word_1_216' title='bbox 384 3399 415 3454; x_wconf 91' lang='lat' dir='ltr'>et</span> <span class='ocrx_word' id='word_1_217' title='bbox 447 3395 659 3456; x_wconf 89' lang='lat' dir='ltr'>solucionibus</span> <span class='ocrx_word' id='word_1_218' title='bbox 700 3396 907 3471; x_wconf 85' lang='lat' dir='ltr'>infrascriptis</span> <span class='ocrx_word' id='word_1_219' title='bbox 940 3403 1092 3470; x_wconf 90' lang='lat' dir='ltr'>perpetuo</span> <span class='ocrx_word' id='word_1_220' title='bbox 1127 3401 1157 3454; x_wconf 92' lang='lat' dir='ltr'>et</span> <span class='ocrx_word' id='word_1_221' title='bbox 1193 3396 1441 3456; x_wconf 88' lang='lat' dir='ltr'>irrevocabiliter</span> <span class='ocrx_word' id='word_1_222' title='bbox 1473 3396 1648 3471; x_wconf 90' lang='lat' dir='ltr'>tenendam,</span> 
     </span>
     <span class='ocr_line' id='line_1_27' title="bbox 385 3500 1650 3577; baseline 0.002 -18"><span class='ocrx_word' id='word_1_223' title='bbox 385 3501 614 3576; x_wconf 87' lang='lat' dir='ltr'>possidendam,</span> <span class='ocrx_word' id='word_1_224' title='bbox 638 3503 754 3577; x_wconf 90' lang='lat' dir='ltr'>pariter</span> <span class='ocrx_word' id='word_1_225' title='bbox 776 3508 807 3562; x_wconf 91' lang='lat' dir='ltr'>et</span> <span class='ocrx_word' id='word_1_226' title='bbox 829 3500 1007 3560; x_wconf 89' lang='lat' dir='ltr'>habendam</span> <span class='ocrx_word' id='word_1_227' title='bbox 1029 3507 1098 3559; x_wconf 91' lang='lat' dir='ltr'>tum</span> <span class='ocrx_word' id='word_1_228' title='bbox 1121 3503 1162 3560; x_wconf 92' lang='lat' dir='ltr'>ob</span> <span class='ocrx_word' id='word_1_229' title='bbox 1185 3515 1420 3576; x_wconf 90' lang='lat' dir='ltr'>recompensam</span> <span class='ocrx_word' id='word_1_230' title='bbox 1443 3502 1505 3560; x_wconf 90' lang='lat' dir='ltr'>alie</span> <span class='ocrx_word' id='word_1_231' title='bbox 1538 3501 1650 3562; x_wconf 92' lang='lat' dir='ltr'>domus</span> 
     </span>
     <span class='ocr_line' id='line_1_28' title="bbox 382 3607 1644 3682; baseline 0.002 -17"><span class='ocrx_word' id='word_1_232' title='bbox 382 3622 438 3665; x_wconf 91' lang='lat' dir='ltr'>seu</span> <span class='ocrx_word' id='word_1_233' title='bbox 460 3609 544 3666; x_wconf 84' lang='lat' dir='ltr'>curie</span> <span class='ocrx_word' id='word_1_234' title='bbox 559 3608 657 3682; x_wconf 91' lang='lat' dir='ltr'>ipsius</span> <span class='ocrx_word' id='word_1_235' title='bbox 677 3607 814 3682; x_wconf 91' lang='lat' dir='ltr'>Seboldi,</span> <span class='ocrx_word' id='word_1_236' title='bbox 831 3608 939 3682; x_wconf 85' lang='lat' dir='ltr'>vigore</span> <span class='ocrx_word' id='word_1_237' title='bbox 955 3613 1110 3666; x_wconf 87' lang='lat' dir='ltr'>certarum</span> <span class='ocrx_word' id='word_1_238' title='bbox 1126 3607 1260 3666; x_wconf 90' lang='lat' dir='ltr'>aliarum</span> <span class='ocrx_word' id='word_1_239' title='bbox 1276 3609 1451 3666; x_wconf 89' lang='lat' dir='ltr'>litterarum</span> <span class='ocrx_word' id='word_1_240' title='bbox 1465 3612 1644 3668; x_wconf 90' lang='lat' dir='ltr'>nostrarum</span> 
     </span>
     <span class='ocr_line' id='line_1_29' title="bbox 382 3712 1647 3787; baseline 0 -15"><span class='ocrx_word' id='word_1_241' title='bbox 382 3712 499 3772; x_wconf 90' lang='lat' dir='ltr'>eisdem</span> <span class='ocrx_word' id='word_1_242' title='bbox 522 3713 666 3773; x_wconf 91' lang='lat' dir='ltr'>Conrado</span> <span class='ocrx_word' id='word_1_243' title='bbox 689 3719 719 3772; x_wconf 92' lang='lat' dir='ltr'>et</span> <span class='ocrx_word' id='word_1_244' title='bbox 741 3713 865 3772; x_wconf 92' lang='lat' dir='ltr'>domine</span> <span class='ocrx_word' id='word_1_245' title='bbox 887 3729 942 3774; x_wconf 90' lang='lat' dir='ltr'>sue</span> <span class='ocrx_word' id='word_1_246' title='bbox 964 3714 1099 3774; x_wconf 89' lang='lat' dir='ltr'>consorti</span> <span class='ocrx_word' id='word_1_247' title='bbox 1112 3713 1183 3773; x_wconf 91' lang='lat' dir='ltr'>date</span> <span class='ocrx_word' id='word_1_248' title='bbox 1204 3719 1235 3772; x_wconf 88' lang='lat' dir='ltr'>et</span> <span class='ocrx_word' id='word_1_249' title='bbox 1256 3715 1417 3787; x_wconf 86' lang='lat' dir='ltr'>assignate,</span> <span class='ocrx_word' id='word_1_250' title='bbox 1440 3718 1508 3772; x_wconf 88' lang='lat' dir='ltr'>tum</span> <span class='ocrx_word' id='word_1_251' title='bbox 1531 3714 1647 3772; x_wconf 89' lang='lat' dir='ltr'>etenim</span> 
     </span>
     <span class='ocr_line' id='line_1_30' title="bbox 381 3818 1646 3895; baseline -0.002 -15"><span class='ocrx_word' id='word_1_252' title='bbox 381 3835 440 3894; x_wconf 89' lang='lat' dir='ltr'>pro</span> <span class='ocrx_word' id='word_1_253' title='bbox 452 3820 657 3894; x_wconf 85' lang='lat' dir='ltr'>quadraginta</span> <span class='ocrx_word' id='word_1_254' title='bbox 672 3820 796 3880; x_wconf 77' lang='lat' dir='ltr'>florenis</span> <span class='ocrx_word' id='word_1_255' title='bbox 810 3821 878 3880; x_wconf 89' lang='lat' dir='ltr'>auri</span> <span class='ocrx_word' id='word_1_256' title='bbox 894 3837 950 3895; x_wconf 91' lang='lat' dir='ltr'>per</span> <span class='ocrx_word' id='word_1_257' title='bbox 963 3822 1068 3895; x_wconf 89' lang='lat' dir='ltr'>ipsum</span> <span class='ocrx_word' id='word_1_258' title='bbox 1084 3818 1257 3880; x_wconf 89' lang='lat' dir='ltr'>Seboldum</span> <span class='ocrx_word' id='word_1_259' title='bbox 1273 3819 1389 3879; x_wconf 88' lang='lat' dir='ltr'>eisdem</span> <span class='ocrx_word' id='word_1_260' title='bbox 1410 3819 1551 3893; x_wconf 87' lang='lat' dir='ltr'>plenarie</span> <span class='ocrx_word' id='word_1_261' title='bbox 1566 3819 1646 3880; x_wconf 87' lang='lat' dir='ltr'>datis</span> 
     </span>
     <span class='ocr_line' id='line_1_31' title="bbox 382 3925 1644 4001; baseline 0 -17"><span class='ocrx_word' id='word_1_262' title='bbox 382 3933 413 3984; x_wconf 89' lang='lat' dir='ltr'>et</span> <span class='ocrx_word' id='word_1_263' title='bbox 437 3926 615 4001; x_wconf 88' lang='lat' dir='ltr'>persolutis,</span> <span class='ocrx_word' id='word_1_264' title='bbox 628 3943 685 4000; x_wconf 91' lang='lat' dir='ltr'>per</span> <span class='ocrx_word' id='word_1_265' title='bbox 700 3926 831 3985; x_wconf 92' lang='lat' dir='ltr'>modum</span> <span class='ocrx_word' id='word_1_266' title='bbox 854 3927 1017 3984; x_wconf 90' lang='lat' dir='ltr'>cambialis</span> <span class='ocrx_word' id='word_1_267' title='bbox 1032 3927 1282 4000; x_wconf 86' lang='lat' dir='ltr'>permutacionis,</span> <span class='ocrx_word' id='word_1_268' title='bbox 1299 3925 1462 3998; x_wconf 89' lang='lat' dir='ltr'>dedissent,</span> <span class='ocrx_word' id='word_1_269' title='bbox 1479 3925 1644 3985; x_wconf 90' lang='lat' dir='ltr'>donassent</span> 
     </span>
     <span class='ocr_line' id='line_1_32' title="bbox 382 4031 1642 4106; baseline 0 -16"><span class='ocrx_word' id='word_1_270' title='bbox 382 4037 412 4092; x_wconf 90' lang='lat' dir='ltr'>et</span> <span class='ocrx_word' id='word_1_271' title='bbox 435 4033 643 4105; x_wconf 88' lang='lat' dir='ltr'>contulissent,</span> <span class='ocrx_word' id='word_1_272' title='bbox 677 4047 785 4105; x_wconf 91' lang='lat' dir='ltr'>ymmo</span> <span class='ocrx_word' id='word_1_273' title='bbox 820 4032 904 4092; x_wconf 89' lang='lat' dir='ltr'>idem</span> <span class='ocrx_word' id='word_1_274' title='bbox 936 4031 1097 4090; x_wconf 89' lang='lat' dir='ltr'>Conradus</span> <span class='ocrx_word' id='word_1_275' title='bbox 1131 4032 1260 4090; x_wconf 85' lang='lat' dir='ltr'>Rawsar</span> <span class='ocrx_word' id='word_1_276' title='bbox 1283 4046 1339 4090; x_wconf 94' lang='lat' dir='ltr'>suo</span> <span class='ocrx_word' id='word_1_277' title='bbox 1361 4037 1391 4091; x_wconf 92' lang='lat' dir='ltr'>et</span> <span class='ocrx_word' id='word_1_278' title='bbox 1419 4033 1544 4090; x_wconf 91' lang='lat' dir='ltr'>nomine</span> <span class='ocrx_word' id='word_1_279' title='bbox 1578 4045 1642 4106; x_wconf 89' lang='lat' dir='ltr'>quo</span> 
     </span>
     <span class='ocr_line' id='line_1_33' title="bbox 381 4137 1642 4212; baseline 0 -16"><span class='ocrx_word' id='word_1_280' title='bbox 381 4153 485 4212; x_wconf 89' lang='lat' dir='ltr'>supra,</span> <span class='ocrx_word' id='word_1_281' title='bbox 501 4137 596 4212; x_wconf 92' lang='lat' dir='ltr'>dedit,</span> <span class='ocrx_word' id='word_1_282' title='bbox 619 4137 747 4198; x_wconf 87' lang='lat' dir='ltr'>donarit</span> <span class='ocrx_word' id='word_1_283' title='bbox 769 4145 799 4197; x_wconf 90' lang='lat' dir='ltr'>et</span> <span class='ocrx_word' id='word_1_284' title='bbox 821 4139 952 4208; x_wconf 84' lang='lat' dir='ltr'>contulit</span> <span class='ocrx_word' id='word_1_285' title='bbox 967 4153 1073 4198; x_wconf 90' lang='lat' dir='ltr'>coram</span> <span class='ocrx_word' id='word_1_286' title='bbox 1094 4139 1184 4196; x_wconf 92' lang='lat' dir='ltr'>nobis</span> <span class='ocrx_word' id='word_1_287' title='bbox 1200 4139 1243 4196; x_wconf 91' lang='lat' dir='ltr'>ita</span> <span class='ocrx_word' id='word_1_288' title='bbox 1258 4143 1370 4211; x_wconf 89' lang='lat' dir='ltr'>tamen,</span> <span class='ocrx_word' id='word_1_289' title='bbox 1393 4137 1479 4212; x_wconf 90' lang='lat' dir='ltr'>quod</span> <span class='ocrx_word' id='word_1_290' title='bbox 1503 4137 1642 4212; x_wconf 86' lang='lat' dir='ltr'>prefatus</span> 
     </span>
     <span class='ocr_line' id='line_1_34' title="bbox 380 4243 1645 4320; baseline 0 -18"><span class='ocrx_word' id='word_1_291' title='bbox 380 4243 535 4303; x_wconf 88' lang='lat' dir='ltr'>Seboldus</span> <span class='ocrx_word' id='word_1_292' title='bbox 557 4251 588 4303; x_wconf 90' lang='lat' dir='ltr'>et</span> <span class='ocrx_word' id='word_1_293' title='bbox 609 4245 684 4305; x_wconf 92' lang='lat' dir='ltr'>dicti</span> <span class='ocrx_word' id='word_1_294' title='bbox 706 4245 804 4320; x_wconf 92' lang='lat' dir='ltr'>ipsius</span> <span class='ocrx_word' id='word_1_295' title='bbox 826 4244 955 4304; x_wconf 89' lang='lat' dir='ltr'>heredes</span> <span class='ocrx_word' id='word_1_296' title='bbox 978 4249 1008 4303; x_wconf 91' lang='lat' dir='ltr'>et</span> <span class='ocrx_word' id='word_1_297' title='bbox 1030 4260 1222 4303; x_wconf 90' lang='lat' dir='ltr'>successores</span> <span class='ocrx_word' id='word_1_298' title='bbox 1237 4245 1374 4302; x_wconf 88' lang='lat' dir='ltr'>universi</span> <span class='ocrx_word' id='word_1_299' title='bbox 1397 4243 1435 4304; x_wconf 92' lang='lat' dir='ltr'>de</span> <span class='ocrx_word' id='word_1_300' title='bbox 1457 4245 1526 4318; x_wconf 89' lang='lat' dir='ltr'>ipsa</span> <span class='ocrx_word' id='word_1_301' title='bbox 1559 4245 1645 4302; x_wconf 84' lang='lat' dir='ltr'>curia</span> 
     </span>
     <span class='ocr_line' id='line_1_35' title="bbox 380 4349 1643 4424; baseline -0.002 -15"><span class='ocrx_word' id='word_1_302' title='bbox 380 4367 435 4410; x_wconf 91' lang='lat' dir='ltr'>seu</span> <span class='ocrx_word' id='word_1_303' title='bbox 455 4351 550 4409; x_wconf 93' lang='lat' dir='ltr'>domo</span> <span class='ocrx_word' id='word_1_304' title='bbox 572 4353 604 4410; x_wconf 93' lang='lat' dir='ltr'>in</span> <span class='ocrx_word' id='word_1_305' title='bbox 627 4350 706 4410; x_wconf 84' lang='lat' dir='ltr'>festo</span> <span class='ocrx_word' id='word_1_306' title='bbox 736 4352 819 4410; x_wconf 91' lang='lat' dir='ltr'>beati</span> <span class='ocrx_word' id='word_1_307' title='bbox 841 4350 969 4424; x_wconf 88' lang='lat' dir='ltr'>Georgii</span> <span class='ocrx_word' id='word_1_308' title='bbox 991 4351 1128 4409; x_wconf 89' lang='lat' dir='ltr'>martiris</span> <span class='ocrx_word' id='word_1_309' title='bbox 1162 4350 1310 4409; x_wconf 90' lang='lat' dir='ltr'>ducentos</span> <span class='ocrx_word' id='word_1_310' title='bbox 1343 4349 1484 4408; x_wconf 90' lang='lat' dir='ltr'>denarios</span> <span class='ocrx_word' id='word_1_311' title='bbox 1519 4355 1643 4408; x_wconf 90' lang='lat' dir='ltr'>monete</span> 
     </span>
     <span class='ocr_line' id='line_1_36' title="bbox 380 4457 1648 4533; baseline -0.002 -17"><span class='ocrx_word' id='word_1_312' title='bbox 380 4459 498 4516; x_wconf 89' lang='lat' dir='ltr'>usualis</span> <span class='ocrx_word' id='word_1_313' title='bbox 520 4473 580 4533; x_wconf 91' lang='lat' dir='ltr'>pro</span> <span class='ocrx_word' id='word_1_314' title='bbox 601 4465 743 4532; x_wconf 90' lang='lat' dir='ltr'>ternpore</span> <span class='ocrx_word' id='word_1_315' title='bbox 765 4457 815 4516; x_wconf 87' lang='lat' dir='ltr'>hic</span> <span class='ocrx_word' id='word_1_316' title='bbox 838 4457 987 4530; x_wconf 87' lang='lat' dir='ltr'>Zagrabie</span> <span class='ocrx_word' id='word_1_317' title='bbox 1008 4458 1168 4528; x_wconf 88' lang='lat' dir='ltr'>currentis,</span> <span class='ocrx_word' id='word_1_318' title='bbox 1192 4472 1228 4516; x_wconf 92' lang='lat' dir='ltr'>ac</span> <span class='ocrx_word' id='word_1_319' title='bbox 1250 4458 1311 4516; x_wconf 91' lang='lat' dir='ltr'>tria</span> <span class='ocrx_word' id='word_1_320' title='bbox 1343 4471 1470 4515; x_wconf 88' lang='lat' dir='ltr'>munera</span> <span class='ocrx_word' id='word_1_321' title='bbox 1499 4457 1593 4515; x_wconf 87' lang='lat' dir='ltr'>solita</span> <span class='ocrx_word' id='word_1_322' title='bbox 1616 4459 1648 4514; x_wconf 91' lang='lat' dir='ltr'>et</span> 
     </span>
     <span class='ocr_line' id='line_1_37' title="bbox 381 4561 1649 4639; baseline -0.002 -17"><span class='ocrx_word' id='word_1_323' title='bbox 381 4571 526 4624; x_wconf 78' lang='lat' dir='ltr'>consueta</span> <span class='ocrx_word' id='word_1_324' title='bbox 541 4571 660 4639; x_wconf 90' lang='lat' dir='ltr'>utputa,</span> <span class='ocrx_word' id='word_1_325' title='bbox 684 4581 781 4624; x_wconf 91' lang='lat' dir='ltr'>unum</span> <span class='ocrx_word' id='word_1_326' title='bbox 805 4580 917 4623; x_wconf 89' lang='lat' dir='ltr'>munus</span> <span class='ocrx_word' id='word_1_327' title='bbox 936 4564 967 4622; x_wconf 93' lang='lat' dir='ltr'>in</span> <span class='ocrx_word' id='word_1_328' title='bbox 984 4563 1061 4622; x_wconf 85' lang='lat' dir='ltr'>festo</span> <span class='ocrx_word' id='word_1_329' title='bbox 1078 4564 1171 4622; x_wconf 88' lang='lat' dir='ltr'>Pasce</span> <span class='ocrx_word' id='word_1_330' title='bbox 1187 4563 1315 4635; x_wconf 93' lang='lat' dir='ltr'>domini,</span> <span class='ocrx_word' id='word_1_331' title='bbox 1330 4562 1474 4620; x_wconf 90' lang='lat' dir='ltr'>videlicet</span> <span class='ocrx_word' id='word_1_332' title='bbox 1491 4561 1560 4621; x_wconf 89' lang='lat' dir='ltr'><strong>XII.</strong></span> <span class='ocrx_word' id='word_1_333' title='bbox 1576 4576 1649 4633; x_wconf 82' lang='lat' dir='ltr'>ova,</span> 
     </span>
     <span class='ocr_line' id='line_1_38' title="bbox 379 4668 1642 4746; baseline -0.002 -18"><span class='ocrx_word' id='word_1_334' title='bbox 379 4687 479 4728; x_wconf 91' lang='lat' dir='ltr'>unum</span> <span class='ocrx_word' id='word_1_335' title='bbox 502 4686 626 4730; x_wconf 92' lang='lat' dir='ltr'>caseum</span> <span class='ocrx_word' id='word_1_336' title='bbox 650 4677 680 4729; x_wconf 92' lang='lat' dir='ltr'>et</span> <span class='ocrx_word' id='word_1_337' title='bbox 703 4685 762 4746; x_wconf 90' lang='lat' dir='ltr'>pro</span> <span class='ocrx_word' id='word_1_338' title='bbox 784 4685 846 4728; x_wconf 92' lang='lat' dir='ltr'>uno</span> <span class='ocrx_word' id='word_1_339' title='bbox 870 4669 996 4728; x_wconf 90' lang='lat' dir='ltr'>denario</span> <span class='ocrx_word' id='word_1_340' title='bbox 1018 4685 1114 4744; x_wconf 89' lang='lat' dir='ltr'>panes</span> <span class='ocrx_word' id='word_1_341' title='bbox 1126 4689 1133 4742; x_wconf 91' lang='lat'>;</span> <span class='ocrx_word' id='word_1_342' title='bbox 1156 4685 1275 4728; x_wconf 89' lang='lat' dir='ltr'>necnon</span> <span class='ocrx_word' id='word_1_343' title='bbox 1298 4669 1330 4728; x_wconf 91' lang='lat' dir='ltr'>iu</span> <span class='ocrx_word' id='word_1_344' title='bbox 1353 4668 1430 4728; x_wconf 85' lang='lat' dir='ltr'>festo</span> <span class='ocrx_word' id='word_1_345' title='bbox 1453 4669 1538 4728; x_wconf 89' lang='lat' dir='ltr'>beati</span> <span class='ocrx_word' id='word_1_346' title='bbox 1561 4669 1642 4742; x_wconf 78' lang='lat' dir='ltr'>regis</span> 
     </span>
     <span class='ocr_line' id='line_1_39' title="bbox 379 4775 1642 4852; baseline -0.003 -16"><span class='ocrx_word' id='word_1_347' title='bbox 379 4777 528 4852; x_wconf 88' lang='lat' dir='ltr'>Stephani</span> <span class='ocrx_word' id='word_1_348' title='bbox 551 4777 721 4836; x_wconf 91' lang='lat' dir='ltr'>secundum</span> <span class='ocrx_word' id='word_1_349' title='bbox 745 4792 865 4848; x_wconf 89' lang='lat' dir='ltr'>munus,</span> <span class='ocrx_word' id='word_1_350' title='bbox 890 4776 1039 4835; x_wconf 86' lang='lat' dir='ltr'>videlicet</span> <span class='ocrx_word' id='word_1_351' title='bbox 1062 4776 1139 4835; x_wconf 92' lang='lat' dir='ltr'>duos</span> <span class='ocrx_word' id='word_1_352' title='bbox 1162 4777 1268 4851; x_wconf 92' lang='lat' dir='ltr'>pullos</span> <span class='ocrx_word' id='word_1_353' title='bbox 1302 4777 1400 4834; x_wconf 94' lang='lat' dir='ltr'>bonos</span> <span class='ocrx_word' id='word_1_354' title='bbox 1432 4779 1463 4832; x_wconf 90' lang='lat' dir='ltr'>et</span> <span class='ocrx_word' id='word_1_355' title='bbox 1497 4775 1642 4834; x_wconf 91' lang='lat' dir='ltr'>similiter</span> 
     </span>
     <span class='ocr_line' id='line_1_40' title="bbox 380 4881 1643 4958; baseline -0.003 -16"><span class='ocrx_word' id='word_1_356' title='bbox 380 4898 439 4958; x_wconf 90' lang='lat' dir='ltr'>pro</span> <span class='ocrx_word' id='word_1_357' title='bbox 461 4899 523 4942; x_wconf 92' lang='lat' dir='ltr'>uno</span> <span class='ocrx_word' id='word_1_358' title='bbox 547 4883 673 4942; x_wconf 89' lang='lat' dir='ltr'>denario</span> <span class='ocrx_word' id='word_1_359' title='bbox 696 4898 801 4957; x_wconf 90' lang='lat' dir='ltr'>panes,</span> <span class='ocrx_word' id='word_1_360' title='bbox 824 4887 854 4939; x_wconf 85' lang='lat' dir='ltr'>et</span> <span class='ocrx_word' id='word_1_361' title='bbox 877 4881 955 4940; x_wconf 85' lang='lat' dir='ltr'>sesto</span> <span class='ocrx_word' id='word_1_362' title='bbox 971 4883 1140 4941; x_wconf 89' lang='lat' dir='ltr'>nativitatis</span> <span class='ocrx_word' id='word_1_363' title='bbox 1153 4882 1269 4942; x_wconf 90' lang='lat' dir='ltr'>Christi</span> <span class='ocrx_word' id='word_1_364' title='bbox 1293 4881 1496 4940; x_wconf 87' lang='lat' dir='ltr'>consimiliter</span> <span class='ocrx_word' id='word_1_365' title='bbox 1511 4882 1643 4940; x_wconf 91' lang='lat' dir='ltr'>tercium</span> 
     </span>
     <span class='ocr_line' id='line_1_41' title="bbox 377 4986 1638 5074; baseline -0.004 -26"><span class='ocrx_word' id='word_1_366' title='bbox 377 5005 500 5064; x_wconf 90' lang='lat' dir='ltr'>munus,</span> <span class='ocrx_word' id='word_1_367' title='bbox 524 4990 670 5049; x_wconf 85' lang='lat' dir='ltr'>videlicet</span> <span class='ocrx_word' id='word_1_368' title='bbox 693 4989 770 5048; x_wconf 88' lang='lat' dir='ltr'>duos</span> <span class='ocrx_word' id='word_1_369' title='bbox 794 4990 893 5048; x_wconf 90' lang='lat' dir='ltr'>bonos</span> <span class='ocrx_word' id='word_1_370' title='bbox 914 5003 1054 5074; x_wconf 29' lang='lat' dir='ltr'>capones·</span> <span class='ocrx_word' id='word_1_371' title='bbox 1070 4995 1101 5047; x_wconf 89' lang='lat' dir='ltr'>et</span> <span class='ocrx_word' id='word_1_372' title='bbox 1124 5005 1182 5063; x_wconf 89' lang='lat' dir='ltr'>pro</span> <span class='ocrx_word' id='word_1_373' title='bbox 1205 5001 1267 5046; x_wconf 90' lang='lat' dir='ltr'>uno</span> <span class='ocrx_word' id='word_1_374' title='bbox 1282 4986 1409 5046; x_wconf 87' lang='lat' dir='ltr'>denario</span> <span class='ocrx_word' id='word_1_375' title='bbox 1430 5002 1534 5062; x_wconf 88' lang='lat' dir='ltr'>panes,</span> <span class='ocrx_word' id='word_1_376' title='bbox 1550 4986 1638 5045; x_wconf 87' lang='lat' dir='ltr'>annis</span> 
     </span>
    </p>
   </div>
   <div class='ocr_carea' id='block_1_5' title="bbox 0 0 1970 5802">
    <p class='ocr_par' dir='ltr' id='par_1_5' title="bbox 0 0 1970 5802">
     <span class='ocr_line' id='line_1_42' title="bbox 0 0 1970 5802; baseline 0 3"><span class='ocrx_word' id='word_1_377' title='bbox 0 0 1970 5802; x_wconf 95' lang='lat' dir='ltr'> </span> 
     </span>
    </p>
   </div>
  </div>
 </body>
</html>
