3932 5806
372 483 433 544 ²94
670 465 743 525 Doc.
766 459 837 541 236.
863 478 935 546 237,
956 497 999 506 —
1023 467 1080 523 An.
1104 461 1326 544 1464-14165.

367 683 466 754 mitto,
497 680 582 755 quod
615 681 647 738 in
677 681 824 739 omnibus
856 682 951 740 rebus
983 687 1012 740 et
1042 683 1191 755 precipue
1213 681 1413 754 gravioribus
1436 680 1563 755 agendis
1586 698 1633 740 re·

366 801 489 846 curram
512 788 552 846 ad
567 788 684 847 auxilia
707 793 737 846 et
752 787 881 846 consilia
897 789 1047 862 ipsorum,
1064 803 1162 861 eaque
1177 787 1345 861 suscipiam
1361 793 1455 861 prout
1470 787 1634 847 voluerint.

365 894 403 952 Et
419 893 503 967 qnod
519 908 578 968 pro
594 893 754 952 voluntate
769 894 911 968 ipsorum
926 893 1029 952 eidem
1043 894 1195 952 vicariatu
1211 892 1329 952 cadem.
1351 893 1390 951 Et
1406 892 1490 968 quod
1506 909 1634 968 exemp·

367 1001 454 1059 cione
476 1015 546 1059 mea
570 1004 678 1058 contra
701 999 828 1058 eosdem
852 998 995 1058 dominos
1017 1016 1081 1059 non
1102 1003 1182 1058 utar.
1206 1001 1244 1057 Et
1260 999 1345 1074 quod
1362 999 1553 1058 dimissorias
1569 999 1634 1058 sine

371 1105 500 1164 licencia
515 1106 658 1180 ipsorum
674 1104 873 1164 dominorum
887 1121 949 1164 non
965 1106 1047 1164 dabo
1067 1112 1097 1166 et
1119 1107 1288 1165 reverebor
1310 1120 1418 1164 omnes
1441 1110 1472 1163 et
1493 1089 1633 1179 singulos

370 1211 513 1270 dominos
544 1227 630 1270 meos
660 1216 691 1271 et
721 1212 805 1286 quod
828 1255 1082 1273 .........
1105 1213 1190 1271 sione
1212 1227 1275 1270 non
1297 1212 1413 1270 taxabo
1434 1225 1633 1285 quemquam.

365 1315 482 1393 Scripsi
504 1332 562 1392 ego
585 1317 763 1377 Demetrius
784 1318 901 1392 doctor,
924 1334 1019 1378 manu
1042 1319 1183 1393 propria,
1212 1319 1243 1377 in
1273 1318 1376 1376 medio
1400 1317 1555 1376 dictorum
1578 1317 1632 1376 do-

369 1425 528 1483 minorum
556 1424 673 1496 sedens,
703 1429 815 1484 octavo
845 1424 896 1483 die
925 1425 995 1484 festi
1026 1426 1109 1484 beati
1132 1425 1294 1484 Laurencii
1317 1424 1461 1495 martiris,
1485 1422 1633 1482 videlicet

365 1529 442 1589 feria
465 1536 553 1589 sexta
583 1531 728 1604 proxima
756 1536 827 1605 post
849 1531 964 1590 festum
987 1531 1208 1607 assumptionis
1229 1531 1339 1603 Marie,
1360 1527 1438 1588 hora
1461 1530 1556 1588 tercia
1579 1529 1631 1590 vel

365 1637 454 1711 quasi
479 1643 550 1710 posi
573 1637 724 1695 maiorem
747 1638 885 1696 missam.
908 1631 1001 1698 Anno
1024 1637 1143 1698 domiui
1165 1637 1411 1696 MCCCCLXIV.
1620 1619 1623 1627 ’

470 1771 550 1822 Liber
567 1773 663 1822 rubeus
679 1789 737 1826 ven.
757 1773 834 1840 Capit
860 1774 961 1839 zegrab.
981 1775 1015 1824 In
1033 1774 1128 1827 archiv.
1147 1774 1208 1827 incl.
1228 1774 1313 1826 head.
1332 1773 1429 1825 Scient.
1448 1771 1518 1823 Slsv.
1538 1773 1629 1824 merid.

953 2006 1037 2072 236.

469 2145 551 2195 Auno
572 2145 647 2209 1464,
668 2159 710 2200 21.
729 2147 849 2200 octobris.
869 2149 1016 2212 Zagrahiae.

607 2273 635 2330 A
657 2275 782 2348 capitulo
803 2276 920 2348 zagrob.
936 2282 1034 2348 poena
1056 2277 1175 2334 talabm's
1197 2276 1387 2336 constituimur.
1454 2357 1455 2364 ἵ

469 2414 566 2473 Notat
589 2417 674 2490 quod
695 2432 803 2476 omnes
828 2419 946 2478 domini
968 2421 1000 2477 in
1023 2420 1136 2478 maiori
1158 2419 1297 2478 sacristia
1320 2419 1535 2493 capitulariter
1557 2434 1629 2478 con·

363 2521 484 2594 gregati
505 2521 610 2581 debita
633 2522 861 2583 deliberacione
883 2525 1047 2599 prehabita
1070 2525 1139 2599 ipso
1163 2525 1213 2583 die
1236 2524 1306 2584 festi
1330 2525 1493 2584 beatomm
1518 2526 1626 2585 decem

361 2626 499 2684 millium
521 2629 687 2687 martirum
709 2645 790 2688 anno
812 2630 1005 2689 MCCCCLX
1028 2635 1140 2705 quarto
1170 2637 1342 2689 statuerunt
1365 2631 1498 2690 firmiter
1520 2633 1628 2690 obser·

362 2747 444 2804 vare,
475 2749 575 2807 neque
609 2735 721 2808 quovis
752 2736 847 2794 modo
869 2738 1036 2796 immutare
1060 2737 1098 2796 de
1121 2738 1194 2795 anni
1216 2737 1357 2795 instantis
1380 2737 1532 2811 proximis
1556 2739 1626 2812 qui·

361 2838 470 2896 busvis
501 2839 706 2898 divisionibus
738 2849 768 2898 et
799 2841 1075 2902 distribucionibus
1098 2844 1130 2902 in
1152 2843 1282 2917 pecunia
1305 2848 1335 2900 et
1358 2843 1627 2917 qualitercumque

361 2945 606 3017 emergentibus,
641 2950 756 3004 statuta
786 2947 915 3007 ecclesie
944 2948 1124 3010 firmissime
1154 2948 1339 3020 observare,
1370 2947 1496 3026 absque
1520 2951 1624 3021 gracia

361 3050 601 3109 irremisibiliter
624 3051 681 3110 tali
703 3051 880 3110 condicione
903 3053 1092 3128 interposita,
1115 3054 1198 3128 quod
1223 3055 1411 3128 quicumque
1434 3070 1472 3112 ex
1490 3054 1624 3113 dominis

361 3171 420 3230 pro
449 3157 557 3230 aliquo
587 3173 667 3231 pena
698 3159 805 3218 statuti
839 3159 1021 3232 plectendo,
1058 3160 1246 3233 postularet,
1276 3161 1373 3220 simili
1407 3176 1486 3235 pena
1516 3162 1625 3220 statuti

360 3262 555 3336 plecteretur.

465 3415 544 3465 Liber
562 3417 656 3466 rubeus
675 3433 730 3468 ven.
751 3417 835 3484 Capit.
854 3420 955 3484 zagrab.
974 3422 1007 3469 In
1025 3422 1119 3472 archiv.
1139 3423 1198 3474 incl.
1219 3423 1298 3474 Acad.
1312 3423 1399 3473 Solent
1421 3425 1520 3481 Slavor.
1532 3432 1623 3481 merid-

953 3652 1038 3720 237.

463 3790 544 3840 Auno
565 3790 639 3858 1465,
663 3793 702 3842 18.
719 3792 838 3856 januarii.
857 3794 953 3843 Budae.

358 3914 502 3986 Mathias,
531 3917 709 3991 Hungatiae
738 3927 786 3978 etc.
817 3940 880 3991 rex,
908 3924 1036 3996 capetulo
1065 3926 1182 3999 zagrab.
1214 3928 1344 4001 mandat,
1366 3938 1401 3988 ut
1423 3933 1568 3989 canonicis
1590 3931 1623 3991 ia

513 4025 634 4097 negotiis
649 4026 775 4098 publicis
797 4028 958 4086 absentibus
980 4048 1078 4090 omnes
1095 4039 1254 4104 proventus
1278 4034 1463 4096 administret.

1051 4171 1205 4222 Commissio
1225 4175 1328 4239 propria
1347 4175 1445 4224 domini
1463 4177 1540 4239 regis.

413 4359 415 4362 Ι
463 4274 595 4332 Mathias
625 4274 675 4334 dei
697 4278 801 4350 gracia
824 4295 880 4337 rex
911 4281 1077 4355 Hungarie,
1108 4283 1278 4358 Dalmacie,
1302 4286 1430 4345 Croacie
1452 4293 1508 4346 etc.
1533 4286 1621 4346 Fide·

355 4378 440 4438 libus
463 4380 576 4438 nostris
599 4382 736 4454 capitulo
759 4385 886 4444 ecclesie
908 4389 1116 4460 zagrabiensis
1139 4390 1273 4448 salutem
1296 4399 1326 4450 et
1348 4393 1493 4465 graciam.
1516 4393 1620 4468 Expo-

355 4493 483 4544 suerunt
514 4487 605 4546 nobis
635 4487 744 4548 fideles
773 4492 871 4550 nostri
893 4493 1092 4552 honorabiles
1116 4497 1256 4569 magistri
1278 4499 1442 4581 Johannes‚
1465 4498 1618 4558 archidia-

354 4607 449 4650 conus
479 4594 656 4666 goricensis,
685 4609 722 4654 ac
751 4595 926 4671 Stephanus
954 4599 993 4658 de
1021 4601 1108 4685 Jalza
1131 4609 1162 4660 et
1183 4603 1339 4686 Johannes
1362 4603 1557 4678 Wythezych
1581 4605 1620 4664 de

354 4699 533 4772 Kamarcza‚
558 4703 756 4762 concanonici
779 4705 882 4776 vestri,
906 4721 1075 4777 gravamen
1098 4724 1169 4766 cum
1201 4709 1337 4782 querela,
1361 4709 1445 4783 quod
1475 4713 1620 4784 quamvis

353 4819 411 4867 nos
433 4806 512 4864 alias
534 4807 625 4866 vobis
649 4809 902 4870 mandaverimus
925 4812 957 4870 in
979 4827 1025 4885 eo,
1048 4820 1082 4871 ut
1105 4829 1161 4872 vos
1177 4814 1338 4874 universos
1356 4822 1533 4890 proventus,
1551 4817 1619 4876 red·

355 4910 437 4970 ditus
467 4918 498 4972 et
528 4913 647 4974 fructus
677 4915 749 4975 anni
779 4918 920 4992 preteriti
951 4917 1080 4993 prelatis
1110 4921 1336 4996 exponentibus
1358 4921 1481 4990 racione
1504 4922 1620 4988 benefi-
