3932 5806
407 509 466 585 306
778 510 854 568 Dec.
877 504 950 585 248.
973 521 1044 586 249.
1070 542 1111 551 -
1136 509 1191 568 An.
1214 504 1307 587 1466.

403 721 549 782 tensionis
572 739 604 781 se
627 725 707 782 tueri
727 724 905 797 valuissent,
929 725 1037 799 utique
1060 725 1180 784 ibidem
1203 730 1302 784 certos
1319 731 1349 783 et
1372 740 1468 799 quam
1490 725 1598 800 plures
1629 742 1668 785 ex

402 828 520 887 eisdem
543 829 664 888 civibus
683 846 757 889 nece
780 831 952 890 miserabili
975 830 1153 890 tradidisset
1175 836 1205 890 et
1229 833 1418 905 peremisset.
1442 831 1486 890 Eo
1507 846 1569 890 non
1596 847 1668 891 con·

403 939 504 994 tentus
533 934 673 1010 prefatus
704 936 859 1020 Johannes
891 937 1043 1010 Maratny,
1067 936 1144 995 dum
1167 939 1234 1011 ipse
1255 935 1350 1014 judex
1373 953 1508 996 unacum
1530 937 1601 997 aliis
1624 939 1667 998 ci·

402 1041 495 1100 vibus
526 1041 607 1100 dicte
636 1042 771 1101 civitatis
802 1043 916 1102 montis
946 1043 1108 1102 Grecensis
1139 1046 1238 1103 nostri
1267 1043 1300 1103 in
1322 1042 1462 1102 medium
1492 1043 1533 1102 ad
1563 1044 1666 1118 ipsam

402 1149 661 1221 protestacionem
685 1153 790 1207 contra
805 1150 910 1224 ipsum
929 1148 1103 1209 faciendam
1126 1149 1310 1223 advenisset,
1334 1155 1408 1208 tunc
1429 1151 1496 1223 ipse
1512 1149 1667 1232 Johannes

401 1254 552 1328 Marathy,
575 1253 692 1313 ibidem
714 1254 919 1328 personaliter
941 1270 1047 1314 coram
1069 1256 1159 1314 nobis
1182 1256 1343 1324 adherens,
1365 1256 1486 1331 prefato
1505 1257 1664 1315 Anthonio

400 1357 496 1435 judici
519 1361 622 1420 taliter
643 1360 825 1433 diffidasset,
837 1366 872 1418 ut
895 1362 1084 1436 ubicumque
1100 1361 1233 1421 eundem
1255 1363 1394 1421 invenire
1416 1378 1469 1420 seu
1494 1363 1666 1438 apprehen·

401 1465 474 1524 dere
503 1473 616 1541 posset,
646 1468 750 1541 ipsum
781 1484 855 1526 nece
879 1469 1053 1528 miserabili
1080 1469 1259 1528 interimere
1281 1469 1379 1527 vellet
1400 1473 1431 1526 et
1452 1469 1610 1541 niteretur,
1633 1469 1665 1526 in

400 1572 607 1648 preiudicium
629 1574 727 1648 ipsius
748 1571 859 1650 judicis
875 1581 905 1632 et
921 1575 1018 1632 tocius
1042 1575 1273 1634 communitatis
1297 1573 1377 1634 dicte
1400 1574 1534 1633 civitatis
1549 1575 1664 1632 montis

315 1757 318 1763 Ι
401 1678 562 1740 Grecensis
592 1695 628 1738 ac
659 1678 832 1754 dampnum
863 1679 1070 1738 manifestum.
1098 1681 1199 1755 Super
1230 1681 1345 1755 quibus
1368 1680 1464 1739 iidem
1490 1681 1664 1739 Anthonius

398 1783 492 1861 judex
507 1786 674 1844 modernus
690 1792 720 1844 et
744 1785 936 1857 Valentinus,
960 1787 1036 1844 alias
1058 1784 1161 1863 judex,
1185 1787 1344 1862 sibiipsis
1369 1792 1400 1846 et
1422 1787 1492 1844 aliis
1516 1785 1663 1861 predictis

400 1897 557 1968 presentes
587 1893 707 1950 litteras
736 1897 858 1950 nostras
888 1894 1122 1967 protestatorias
1153 1893 1221 1952 dari
1252 1877 1420 1967 pecierunt,
1444 1907 1521 1966 quas
1543 1891 1662 1951 eisdem

398 1999 607 2056 concessimus
622 1999 782 2057 communi
795 1996 917 2073 justicia
933 1998 1080 2057 suadente
1096 2005 1126 2057 et
1148 2000 1235 2072 regni
1257 2000 1327 2072 iege
1351 2001 1533 2072 requirente.
1546 1999 1663 2057 Datum

398 2103 534 2163 secundo
565 2102 615 2163 die
649 2103 720 2162 festi
746 2104 829 2162 beati
862 2105 944 2178 regis
967 2105 1117 2179 Stephani
1142 2106 1304 2180 prenotati.
1339 2108 1428 2164 Anno
1452 2105 1571 2164 domini
1593 2105 1663 2163 mil·

398 2210 510 2268 lesimo
533 2209 838 2283 quadringentesimo
861 2211 1056 2284 sexagesimo
1080 2212 1198 2285 quinto.

506 2398 641 2464 Originale
660 2399 687 2448 in
706 2398 802 2449 charta.
822 2399 850 2447 A
869 2404 941 2463 tergo
960 2400 1098 2464 vestigium
1117 2400 1235 2464 impressi
1253 2398 1342 2464 sigilli.
1362 2401 1395 2448 In
1412 2399 1527 2449 archivio
1545 2399 1591 2450 lib.
1610 2415 1663 2463 reg.

399 2490 446 2538 civ.
465 2488 565 2552 zagrab.

987 2716 1075 2782 248.

503 2912 584 2961 Anno
606 2909 679 2974 1466,
701 2911 740 2960 16.
759 2909 856 2974 aprilis.

503 3041 618 3099 Paulus
647 3041 683 3099 ll.
714 3055 797 3115 papa
830 3039 962 3098 Mathiae
993 3041 1061 3113 regi
1090 3040 1206 3110 scribit,
1238 3040 1322 3113 quod
1344 3057 1444 3115 nuper
1468 3041 1663 3101 Demetrium

398 3148 580 3222 episcopum
609 3147 841 3220 zagrabiensem
871 3145 907 3203 ad
942 3142 1147 3218 jaurinensem
1171 3147 1385 3220 episcopatum
1408 3148 1609 3218 transtulerit,
1633 3155 1663 3206 et

397 3253 571 3312 Osvaldum
600 3255 633 3312 in
662 3255 728 3311 eius
757 3253 863 3310 locum
892 3251 984 3310 faciat
1016 3253 1199 3327 episcopum
1228 3254 1468 3326 zagrabiensem.
1500 3254 1580 3312 XVI.
1610 3254 1662 3314 ka·

398 3360 507 3418 lendas
530 3361 612 3419 maii.

503 3548 610 3611 Georgii
629 3545 800 3602 Marcelovid;
820 3547 946 3608 Regesta,
965 3551 992 3594 ut
1013 3561 1097 3610 supra.

988 3828 1076 3895 249.

503 4025 584 4075 Anno
606 4023 681 4088 1466,
702 4023 743 4076 26.
763 4022 861 4089 aprilis.

503 4157 635 4215 Mathias
657 4173 712 4214 rex
735 4155 787 4214 dat
809 4156 937 4226 litteras,
962 4155 1076 4229 quibus
1099 4153 1264 4228 profitetur
1286 4169 1318 4212 se
1342 4153 1496 4229 deponere
1519 4155 1558 4212 ad
1585 4169 1660 4213 non·

396 4265 556 4322 nullorum
586 4263 848 4337 supplicationem
878 4275 1003 4319 omnem
1033 4259 1283 4333 indignationem,
1314 4274 1408 4333 quam
1439 4267 1545 4319 contra
1575 4262 1658 4336 capi·

397 4371 497 4429 tulum
528 4376 710 4444 conceperat
739 4375 769 4427 et
800 4369 971 4440 canonicos,
1002 4383 1047 4440 eo,
1076 4366 1159 4440 quod
1189 4367 1250 4441 ipsi
1272 4366 1555 4427 archidiaconatum
1578 4369 1661 4441 gori-

395 4491 534 4535 czensem
556 4475 681 4535 cuidam
703 4474 863 4534 Demetrio
885 4473 1005 4533 doctori
1027 4473 1192 4532 contulerit
1206 4478 1311 4532 contra
1327 4472 1527 4532 collationem
1540 4473 1659 4546 regiam

395 4582 510 4641 iactam
534 4583 565 4640 in
596 4582 736 4641 favorem
766 4581 908 4654 magistri
941 4581 1075 4654 Martini,
1099 4581 1334 4656 capitulumque
1357 4580 1388 4638 in
1411 4579 1548 4653 graciam
1571 4594 1661 4637 suam

395 4690 515 4764 recipit

502 4878 610 4944 Georgii
627 4876 800 4929 Mareelorid:
819 4877 947 4942 Regesta.
966 4883 1097 4944 utsupra.
