<?xml version="1.0" encoding="UTF-8"?>
<!DOCTYPE html PUBLIC "-//W3C//DTD XHTML 1.0 Transitional//EN"
    "http://www.w3.org/TR/xhtml1/DTD/xhtml1-transitional.dtd">
<html xmlns="http://www.w3.org/1999/xhtml" xml:lang="en" lang="en">
 <head>
  <title>
</title>
<meta http-equiv="Content-Type" content="text/html;charset=utf-8" />
  <meta name='ocr-system' content='tesseract 3.04.00' />
  <meta name='ocr-capabilities' content='ocr_page ocr_carea ocr_par ocr_line ocrx_word'/>
</head>
<body>
  <div class='ocr_page' id='page_1' title='image "./monumentahistor20laszgoog_0406.png"; bbox 0 0 3930 5802; ppageno 0'>
   <div class='ocr_carea' id='block_1_1' title="bbox 749 549 1584 634">
    <p class='ocr_par' dir='ltr' id='par_1_1' title="bbox 749 549 1584 634">
     <span class='ocr_line' id='line_1_1' title="bbox 749 549 1584 634; baseline 0.008 -25"><span class='ocrx_word' id='word_1_1' title='bbox 749 553 824 610; x_wconf 80' lang='lat' dir='ltr'>Dor.</span> <span class='ocrx_word' id='word_1_2' title='bbox 848 555 915 613; x_wconf 87' lang='lat'><em>116.</em></span> <span class='ocrx_word' id='word_1_3' title='bbox 939 587 982 598; x_wconf 91' lang='lat'>-</span> <span class='ocrx_word' id='word_1_4' title='bbox 1005 553 1062 612; x_wconf 85' lang='lat' dir='ltr'>An.</span> <span class='ocrx_word' id='word_1_5' title='bbox 1086 549 1177 632; x_wconf 76' lang='lat'><em>1438.</em></span> <span class='ocrx_word' id='word_1_6' title='bbox 1219 579 1225 592; x_wconf 93' lang='lat'><strong>·</strong></span> <span class='ocrx_word' id='word_1_7' title='bbox 1526 574 1584 634; x_wconf 84' lang='lat'>¹49</span> 
     </span>
    </p>
   </div>
   <div class='ocr_carea' id='block_1_2' title="bbox 315 767 1588 2758">
    <p class='ocr_par' dir='ltr' id='par_1_2' title="bbox 315 767 1588 2758">
     <span class='ocr_line' id='line_1_2' title="bbox 322 767 1587 844; baseline -0.002 -15"><span class='ocrx_word' id='word_1_8' title='bbox 322 768 399 841; x_wconf 79' lang='lat' dir='ltr'>giuti</span> <span class='ocrx_word' id='word_1_9' title='bbox 421 768 545 828; x_wconf 89' lang='lat' dir='ltr'>florenis</span> <span class='ocrx_word' id='word_1_10' title='bbox 568 768 636 827; x_wconf 86' lang='lat' dir='ltr'>auri</span> <span class='ocrx_word' id='word_1_11' title='bbox 659 767 798 842; x_wconf 85' lang='lat' dir='ltr'>prefatus</span> <span class='ocrx_word' id='word_1_12' title='bbox 819 767 996 827; x_wconf 90' lang='lat' dir='ltr'>Vilhelmus</span> <span class='ocrx_word' id='word_1_13' title='bbox 1019 769 1080 828; x_wconf 84' lang='lat' dir='ltr'>sibi</span> <span class='ocrx_word' id='word_1_14' title='bbox 1103 769 1270 828; x_wconf 86' lang='lat' dir='ltr'>terminum</span> <span class='ocrx_word' id='word_1_15' title='bbox 1299 769 1485 844; x_wconf 72' lang='lat' dir='ltr'>deputasset</span> <span class='ocrx_word' id='word_1_16' title='bbox 1516 767 1587 842; x_wconf 83' lang='lat' dir='ltr'>Quo</span> 
     </span>
     <span class='ocr_line' id='line_1_3' title="bbox 321 870 1588 951; baseline 0 -19"><span class='ocrx_word' id='word_1_17' title='bbox 321 879 479 949; x_wconf 90' lang='lat' dir='ltr'>percepto,</span> <span class='ocrx_word' id='word_1_18' title='bbox 502 875 563 948; x_wconf 90' lang='lat' dir='ltr'>ipsi</span> <span class='ocrx_word' id='word_1_19' title='bbox 585 873 659 934; x_wconf 88' lang='lat' dir='ltr'>bani</span> <span class='ocrx_word' id='word_1_20' title='bbox 681 874 778 933; x_wconf 85' lang='lat' dir='ltr'>nostri</span> <span class='ocrx_word' id='word_1_21' title='bbox 799 870 914 951; x_wconf 88' lang='lat' dir='ltr'>judicio</span> <span class='ocrx_word' id='word_1_22' title='bbox 937 879 967 934; x_wconf 90' lang='lat' dir='ltr'>et</span> <span class='ocrx_word' id='word_1_23' title='bbox 990 874 1125 934; x_wconf 85' lang='lat' dir='ltr'>examini</span> <span class='ocrx_word' id='word_1_24' title='bbox 1148 875 1302 934; x_wconf 90' lang='lat' dir='ltr'>dictorum</span> <span class='ocrx_word' id='word_1_25' title='bbox 1331 880 1509 934; x_wconf 91' lang='lat' dir='ltr'>nostrorum</span> <span class='ocrx_word' id='word_1_26' title='bbox 1532 874 1588 933; x_wconf 91' lang='lat' dir='ltr'>ho·</span> 
     </span>
     <span class='ocr_line' id='line_1_4' title="bbox 324 979 1587 1056; baseline -0.001 -18"><span class='ocrx_word' id='word_1_27' title='bbox 324 981 456 1054; x_wconf 86' lang='lat' dir='ltr'>minum,</span> <span class='ocrx_word' id='word_1_28' title='bbox 478 979 625 1055; x_wconf 84' lang='lat' dir='ltr'>predictis</span> <span class='ocrx_word' id='word_1_29' title='bbox 648 980 903 1054; x_wconf 81' lang='lat' dir='ltr'>procuratoribus</span> <span class='ocrx_word' id='word_1_30' title='bbox 926 981 1067 1054; x_wconf 90' lang='lat' dir='ltr'>parcium</span> <span class='ocrx_word' id='word_1_31' title='bbox 1088 979 1280 1056; x_wconf 72' lang='lat' dir='ltr'>prefatorum</span> <span class='ocrx_word' id='word_1_32' title='bbox 1315 980 1587 1052; x_wconf 85' lang='lat' dir='ltr'>consencientibus,</span> 
     </span>
     <span class='ocr_line' id='line_1_5' title="bbox 319 1082 1587 1161; baseline 0 -17"><span class='ocrx_word' id='word_1_33' title='bbox 319 1083 467 1146; x_wconf 89' lang='lat' dir='ltr'>similiter</span> <span class='ocrx_word' id='word_1_34' title='bbox 488 1082 577 1160; x_wconf 84' lang='lat' dir='ltr'>juxta</span> <span class='ocrx_word' id='word_1_35' title='bbox 600 1086 805 1161; x_wconf 90' lang='lat' dir='ltr'>probaciones</span> <span class='ocrx_word' id='word_1_36' title='bbox 828 1093 858 1145; x_wconf 93' lang='lat' dir='ltr'>et</span> <span class='ocrx_word' id='word_1_37' title='bbox 881 1085 1064 1146; x_wconf 85' lang='lat' dir='ltr'>documenta</span> <span class='ocrx_word' id='word_1_38' title='bbox 1095 1087 1194 1160; x_wconf 91' lang='lat' dir='ltr'>ipsius</span> <span class='ocrx_word' id='word_1_39' title='bbox 1223 1085 1435 1146; x_wconf 85' lang='lat' dir='ltr'>Bartholomei</span> <span class='ocrx_word' id='word_1_40' title='bbox 1457 1091 1488 1146; x_wconf 89' lang='lat' dir='ltr'>et</span> <span class='ocrx_word' id='word_1_41' title='bbox 1510 1086 1587 1145; x_wconf 83' lang='lat' dir='ltr'>alio·</span> 
     </span>
     <span class='ocr_line' id='line_1_6' title="bbox 319 1191 1587 1268; baseline 0.001 -18"><span class='ocrx_word' id='word_1_42' title='bbox 319 1207 390 1250; x_wconf 91' lang='lat' dir='ltr'>rum</span> <span class='ocrx_word' id='word_1_43' title='bbox 425 1192 542 1251; x_wconf 85' lang='lat' dir='ltr'>civium</span> <span class='ocrx_word' id='word_1_44' title='bbox 576 1191 710 1250; x_wconf 85' lang='lat' dir='ltr'>civitatis</span> <span class='ocrx_word' id='word_1_45' title='bbox 744 1191 883 1266; x_wconf 89' lang='lat' dir='ltr'>predicte</span> <span class='ocrx_word' id='word_1_46' title='bbox 904 1192 975 1252; x_wconf 91' lang='lat' dir='ltr'>fieri</span> <span class='ocrx_word' id='word_1_47' title='bbox 997 1193 1232 1252; x_wconf 88' lang='lat' dir='ltr'>commisissent.</span> <span class='ocrx_word' id='word_1_48' title='bbox 1256 1192 1378 1268; x_wconf 82' lang='lat' dir='ltr'>Quibus</span> <span class='ocrx_word' id='word_1_49' title='bbox 1401 1209 1496 1268; x_wconf 91' lang='lat' dir='ltr'>super</span> <span class='ocrx_word' id='word_1_50' title='bbox 1517 1193 1587 1251; x_wconf 91' lang='lat' dir='ltr'>uni·</span> 
     </span>
     <span class='ocr_line' id='line_1_7' title="bbox 320 1297 1585 1376; baseline 0.001 -19"><span class='ocrx_word' id='word_1_51' title='bbox 320 1299 419 1357; x_wconf 84' lang='lat' dir='ltr'>versis</span> <span class='ocrx_word' id='word_1_52' title='bbox 453 1305 484 1358; x_wconf 85' lang='lat' dir='ltr'>et</span> <span class='ocrx_word' id='word_1_53' title='bbox 517 1299 649 1372; x_wconf 79' lang='lat' dir='ltr'>singulis</span> <span class='ocrx_word' id='word_1_54' title='bbox 679 1299 840 1373; x_wconf 87' lang='lat' dir='ltr'>premissis</span> <span class='ocrx_word' id='word_1_55' title='bbox 872 1297 1024 1376; x_wconf 89' lang='lat' dir='ltr'>judicium</span> <span class='ocrx_word' id='word_1_56' title='bbox 1047 1305 1077 1358; x_wconf 93' lang='lat' dir='ltr'>et</span> <span class='ocrx_word' id='word_1_57' title='bbox 1100 1299 1266 1358; x_wconf 90' lang='lat' dir='ltr'>arbitrium</span> <span class='ocrx_word' id='word_1_58' title='bbox 1289 1309 1320 1358; x_wconf 88' lang='lat' dir='ltr'>et</span> <span class='ocrx_word' id='word_1_59' title='bbox 1343 1299 1585 1374; x_wconf 87' lang='lat' dir='ltr'>disposicionem</span> 
     </span>
     <span class='ocr_line' id='line_1_8' title="bbox 318 1403 1586 1482; baseline 0.002 -20"><span class='ocrx_word' id='word_1_60' title='bbox 318 1403 398 1463; x_wconf 90' lang='lat' dir='ltr'>inter</span> <span class='ocrx_word' id='word_1_61' title='bbox 433 1406 517 1480; x_wconf 92' lang='lat' dir='ltr'>ipsas</span> <span class='ocrx_word' id='word_1_62' title='bbox 552 1409 656 1480; x_wconf 90' lang='lat' dir='ltr'>partes</span> <span class='ocrx_word' id='word_1_63' title='bbox 690 1403 824 1466; x_wconf 85' lang='lat' dir='ltr'>faciendi</span> <span class='ocrx_word' id='word_1_64' title='bbox 846 1409 877 1464; x_wconf 91' lang='lat' dir='ltr'>et</span> <span class='ocrx_word' id='word_1_65' title='bbox 899 1404 1086 1465; x_wconf 90' lang='lat' dir='ltr'>terminandi</span> <span class='ocrx_word' id='word_1_66' title='bbox 1110 1405 1235 1480; x_wconf 90' lang='lat' dir='ltr'>plenam</span> <span class='ocrx_word' id='word_1_67' title='bbox 1258 1406 1367 1480; x_wconf 82' lang='lat' dir='ltr'>vigore</span> <span class='ocrx_word' id='word_1_68' title='bbox 1390 1407 1586 1482; x_wconf 89' lang='lat' dir='ltr'>presencium</span> 
     </span>
     <span class='ocr_line' id='line_1_9' title="bbox 317 1508 1586 1586; baseline 0.002 -19"><span class='ocrx_word' id='word_1_69' title='bbox 317 1508 428 1568; x_wconf 90' lang='lat' dir='ltr'>damus</span> <span class='ocrx_word' id='word_1_70' title='bbox 464 1515 494 1570; x_wconf 92' lang='lat' dir='ltr'>et</span> <span class='ocrx_word' id='word_1_71' title='bbox 529 1511 729 1570; x_wconf 87' lang='lat' dir='ltr'>attribuimus</span> <span class='ocrx_word' id='word_1_72' title='bbox 763 1510 951 1571; x_wconf 85' lang='lat' dir='ltr'>facultatem.</span> <span class='ocrx_word' id='word_1_73' title='bbox 984 1513 1071 1585; x_wconf 90' lang='lat' dir='ltr'>Item,</span> <span class='ocrx_word' id='word_1_74' title='bbox 1094 1510 1170 1570; x_wconf 89' lang='lat' dir='ltr'>dum</span> <span class='ocrx_word' id='word_1_75' title='bbox 1192 1511 1321 1586; x_wconf 89' lang='lat' dir='ltr'>quidam</span> <span class='ocrx_word' id='word_1_76' title='bbox 1344 1513 1429 1571; x_wconf 86' lang='lat' dir='ltr'>cives</span> <span class='ocrx_word' id='word_1_77' title='bbox 1451 1512 1586 1572; x_wconf 88' lang='lat' dir='ltr'>civitatis</span> 
     </span>
     <span class='ocr_line' id='line_1_10' title="bbox 317 1616 1586 1692; baseline 0.004 -17"><span class='ocrx_word' id='word_1_78' title='bbox 317 1616 456 1691; x_wconf 88' lang='lat' dir='ltr'>predicte</span> <span class='ocrx_word' id='word_1_79' title='bbox 490 1617 529 1676; x_wconf 92' lang='lat' dir='ltr'>de</span> <span class='ocrx_word' id='word_1_80' title='bbox 563 1617 700 1692; x_wconf 86' lang='lat' dir='ltr'>Petouya</span> <span class='ocrx_word' id='word_1_81' title='bbox 731 1617 769 1677; x_wconf 94' lang='lat' dir='ltr'>de</span> <span class='ocrx_word' id='word_1_82' title='bbox 790 1617 859 1678; x_wconf 83' lang='lat' dir='ltr'>toro</span> <span class='ocrx_word' id='word_1_83' title='bbox 882 1619 1103 1678; x_wconf 57' lang='lat' dir='ltr'>annualitcum</span> <span class='ocrx_word' id='word_1_84' title='bbox 1126 1619 1220 1678; x_wconf 92' lang='lat' dir='ltr'>rebus</span> <span class='ocrx_word' id='word_1_85' title='bbox 1243 1619 1531 1678; x_wconf 88' lang='lat' dir='ltr'>mercimonialibus</span> <span class='ocrx_word' id='word_1_86' title='bbox 1553 1620 1586 1680; x_wconf 87' lang='lat' dir='ltr'>in</span> 
     </span>
     <span class='ocr_line' id='line_1_11' title="bbox 320 1724 1585 1801; baseline 0.003 -20"><span class='ocrx_word' id='word_1_87' title='bbox 320 1727 424 1798; x_wconf 89' lang='lat' dir='ltr'>estate,</span> <span class='ocrx_word' id='word_1_88' title='bbox 459 1724 603 1800; x_wconf 86' lang='lat' dir='ltr'>proxime</span> <span class='ocrx_word' id='word_1_89' title='bbox 626 1725 785 1800; x_wconf 89' lang='lat' dir='ltr'>preterita,</span> <span class='ocrx_word' id='word_1_90' title='bbox 807 1741 916 1784; x_wconf 83' lang='lat' dir='ltr'>uersus</span> <span class='ocrx_word' id='word_1_91' title='bbox 953 1727 1083 1801; x_wconf 89' lang='lat' dir='ltr'>propria</span> <span class='ocrx_word' id='word_1_92' title='bbox 1106 1741 1163 1800; x_wconf 92' lang='lat' dir='ltr'>per</span> <span class='ocrx_word' id='word_1_93' title='bbox 1186 1725 1319 1785; x_wconf 91' lang='lat' dir='ltr'>liberam</span> <span class='ocrx_word' id='word_1_94' title='bbox 1342 1727 1428 1785; x_wconf 86' lang='lat' dir='ltr'>viam</span> <span class='ocrx_word' id='word_1_95' title='bbox 1452 1725 1585 1801; x_wconf 88' lang='lat' dir='ltr'>proiecti</span> 
     </span>
     <span class='ocr_line' id='line_1_12' title="bbox 320 1827 1585 1907; baseline 0.004 -19"><span class='ocrx_word' id='word_1_96' title='bbox 320 1827 458 1902; x_wconf 82' lang='lat' dir='ltr'>fuissent,</span> <span class='ocrx_word' id='word_1_97' title='bbox 482 1835 555 1889; x_wconf 86' lang='lat' dir='ltr'>tunc</span> <span class='ocrx_word' id='word_1_98' title='bbox 576 1831 717 1891; x_wconf 88' lang='lat' dir='ltr'>homines</span> <span class='ocrx_word' id='word_1_99' title='bbox 747 1833 889 1907; x_wconf 90' lang='lat' dir='ltr'>ipsorum</span> <span class='ocrx_word' id='word_1_100' title='bbox 920 1833 1070 1892; x_wconf 88' lang='lat' dir='ltr'>comitum</span> <span class='ocrx_word' id='word_1_101' title='bbox 1091 1834 1123 1893; x_wconf 89' lang='lat' dir='ltr'>in</span> <span class='ocrx_word' id='word_1_102' title='bbox 1146 1832 1229 1892; x_wconf 91' lang='lat' dir='ltr'>dicto</span> <span class='ocrx_word' id='word_1_103' title='bbox 1253 1837 1354 1892; x_wconf 90' lang='lat' dir='ltr'>castro</span> <span class='ocrx_word' id='word_1_104' title='bbox 1377 1831 1499 1891; x_wconf 87' lang='lat' dir='ltr'>Medwe</span> <span class='ocrx_word' id='word_1_105' title='bbox 1521 1833 1585 1893; x_wconf 89' lang='lat' dir='ltr'>exi·</span> 
     </span>
     <span class='ocr_line' id='line_1_13' title="bbox 315 1937 1586 2023; baseline 0.003 -29"><span class='ocrx_word' id='word_1_106' title='bbox 315 1941 438 2008; x_wconf 89' lang='lat' dir='ltr'>stentes‚</span> <span class='ocrx_word' id='word_1_107' title='bbox 459 1941 536 2011; x_wconf 89' lang='lat' dir='ltr'>puta</span> <span class='ocrx_word' id='word_1_108' title='bbox 549 1937 727 2022; x_wconf 89' lang='lat' dir='ltr'>Jeronimus</span> <span class='ocrx_word' id='word_1_109' title='bbox 744 1944 775 1996; x_wconf 91' lang='lat' dir='ltr'>et</span> <span class='ocrx_word' id='word_1_110' title='bbox 796 1937 989 2012; x_wconf 86' lang='lat' dir='ltr'>Woltardus,</span> <span class='ocrx_word' id='word_1_111' title='bbox 1004 1938 1090 1998; x_wconf 91' lang='lat' dir='ltr'>filius</span> <span class='ocrx_word' id='word_1_112' title='bbox 1105 1939 1215 2023; x_wconf 88' lang='lat' dir='ltr'>Jacobi</span> <span class='ocrx_word' id='word_1_113' title='bbox 1229 1937 1371 2014; x_wconf 83' lang='lat' dir='ltr'>walpoth</span> <span class='ocrx_word' id='word_1_114' title='bbox 1387 1938 1426 1998; x_wconf 93' lang='lat' dir='ltr'>de</span> <span class='ocrx_word' id='word_1_115' title='bbox 1441 1937 1586 2014; x_wconf 88' lang='lat' dir='ltr'>Crapina,</span> 
     </span>
     <span class='ocr_line' id='line_1_14' title="bbox 316 2043 1585 2120; baseline 0.004 -20"><span class='ocrx_word' id='word_1_116' title='bbox 316 2059 388 2100; x_wconf 90' lang='lat' dir='ltr'>curn</span> <span class='ocrx_word' id='word_1_117' title='bbox 411 2043 481 2102; x_wconf 90' lang='lat' dir='ltr'>aliis</span> <span class='ocrx_word' id='word_1_118' title='bbox 504 2045 536 2102; x_wconf 90' lang='lat' dir='ltr'>in</span> <span class='ocrx_word' id='word_1_119' title='bbox 558 2043 669 2103; x_wconf 88' lang='lat' dir='ltr'>eodem</span> <span class='ocrx_word' id='word_1_120' title='bbox 691 2051 794 2103; x_wconf 87' lang='lat' dir='ltr'>castro</span> <span class='ocrx_word' id='word_1_121' title='bbox 817 2045 937 2104; x_wconf 87' lang='lat' dir='ltr'>Medwe</span> <span class='ocrx_word' id='word_1_122' title='bbox 961 2045 1076 2104; x_wconf 91' lang='lat' dir='ltr'>habitis</span> <span class='ocrx_word' id='word_1_123' title='bbox 1097 2046 1129 2104; x_wconf 93' lang='lat' dir='ltr'>in</span> <span class='ocrx_word' id='word_1_124' title='bbox 1152 2045 1253 2104; x_wconf 90' lang='lat' dir='ltr'>libera</span> <span class='ocrx_word' id='word_1_125' title='bbox 1276 2047 1326 2104; x_wconf 89' lang='lat' dir='ltr'>via</span> <span class='ocrx_word' id='word_1_126' title='bbox 1350 2051 1380 2104; x_wconf 92' lang='lat' dir='ltr'>et</span> <span class='ocrx_word' id='word_1_127' title='bbox 1403 2046 1530 2120; x_wconf 89' lang='lat' dir='ltr'>publica</span> <span class='ocrx_word' id='word_1_128' title='bbox 1553 2046 1585 2106; x_wconf 92' lang='lat' dir='ltr'>in</span> 
     </span>
     <span class='ocr_line' id='line_1_15' title="bbox 316 2149 1585 2226; baseline 0.003 -19"><span class='ocrx_word' id='word_1_129' title='bbox 316 2149 402 2222; x_wconf 90' lang='lat' dir='ltr'>ipsos</span> <span class='ocrx_word' id='word_1_130' title='bbox 434 2149 596 2222; x_wconf 90' lang='lat' dir='ltr'>irruentes,</span> <span class='ocrx_word' id='word_1_131' title='bbox 631 2156 694 2210; x_wconf 88' lang='lat' dir='ltr'>tres</span> <span class='ocrx_word' id='word_1_132' title='bbox 729 2167 839 2210; x_wconf 89' lang='lat' dir='ltr'>currus</span> <span class='ocrx_word' id='word_1_133' title='bbox 869 2151 1010 2226; x_wconf 89' lang='lat' dir='ltr'>ipsorum</span> <span class='ocrx_word' id='word_1_134' title='bbox 1032 2152 1150 2210; x_wconf 85' lang='lat' dir='ltr'>civium</span> <span class='ocrx_word' id='word_1_135' title='bbox 1173 2151 1283 2226; x_wconf 91' lang='lat' dir='ltr'>pannis</span> <span class='ocrx_word' id='word_1_136' title='bbox 1306 2156 1337 2212; x_wconf 87' lang='lat' dir='ltr'>et</span> <span class='ocrx_word' id='word_1_137' title='bbox 1358 2151 1453 2210; x_wconf 91' lang='lat' dir='ltr'>rebus</span> <span class='ocrx_word' id='word_1_138' title='bbox 1475 2154 1585 2211; x_wconf 89' lang='lat' dir='ltr'>merci·</span> 
     </span>
     <span class='ocr_line' id='line_1_16' title="bbox 317 2255 1584 2333; baseline 0.003 -20"><span class='ocrx_word' id='word_1_139' title='bbox 317 2255 508 2315; x_wconf 88' lang='lat' dir='ltr'>monialibus</span> <span class='ocrx_word' id='word_1_140' title='bbox 538 2257 675 2331; x_wconf 91' lang='lat' dir='ltr'>repletos</span> <span class='ocrx_word' id='word_1_141' title='bbox 709 2263 740 2316; x_wconf 93' lang='lat' dir='ltr'>et</span> <span class='ocrx_word' id='word_1_142' title='bbox 773 2262 916 2318; x_wconf 89' lang='lat' dir='ltr'>oneratos</span> <span class='ocrx_word' id='word_1_143' title='bbox 947 2257 1140 2333; x_wconf 85' lang='lat' dir='ltr'>spoliassent,</span> <span class='ocrx_word' id='word_1_144' title='bbox 1164 2263 1194 2317; x_wconf 91' lang='lat' dir='ltr'>et</span> <span class='ocrx_word' id='word_1_145' title='bbox 1216 2273 1325 2318; x_wconf 86' lang='lat' dir='ltr'>omnes</span> <span class='ocrx_word' id='word_1_146' title='bbox 1347 2273 1397 2318; x_wconf 89' lang='lat' dir='ltr'>res</span> <span class='ocrx_word' id='word_1_147' title='bbox 1419 2259 1584 2318; x_wconf 90' lang='lat' dir='ltr'>mercimo-</span> 
     </span>
     <span class='ocr_line' id='line_1_17' title="bbox 321 2361 1582 2437; baseline 0.004 -19"><span class='ocrx_word' id='word_1_148' title='bbox 321 2361 419 2420; x_wconf 89' lang='lat' dir='ltr'>niales</span> <span class='ocrx_word' id='word_1_149' title='bbox 450 2362 482 2420; x_wconf 91' lang='lat' dir='ltr'>iu</span> <span class='ocrx_word' id='word_1_150' title='bbox 513 2361 631 2422; x_wconf 89' lang='lat' dir='ltr'>eisdem</span> <span class='ocrx_word' id='word_1_151' title='bbox 663 2363 806 2422; x_wconf 89' lang='lat' dir='ltr'>curribus</span> <span class='ocrx_word' id='word_1_152' title='bbox 829 2364 1003 2437; x_wconf 84' lang='lat' dir='ltr'>existentes,</span> <span class='ocrx_word' id='word_1_153' title='bbox 1036 2363 1076 2422; x_wconf 92' lang='lat' dir='ltr'>ad</span> <span class='ocrx_word' id='word_1_154' title='bbox 1106 2364 1248 2423; x_wconf 88' lang='lat' dir='ltr'>valorem</span> <span class='ocrx_word' id='word_1_155' title='bbox 1275 2363 1410 2423; x_wconf 91' lang='lat' dir='ltr'>duorum</span> <span class='ocrx_word' id='word_1_156' title='bbox 1444 2365 1582 2424; x_wconf 90' lang='lat' dir='ltr'>millium</span> 
     </span>
     <span class='ocr_line' id='line_1_18' title="bbox 317 2465 1584 2546; baseline 0.002 -21"><span class='ocrx_word' id='word_1_157' title='bbox 317 2465 507 2526; x_wconf 83' lang='lat' dir='ltr'>florenorum</span> <span class='ocrx_word' id='word_1_158' title='bbox 536 2469 604 2527; x_wconf 89' lang='lat' dir='ltr'>auri</span> <span class='ocrx_word' id='word_1_159' title='bbox 638 2485 671 2527; x_wconf 89' lang='lat' dir='ltr'>se</span> <span class='ocrx_word' id='word_1_160' title='bbox 705 2469 910 2544; x_wconf 82' lang='lat' dir='ltr'>extendentes,</span> <span class='ocrx_word' id='word_1_161' title='bbox 944 2471 1142 2545; x_wconf 90' lang='lat' dir='ltr'>recepissent;</span> <span class='ocrx_word' id='word_1_162' title='bbox 1167 2469 1296 2546; x_wconf 80' lang='lat' dir='ltr'>pretatis</span> <span class='ocrx_word' id='word_1_163' title='bbox 1330 2472 1584 2546; x_wconf 89' lang='lat' dir='ltr'>procuratoribus</span> 
     </span>
     <span class='ocr_line' id='line_1_19' title="bbox 316 2571 1583 2660; baseline 0.006 -30"><span class='ocrx_word' id='word_1_164' title='bbox 316 2571 458 2649; x_wconf 84' lang='lat' dir='ltr'>jamdicti</span> <span class='ocrx_word' id='word_1_165' title='bbox 480 2575 579 2634; x_wconf 92' lang='lat' dir='ltr'>Vlrici</span> <span class='ocrx_word' id='word_1_166' title='bbox 603 2575 726 2634; x_wconf 90' lang='lat' dir='ltr'>comitis</span> <span class='ocrx_word' id='word_1_167' title='bbox 749 2576 903 2649; x_wconf 86' lang='lat' dir='ltr'>premissa</span> <span class='ocrx_word' id='word_1_168' title='bbox 925 2592 982 2650; x_wconf 91' lang='lat' dir='ltr'>per</span> <span class='ocrx_word' id='word_1_169' title='bbox 1003 2577 1145 2635; x_wconf 89' lang='lat' dir='ltr'>homines</span> <span class='ocrx_word' id='word_1_170' title='bbox 1167 2577 1266 2651; x_wconf 90' lang='lat' dir='ltr'>ipsius</span> <span class='ocrx_word' id='word_1_171' title='bbox 1289 2581 1318 2635; x_wconf 92' lang='lat' dir='ltr'>et</span> <span class='ocrx_word' id='word_1_172' title='bbox 1334 2593 1434 2660; x_wconf 89' lang='lat' dir='ltr'>neque</span> <span class='ocrx_word' id='word_1_173' title='bbox 1450 2577 1489 2636; x_wconf 92' lang='lat' dir='ltr'>de</span> <span class='ocrx_word' id='word_1_174' title='bbox 1503 2579 1583 2637; x_wconf 90' lang='lat' dir='ltr'>scitu</span> 
     </span>
     <span class='ocr_line' id='line_1_20' title="bbox 317 2681 1582 2758; baseline 0.004 -20"><span class='ocrx_word' id='word_1_175' title='bbox 317 2685 346 2738; x_wconf 94' lang='lat' dir='ltr'>et</span> <span class='ocrx_word' id='word_1_176' title='bbox 370 2681 530 2740; x_wconf 88' lang='lat' dir='ltr'>voluntate</span> <span class='ocrx_word' id='word_1_177' title='bbox 561 2695 618 2739; x_wconf 85' lang='lat' dir='ltr'>sua</span> <span class='ocrx_word' id='word_1_178' title='bbox 652 2681 720 2756; x_wconf 91' lang='lat' dir='ltr'>ipsa</span> <span class='ocrx_word' id='word_1_179' title='bbox 742 2681 844 2756; x_wconf 87' lang='lat' dir='ltr'>spolia</span> <span class='ocrx_word' id='word_1_180' title='bbox 867 2683 1033 2741; x_wconf 89' lang='lat' dir='ltr'>commissa</span> <span class='ocrx_word' id='word_1_181' title='bbox 1057 2681 1152 2742; x_wconf 84' lang='lat' dir='ltr'>fuisse</span> <span class='ocrx_word' id='word_1_182' title='bbox 1174 2681 1444 2758; x_wconf 89' lang='lat' dir='ltr'>respondentibus,</span> <span class='ocrx_word' id='word_1_183' title='bbox 1469 2683 1582 2758; x_wconf 81' lang='lat' dir='ltr'>prefati</span> 
     </span>
    </p>
   </div>
   <div class='ocr_carea' id='block_1_3' title="bbox 316 2785 1666 2866">
    <p class='ocr_par' dir='ltr' id='par_1_3' title="bbox 316 2785 1666 2866">
     <span class='ocr_line' id='line_1_21' title="bbox 316 2785 1666 2866; baseline 0.002 -20"><span class='ocrx_word' id='word_1_184' title='bbox 316 2787 389 2846; x_wconf 87' lang='lat' dir='ltr'>bani</span> <span class='ocrx_word' id='word_1_185' title='bbox 421 2788 519 2846; x_wconf 87' lang='lat' dir='ltr'>nostri</span> <span class='ocrx_word' id='word_1_186' title='bbox 553 2787 657 2846; x_wconf 90' lang='lat' dir='ltr'>taliter</span> <span class='ocrx_word' id='word_1_187' title='bbox 689 2785 876 2862; x_wconf 87' lang='lat' dir='ltr'>judicassent</span> <span class='ocrx_word' id='word_1_188' title='bbox 909 2793 941 2847; x_wconf 92' lang='lat' dir='ltr'>et</span> <span class='ocrx_word' id='word_1_189' title='bbox 973 2789 1116 2848; x_wconf 87' lang='lat' dir='ltr'>arbitrati</span> <span class='ocrx_word' id='word_1_190' title='bbox 1138 2788 1289 2848; x_wconf 85' lang='lat' dir='ltr'>fuissent:</span> <span class='ocrx_word' id='word_1_191' title='bbox 1322 2789 1408 2864; x_wconf 90' lang='lat' dir='ltr'>quod</span> <span class='ocrx_word' id='word_1_192' title='bbox 1439 2789 1579 2866; x_wconf 82' lang='lat' dir='ltr'>prefatus</span> <span class='ocrx_word' id='word_1_193' title='bbox 1660 2835 1666 2849; x_wconf 92' lang='lat'><strong>.</strong></span> 
     </span>
    </p>
   </div>
   <div class='ocr_carea' id='block_1_4' title="bbox 313 2893 1582 5101">
    <p class='ocr_par' dir='ltr' id='par_1_4' title="bbox 313 2893 1582 5101">
     <span class='ocr_line' id='line_1_22' title="bbox 316 2893 1582 2971; baseline 0.003 -20"><span class='ocrx_word' id='word_1_194' title='bbox 316 2893 440 2952; x_wconf 87' lang='lat' dir='ltr'>Vlricus</span> <span class='ocrx_word' id='word_1_195' title='bbox 460 2907 564 2952; x_wconf 89' lang='lat' dir='ltr'>comes</span> <span class='ocrx_word' id='word_1_196' title='bbox 587 2893 654 2952; x_wconf 91' lang='lat' dir='ltr'>sola</span> <span class='ocrx_word' id='word_1_197' title='bbox 677 2909 734 2951; x_wconf 90' lang='lat' dir='ltr'>sua</span> <span class='ocrx_word' id='word_1_198' title='bbox 756 2894 788 2952; x_wconf 92' lang='lat' dir='ltr'>in</span> <span class='ocrx_word' id='word_1_199' title='bbox 810 2907 943 2968; x_wconf 90' lang='lat' dir='ltr'>persona</span> <span class='ocrx_word' id='word_1_200' title='bbox 965 2893 1115 2968; x_wconf 84' lang='lat' dir='ltr'>Zagrabie</span> <span class='ocrx_word' id='word_1_201' title='bbox 1138 2909 1245 2953; x_wconf 87' lang='lat' dir='ltr'>coram</span> <span class='ocrx_word' id='word_1_202' title='bbox 1260 2896 1437 2954; x_wconf 89' lang='lat' dir='ltr'>testimonio</span> <span class='ocrx_word' id='word_1_203' title='bbox 1453 2896 1582 2971; x_wconf 87' lang='lat' dir='ltr'>capituli</span> 
     </span>
     <span class='ocr_line' id='line_1_23' title="bbox 316 3000 1582 3076; baseline 0.003 -16"><span class='ocrx_word' id='word_1_204' title='bbox 316 3001 444 3060; x_wconf 88' lang='lat' dir='ltr'>ecclesie</span> <span class='ocrx_word' id='word_1_205' title='bbox 466 3002 663 3072; x_wconf 88' lang='lat' dir='ltr'>chasmensis,</span> <span class='ocrx_word' id='word_1_206' title='bbox 688 3000 771 3075; x_wconf 90' lang='lat' dir='ltr'>quod</span> <span class='ocrx_word' id='word_1_207' title='bbox 793 3017 850 3075; x_wconf 91' lang='lat' dir='ltr'>per</span> <span class='ocrx_word' id='word_1_208' title='bbox 872 3001 956 3060; x_wconf 90' lang='lat' dir='ltr'>idem</span> <span class='ocrx_word' id='word_1_209' title='bbox 980 3003 1154 3076; x_wconf 87' lang='lat' dir='ltr'>capitulum</span> <span class='ocrx_word' id='word_1_210' title='bbox 1175 3002 1215 3061; x_wconf 86' lang='lat' dir='ltr'>ad</span> <span class='ocrx_word' id='word_1_211' title='bbox 1245 3003 1278 3063; x_wconf 91' lang='lat' dir='ltr'>id</span> <span class='ocrx_word' id='word_1_212' title='bbox 1307 3003 1383 3063; x_wconf 91' lang='lat' dir='ltr'>illac</span> <span class='ocrx_word' id='word_1_213' title='bbox 1414 3003 1582 3064; x_wconf 89' lang='lat' dir='ltr'>transmitti</span> 
     </span>
     <span class='ocr_line' id='line_1_24' title="bbox 315 3103 1581 3184; baseline 0.005 -21"><span class='ocrx_word' id='word_1_214' title='bbox 315 3103 468 3182; x_wconf 88' lang='lat' dir='ltr'>jubemus,</span> <span class='ocrx_word' id='word_1_215' title='bbox 485 3107 516 3164; x_wconf 92' lang='lat' dir='ltr'>in</span> <span class='ocrx_word' id='word_1_216' title='bbox 532 3122 577 3179; x_wconf 90' lang='lat' dir='ltr'>eo,</span> <span class='ocrx_word' id='word_1_217' title='bbox 595 3106 677 3181; x_wconf 92' lang='lat' dir='ltr'>quod</span> <span class='ocrx_word' id='word_1_218' title='bbox 703 3108 843 3167; x_wconf 88' lang='lat' dir='ltr'>homines</span> <span class='ocrx_word' id='word_1_219' title='bbox 866 3107 923 3181; x_wconf 89' lang='lat' dir='ltr'>illi,</span> <span class='ocrx_word' id='word_1_220' title='bbox 947 3109 1001 3182; x_wconf 91' lang='lat' dir='ltr'>qui</span> <span class='ocrx_word' id='word_1_221' title='bbox 1026 3109 1135 3167; x_wconf 87' lang='lat' dir='ltr'>eadem</span> <span class='ocrx_word' id='word_1_222' title='bbox 1150 3111 1253 3184; x_wconf 92' lang='lat' dir='ltr'>spolia</span> <span class='ocrx_word' id='word_1_223' title='bbox 1275 3109 1508 3182; x_wconf 89' lang='lat' dir='ltr'>commisissent,</span> <span class='ocrx_word' id='word_1_224' title='bbox 1532 3112 1581 3170; x_wconf 93' lang='lat' dir='ltr'>sui</span> 
     </span>
     <span class='ocr_line' id='line_1_25' title="bbox 315 3211 1579 3290; baseline 0.003 -20"><span class='ocrx_word' id='word_1_225' title='bbox 315 3212 456 3270; x_wconf 88' lang='lat' dir='ltr'>homines</span> <span class='ocrx_word' id='word_1_226' title='bbox 478 3225 540 3270; x_wconf 90' lang='lat' dir='ltr'>uon</span> <span class='ocrx_word' id='word_1_227' title='bbox 563 3211 699 3284; x_wconf 86' lang='lat' dir='ltr'>fuissent,</span> <span class='ocrx_word' id='word_1_228' title='bbox 722 3230 823 3287; x_wconf 91' lang='lat' dir='ltr'>neque</span> <span class='ocrx_word' id='word_1_229' title='bbox 846 3213 885 3272; x_wconf 94' lang='lat' dir='ltr'>de</span> <span class='ocrx_word' id='word_1_230' title='bbox 907 3215 986 3272; x_wconf 90' lang='lat' dir='ltr'>scitu</span> <span class='ocrx_word' id='word_1_231' title='bbox 1009 3219 1039 3273; x_wconf 91' lang='lat' dir='ltr'>et</span> <span class='ocrx_word' id='word_1_232' title='bbox 1061 3215 1221 3275; x_wconf 84' lang='lat' dir='ltr'>voluntate</span> <span class='ocrx_word' id='word_1_233' title='bbox 1242 3217 1306 3275; x_wconf 91' lang='lat' dir='ltr'>suis</span> <span class='ocrx_word' id='word_1_234' title='bbox 1336 3216 1445 3275; x_wconf 89' lang='lat' dir='ltr'>eadem</span> <span class='ocrx_word' id='word_1_235' title='bbox 1476 3215 1579 3290; x_wconf 88' lang='lat' dir='ltr'>spolia</span> 
     </span>
     <span class='ocr_line' id='line_1_26' title="bbox 315 3317 1580 3397; baseline 0.003 -21"><span class='ocrx_word' id='word_1_236' title='bbox 315 3319 481 3377; x_wconf 89' lang='lat' dir='ltr'>commissa</span> <span class='ocrx_word' id='word_1_237' title='bbox 515 3317 644 3378; x_wconf 86' lang='lat' dir='ltr'>tuissent</span> <span class='ocrx_word' id='word_1_238' title='bbox 678 3325 708 3377; x_wconf 88' lang='lat' dir='ltr'>et</span> <span class='ocrx_word' id='word_1_239' title='bbox 735 3323 874 3394; x_wconf 87' lang='lat' dir='ltr'>patrata,</span> <span class='ocrx_word' id='word_1_240' title='bbox 901 3335 992 3379; x_wconf 90' lang='lat' dir='ltr'>suurn</span> <span class='ocrx_word' id='word_1_241' title='bbox 1019 3317 1229 3396; x_wconf 89' lang='lat' dir='ltr'>juramentum</span> <span class='ocrx_word' id='word_1_242' title='bbox 1260 3323 1414 3397; x_wconf 91' lang='lat' dir='ltr'>deponere</span> <span class='ocrx_word' id='word_1_243' title='bbox 1446 3322 1580 3381; x_wconf 89' lang='lat' dir='ltr'>debebit.</span> 
     </span>
     <span class='ocr_line' id='line_1_27' title="bbox 315 3421 1581 3504; baseline 0.005 -24"><span class='ocrx_word' id='word_1_244' title='bbox 315 3421 403 3495; x_wconf 87' lang='lat' dir='ltr'>Item,</span> <span class='ocrx_word' id='word_1_245' title='bbox 432 3424 516 3500; x_wconf 91' lang='lat' dir='ltr'>quod</span> <span class='ocrx_word' id='word_1_246' title='bbox 550 3425 632 3484; x_wconf 90' lang='lat' dir='ltr'>circa</span> <span class='ocrx_word' id='word_1_247' title='bbox 666 3423 779 3484; x_wconf 80' lang='lat' dir='ltr'>festum</span> <span class='ocrx_word' id='word_1_248' title='bbox 813 3426 983 3485; x_wconf 87' lang='lat' dir='ltr'>nativitatis</span> <span class='ocrx_word' id='word_1_249' title='bbox 1016 3427 1105 3487; x_wconf 89' lang='lat' dir='ltr'>beate</span> <span class='ocrx_word' id='word_1_250' title='bbox 1138 3430 1235 3488; x_wconf 89' lang='lat' dir='ltr'>Marie</span> <span class='ocrx_word' id='word_1_251' title='bbox 1266 3429 1405 3502; x_wconf 86' lang='lat' dir='ltr'>virginis,</span> <span class='ocrx_word' id='word_1_252' title='bbox 1437 3429 1581 3504; x_wconf 86' lang='lat' dir='ltr'>proxime</span> 
     </span>
     <span class='ocr_line' id='line_1_28' title="bbox 315 3531 1580 3610; baseline 0.005 -22"><span class='ocrx_word' id='word_1_253' title='bbox 315 3532 518 3605; x_wconf 90' lang='lat' dir='ltr'>preteritum,</span> <span class='ocrx_word' id='word_1_254' title='bbox 554 3531 631 3590; x_wconf 91' lang='lat' dir='ltr'>dum</span> <span class='ocrx_word' id='word_1_255' title='bbox 663 3531 790 3607; x_wconf 87' lang='lat' dir='ltr'>quidam</span> <span class='ocrx_word' id='word_1_256' title='bbox 826 3533 910 3592; x_wconf 86' lang='lat' dir='ltr'>cives</span> <span class='ocrx_word' id='word_1_257' title='bbox 944 3533 1077 3592; x_wconf 85' lang='lat' dir='ltr'>civitatis</span> <span class='ocrx_word' id='word_1_258' title='bbox 1112 3535 1249 3610; x_wconf 90' lang='lat' dir='ltr'>predicte</span> <span class='ocrx_word' id='word_1_259' title='bbox 1283 3535 1322 3594; x_wconf 93' lang='lat' dir='ltr'>de</span> <span class='ocrx_word' id='word_1_260' title='bbox 1356 3535 1425 3594; x_wconf 81' lang='lat' dir='ltr'>toro</span> <span class='ocrx_word' id='word_1_261' title='bbox 1455 3537 1580 3594; x_wconf 89' lang='lat' dir='ltr'>annuali</span> 
     </span>
     <span class='ocr_line' id='line_1_29' title="bbox 316 3635 1580 3716; baseline 0.004 -20"><span class='ocrx_word' id='word_1_262' title='bbox 316 3639 349 3696; x_wconf 91' lang='lat' dir='ltr'>in</span> <span class='ocrx_word' id='word_1_263' title='bbox 374 3636 493 3712; x_wconf 90' lang='lat' dir='ltr'>oppido</span> <span class='ocrx_word' id='word_1_264' title='bbox 517 3638 642 3712; x_wconf 87' lang='lat' dir='ltr'>Royche</span> <span class='ocrx_word' id='word_1_265' title='bbox 676 3639 842 3710; x_wconf 88' lang='lat' dir='ltr'>celebrato,</span> <span class='ocrx_word' id='word_1_266' title='bbox 877 3655 949 3697; x_wconf 91' lang='lat' dir='ltr'>cum</span> <span class='ocrx_word' id='word_1_267' title='bbox 969 3641 1135 3715; x_wconf 90' lang='lat' dir='ltr'>pecoribus</span> <span class='ocrx_word' id='word_1_268' title='bbox 1158 3635 1300 3716; x_wconf 86' lang='lat' dir='ltr'>ipsorum</span> <span class='ocrx_word' id='word_1_269' title='bbox 1323 3643 1355 3701; x_wconf 92' lang='lat' dir='ltr'>in</span> <span class='ocrx_word' id='word_1_270' title='bbox 1378 3643 1487 3701; x_wconf 89' lang='lat' dir='ltr'>eodem</span> <span class='ocrx_word' id='word_1_271' title='bbox 1511 3641 1580 3701; x_wconf 86' lang='lat' dir='ltr'>foro</span> 
     </span>
     <span class='ocr_line' id='line_1_30' title="bbox 316 3744 1580 3824; baseline 0.006 -22"><span class='ocrx_word' id='word_1_272' title='bbox 316 3745 430 3818; x_wconf 90' lang='lat' dir='ltr'>emptis</span> <span class='ocrx_word' id='word_1_273' title='bbox 453 3760 561 3804; x_wconf 87' lang='lat' dir='ltr'>versus</span> <span class='ocrx_word' id='word_1_274' title='bbox 591 3744 719 3820; x_wconf 92' lang='lat' dir='ltr'>propria</span> <span class='ocrx_word' id='word_1_275' title='bbox 743 3745 943 3818; x_wconf 90' lang='lat' dir='ltr'>procedentes</span> <span class='ocrx_word' id='word_1_276' title='bbox 966 3746 1003 3804; x_wconf 92' lang='lat' dir='ltr'>ad</span> <span class='ocrx_word' id='word_1_277' title='bbox 1028 3747 1187 3822; x_wconf 85' lang='lat' dir='ltr'>Rakonolr,</span> <span class='ocrx_word' id='word_1_278' title='bbox 1211 3750 1438 3824; x_wconf 90' lang='lat' dir='ltr'>possessionem</span> <span class='ocrx_word' id='word_1_279' title='bbox 1461 3749 1580 3809; x_wconf 91' lang='lat' dir='ltr'>scilicet</span> 
     </span>
     <span class='ocr_line' id='line_1_31' title="bbox 319 3851 1580 3926; baseline 0.005 -18"><span class='ocrx_word' id='word_1_280' title='bbox 319 3851 417 3924; x_wconf 91' lang='lat' dir='ltr'>ipsius</span> <span class='ocrx_word' id='word_1_281' title='bbox 451 3851 552 3910; x_wconf 84' lang='lat' dir='ltr'>vlrici</span> <span class='ocrx_word' id='word_1_282' title='bbox 586 3851 718 3924; x_wconf 89' lang='lat' dir='ltr'>comitis,</span> <span class='ocrx_word' id='word_1_283' title='bbox 751 3852 971 3926; x_wconf 85' lang='lat' dir='ltr'>pervenissent,</span> <span class='ocrx_word' id='word_1_284' title='bbox 1000 3858 1073 3912; x_wconf 91' lang='lat' dir='ltr'>tunc</span> <span class='ocrx_word' id='word_1_285' title='bbox 1096 3855 1236 3914; x_wconf 90' lang='lat' dir='ltr'>homines</span> <span class='ocrx_word' id='word_1_286' title='bbox 1260 3861 1290 3914; x_wconf 88' lang='lat' dir='ltr'>et</span> <span class='ocrx_word' id='word_1_287' title='bbox 1311 3854 1482 3914; x_wconf 84' lang='lat' dir='ltr'>familiares</span> <span class='ocrx_word' id='word_1_288' title='bbox 1505 3855 1580 3915; x_wconf 91' lang='lat' dir='ltr'>dicti</span> 
     </span>
     <span class='ocr_line' id='line_1_32' title="bbox 315 3955 1579 4036; baseline 0.006 -23"><span class='ocrx_word' id='word_1_289' title='bbox 315 3955 414 4014; x_wconf 92' lang='lat' dir='ltr'>Vlrici</span> <span class='ocrx_word' id='word_1_290' title='bbox 444 3958 574 4028; x_wconf 89' lang='lat' dir='ltr'>comitis,</span> <span class='ocrx_word' id='word_1_291' title='bbox 598 3958 668 4032; x_wconf 88' lang='lat' dir='ltr'>ipso</span> <span class='ocrx_word' id='word_1_292' title='bbox 690 3957 812 4015; x_wconf 90' lang='lat' dir='ltr'>erico</span> <span class='ocrx_word' id='word_1_293' title='bbox 835 3959 948 4016; x_wconf 87' lang='lat' dir='ltr'>comite</span> <span class='ocrx_word' id='word_1_294' title='bbox 971 3959 1002 4017; x_wconf 91' lang='lat' dir='ltr'>in</span> <span class='ocrx_word' id='word_1_295' title='bbox 1026 3959 1134 4018; x_wconf 89' lang='lat' dir='ltr'>eadem</span> <span class='ocrx_word' id='word_1_296' title='bbox 1157 3961 1307 4020; x_wconf 86' lang='lat' dir='ltr'>Rakonolr</span> <span class='ocrx_word' id='word_1_297' title='bbox 1330 3975 1389 4036; x_wconf 93' lang='lat' dir='ltr'>pro</span> <span class='ocrx_word' id='word_1_298' title='bbox 1412 3967 1485 4020; x_wconf 89' lang='lat' dir='ltr'>tunc</span> <span class='ocrx_word' id='word_1_299' title='bbox 1508 3977 1579 4036; x_wconf 91' lang='lat' dir='ltr'>per-</span> 
     </span>
     <span class='ocr_line' id='line_1_33' title="bbox 314 4063 1579 4143; baseline 0.005 -23"><span class='ocrx_word' id='word_1_300' title='bbox 314 4065 461 4122; x_wconf 87' lang='lat' dir='ltr'>sonaliter</span> <span class='ocrx_word' id='word_1_301' title='bbox 484 4065 641 4135; x_wconf 87' lang='lat' dir='ltr'>existente,</span> <span class='ocrx_word' id='word_1_302' title='bbox 665 4063 704 4122; x_wconf 91' lang='lat' dir='ltr'>de</span> <span class='ocrx_word' id='word_1_303' title='bbox 734 4064 813 4122; x_wconf 91' lang='lat' dir='ltr'>scitu</span> <span class='ocrx_word' id='word_1_304' title='bbox 837 4071 868 4122; x_wconf 94' lang='lat' dir='ltr'>et</span> <span class='ocrx_word' id='word_1_305' title='bbox 891 4065 1052 4124; x_wconf 85' lang='lat' dir='ltr'>voluntate</span> <span class='ocrx_word' id='word_1_306' title='bbox 1085 4068 1192 4142; x_wconf 88' lang='lat' dir='ltr'>ipsius,</span> <span class='ocrx_word' id='word_1_307' title='bbox 1227 4068 1336 4126; x_wconf 86' lang='lat' dir='ltr'>eadem</span> <span class='ocrx_word' id='word_1_308' title='bbox 1371 4083 1491 4143; x_wconf 90' lang='lat' dir='ltr'>pecora,</span> <span class='ocrx_word' id='word_1_309' title='bbox 1515 4069 1579 4126; x_wconf 92' lang='lat' dir='ltr'>sine</span> 
     </span>
     <span class='ocr_line' id='line_1_34' title="bbox 315 4169 1579 4249; baseline 0.005 -22"><span class='ocrx_word' id='word_1_310' title='bbox 315 4169 408 4243; x_wconf 89' lang='lat' dir='ltr'>culpa</span> <span class='ocrx_word' id='word_1_311' title='bbox 443 4171 584 4244; x_wconf 87' lang='lat' dir='ltr'>ipsorum</span> <span class='ocrx_word' id='word_1_312' title='bbox 620 4171 815 4244; x_wconf 90' lang='lat' dir='ltr'>recepissent,</span> <span class='ocrx_word' id='word_1_313' title='bbox 846 4176 876 4229; x_wconf 92' lang='lat' dir='ltr'>et</span> <span class='ocrx_word' id='word_1_314' title='bbox 899 4172 1019 4231; x_wconf 91' lang='lat' dir='ltr'>tamdiu</span> <span class='ocrx_word' id='word_1_315' title='bbox 1040 4174 1109 4247; x_wconf 92' lang='lat' dir='ltr'>ipsa</span> <span class='ocrx_word' id='word_1_316' title='bbox 1132 4189 1246 4249; x_wconf 90' lang='lat' dir='ltr'>pecora</span> <span class='ocrx_word' id='word_1_317' title='bbox 1268 4173 1385 4233; x_wconf 91' lang='lat' dir='ltr'>eisdem</span> <span class='ocrx_word' id='word_1_318' title='bbox 1407 4189 1469 4232; x_wconf 92' lang='lat' dir='ltr'>non</span> <span class='ocrx_word' id='word_1_319' title='bbox 1492 4175 1579 4234; x_wconf 91' lang='lat' dir='ltr'>resti·</span> 
     </span>
     <span class='ocr_line' id='line_1_35' title="bbox 314 4275 1579 4354; baseline 0.005 -21"><span class='ocrx_word' id='word_1_320' title='bbox 314 4275 451 4348; x_wconf 91' lang='lat' dir='ltr'>tuissent,</span> <span class='ocrx_word' id='word_1_321' title='bbox 474 4275 572 4334; x_wconf 90' lang='lat' dir='ltr'>donec</span> <span class='ocrx_word' id='word_1_322' title='bbox 594 4277 705 4349; x_wconf 84' lang='lat' dir='ltr'>viginti</span> <span class='ocrx_word' id='word_1_323' title='bbox 727 4276 860 4335; x_wconf 88' lang='lat' dir='ltr'>florenos</span> <span class='ocrx_word' id='word_1_324' title='bbox 882 4279 951 4336; x_wconf 91' lang='lat' dir='ltr'>auri</span> <span class='ocrx_word' id='word_1_325' title='bbox 974 4279 1034 4352; x_wconf 91' lang='lat' dir='ltr'>ipsi</span> <span class='ocrx_word' id='word_1_326' title='bbox 1057 4280 1140 4338; x_wconf 89' lang='lat' dir='ltr'>cives</span> <span class='ocrx_word' id='word_1_327' title='bbox 1164 4279 1282 4338; x_wconf 90' lang='lat' dir='ltr'>ibidem</span> <span class='ocrx_word' id='word_1_328' title='bbox 1306 4281 1382 4354; x_wconf 91' lang='lat' dir='ltr'>ipsis</span> <span class='ocrx_word' id='word_1_329' title='bbox 1412 4281 1579 4354; x_wconf 86' lang='lat' dir='ltr'>persolvis·</span> 
     </span>
     <span class='ocr_line' id='line_1_36' title="bbox 314 4381 1579 4460; baseline 0.004 -21"><span class='ocrx_word' id='word_1_330' title='bbox 314 4386 389 4454; x_wconf 93' lang='lat' dir='ltr'>sent,</span> <span class='ocrx_word' id='word_1_331' title='bbox 413 4397 473 4455; x_wconf 92' lang='lat' dir='ltr'>que</span> <span class='ocrx_word' id='word_1_332' title='bbox 497 4381 644 4456; x_wconf 89' lang='lat' dir='ltr'>predictis</span> <span class='ocrx_word' id='word_1_333' title='bbox 666 4384 919 4456; x_wconf 87' lang='lat' dir='ltr'>procaratoribus</span> <span class='ocrx_word' id='word_1_334' title='bbox 942 4387 1079 4444; x_wconf 89' lang='lat' dir='ltr'>annotati</span> <span class='ocrx_word' id='word_1_335' title='bbox 1108 4387 1209 4444; x_wconf 92' lang='lat' dir='ltr'>Vlrici</span> <span class='ocrx_word' id='word_1_336' title='bbox 1239 4387 1370 4458; x_wconf 91' lang='lat' dir='ltr'>comitis,</span> <span class='ocrx_word' id='word_1_337' title='bbox 1401 4388 1493 4460; x_wconf 91' lang='lat' dir='ltr'>plane</span> <span class='ocrx_word' id='word_1_338' title='bbox 1526 4403 1579 4445; x_wconf 88' lang='lat' dir='ltr'>ne·</span> 
     </span>
     <span class='ocr_line' id='line_1_37' title="bbox 314 4487 1579 4565; baseline 0.006 -20"><span class='ocrx_word' id='word_1_339' title='bbox 314 4487 468 4560; x_wconf 81' lang='lat' dir='ltr'>gentibus,</span> <span class='ocrx_word' id='word_1_340' title='bbox 492 4489 552 4562; x_wconf 91' lang='lat' dir='ltr'>ipsi</span> <span class='ocrx_word' id='word_1_341' title='bbox 577 4490 649 4547; x_wconf 90' lang='lat' dir='ltr'>bani</span> <span class='ocrx_word' id='word_1_342' title='bbox 672 4490 770 4547; x_wconf 90' lang='lat' dir='ltr'>nostri</span> <span class='ocrx_word' id='word_1_343' title='bbox 793 4489 911 4550; x_wconf 90' lang='lat' dir='ltr'>eisdem</span> <span class='ocrx_word' id='word_1_344' title='bbox 935 4493 1190 4565; x_wconf 84' lang='lat' dir='ltr'>procuratoribus</span> <span class='ocrx_word' id='word_1_345' title='bbox 1223 4492 1297 4550; x_wconf 92' lang='lat' dir='ltr'>dicti</span> <span class='ocrx_word' id='word_1_346' title='bbox 1327 4493 1450 4551; x_wconf 92' lang='lat' dir='ltr'>comitis</span> <span class='ocrx_word' id='word_1_347' title='bbox 1481 4493 1579 4552; x_wconf 87' lang='lat' dir='ltr'>Vlrici</span> 
     </span>
     <span class='ocr_line' id='line_1_38' title="bbox 314 4593 1579 4674; baseline 0.004 -22"><span class='ocrx_word' id='word_1_348' title='bbox 314 4594 374 4652; x_wconf 90' lang='lat' dir='ltr'>hoc</span> <span class='ocrx_word' id='word_1_349' title='bbox 408 4593 553 4653; x_wconf 89' lang='lat' dir='ltr'>benivole</span> <span class='ocrx_word' id='word_1_350' title='bbox 586 4595 775 4669; x_wconf 90' lang='lat' dir='ltr'>acceptando</span> <span class='ocrx_word' id='word_1_351' title='bbox 805 4594 975 4674; x_wconf 86' lang='lat' dir='ltr'>judicantes</span> <span class='ocrx_word' id='word_1_352' title='bbox 1003 4597 1217 4670; x_wconf 87' lang='lat' dir='ltr'>decrevissent,</span> <span class='ocrx_word' id='word_1_353' title='bbox 1241 4603 1275 4657; x_wconf 92' lang='lat' dir='ltr'>ut</span> <span class='ocrx_word' id='word_1_354' title='bbox 1299 4598 1437 4673; x_wconf 86' lang='lat' dir='ltr'>prefatus</span> <span class='ocrx_word' id='word_1_355' title='bbox 1459 4599 1579 4657; x_wconf 89' lang='lat' dir='ltr'>Blasius</span> 
     </span>
     <span class='ocr_line' id='line_1_39' title="bbox 315 4700 1579 4782; baseline 0.004 -23"><span class='ocrx_word' id='word_1_356' title='bbox 315 4701 392 4760; x_wconf 85' lang='lat' dir='ltr'>civis</span> <span class='ocrx_word' id='word_1_357' title='bbox 421 4700 501 4760; x_wconf 86' lang='lat' dir='ltr'>dicte</span> <span class='ocrx_word' id='word_1_358' title='bbox 524 4703 657 4761; x_wconf 85' lang='lat' dir='ltr'>civitatis</span> <span class='ocrx_word' id='word_1_359' title='bbox 680 4703 747 4761; x_wconf 93' lang='lat' dir='ltr'>sola</span> <span class='ocrx_word' id='word_1_360' title='bbox 770 4719 826 4762; x_wconf 89' lang='lat' dir='ltr'>sua</span> <span class='ocrx_word' id='word_1_361' title='bbox 849 4705 880 4762; x_wconf 89' lang='lat' dir='ltr'>in</span> <span class='ocrx_word' id='word_1_362' title='bbox 903 4720 1038 4780; x_wconf 89' lang='lat' dir='ltr'>persona</span> <span class='ocrx_word' id='word_1_363' title='bbox 1056 4703 1267 4782; x_wconf 87' lang='lat' dir='ltr'>juramentum</span> <span class='ocrx_word' id='word_1_364' title='bbox 1296 4721 1390 4780; x_wconf 92' lang='lat' dir='ltr'>super</span> <span class='ocrx_word' id='word_1_365' title='bbox 1421 4705 1579 4780; x_wconf 90' lang='lat' dir='ltr'>premissis</span> 
     </span>
     <span class='ocr_line' id='line_1_40' title="bbox 316 4803 1579 4888; baseline 0.006 -22"><span class='ocrx_word' id='word_1_366' title='bbox 316 4813 455 4882; x_wconf 88' lang='lat' dir='ltr'>prestare</span> <span class='ocrx_word' id='word_1_367' title='bbox 479 4803 614 4881; x_wconf 88' lang='lat' dir='ltr'>deberet,</span> <span class='ocrx_word' id='word_1_368' title='bbox 638 4816 668 4868; x_wconf 95' lang='lat' dir='ltr'>et</span> <span class='ocrx_word' id='word_1_369' title='bbox 690 4810 797 4868; x_wconf 88' lang='lat' dir='ltr'>habita</span> <span class='ocrx_word' id='word_1_370' title='bbox 821 4811 889 4884; x_wconf 91' lang='lat' dir='ltr'>ipsa</span> <span class='ocrx_word' id='word_1_371' title='bbox 911 4809 1110 4888; x_wconf 87' lang='lat' dir='ltr'>juramentali</span> <span class='ocrx_word' id='word_1_372' title='bbox 1134 4812 1332 4887; x_wconf 90' lang='lat' dir='ltr'>deposicione</span> <span class='ocrx_word' id='word_1_373' title='bbox 1362 4813 1460 4888; x_wconf 91' lang='lat' dir='ltr'>ipsius</span> <span class='ocrx_word' id='word_1_374' title='bbox 1484 4811 1579 4874; x_wconf 88' lang='lat' dir='ltr'>Blasii</span> 
     </span>
     <span class='ocr_line' id='line_1_41' title="bbox 315 4913 1579 4991; baseline 0.003 -19"><span class='ocrx_word' id='word_1_375' title='bbox 315 4913 414 4973; x_wconf 90' lang='lat' dir='ltr'>dictus</span> <span class='ocrx_word' id='word_1_376' title='bbox 437 4915 563 4974; x_wconf 91' lang='lat' dir='ltr'>Vlricus</span> <span class='ocrx_word' id='word_1_377' title='bbox 585 4931 689 4974; x_wconf 90' lang='lat' dir='ltr'>comes</span> <span class='ocrx_word' id='word_1_378' title='bbox 712 4923 867 4991; x_wconf 87' lang='lat' dir='ltr'>pretactos</span> <span class='ocrx_word' id='word_1_379' title='bbox 890 4919 1001 4991; x_wconf 80' lang='lat' dir='ltr'>viginti</span> <span class='ocrx_word' id='word_1_380' title='bbox 1034 4918 1166 4977; x_wconf 89' lang='lat' dir='ltr'>florenos</span> <span class='ocrx_word' id='word_1_381' title='bbox 1199 4919 1269 4978; x_wconf 91' lang='lat' dir='ltr'>auri</span> <span class='ocrx_word' id='word_1_382' title='bbox 1302 4919 1424 4978; x_wconf 88' lang='lat' dir='ltr'>solvere</span> <span class='ocrx_word' id='word_1_383' title='bbox 1458 4923 1579 4978; x_wconf 88' lang='lat' dir='ltr'>tenetur</span> 
     </span>
     <span class='ocr_line' id='line_1_42' title="bbox 313 5022 1576 5101; baseline 0.005 -21"><span class='ocrx_word' id='word_1_384' title='bbox 313 5022 435 5082; x_wconf 85' lang='lat' dir='ltr'>ciuibus</span> <span class='ocrx_word' id='word_1_385' title='bbox 456 5023 634 5098; x_wconf 88' lang='lat' dir='ltr'>prenotatis.</span> <span class='ocrx_word' id='word_1_386' title='bbox 655 5023 742 5096; x_wconf 89' lang='lat' dir='ltr'>Item,</span> <span class='ocrx_word' id='word_1_387' title='bbox 766 5023 848 5100; x_wconf 92' lang='lat' dir='ltr'>quod</span> <span class='ocrx_word' id='word_1_388' title='bbox 866 5025 947 5083; x_wconf 88' lang='lat' dir='ltr'>circa</span> <span class='ocrx_word' id='word_1_389' title='bbox 962 5024 1077 5084; x_wconf 82' lang='lat' dir='ltr'>testum</span> <span class='ocrx_word' id='word_1_390' title='bbox 1092 5025 1270 5086; x_wconf 82' lang='lat' dir='ltr'>Natiuitatis</span> <span class='ocrx_word' id='word_1_391' title='bbox 1287 5025 1415 5097; x_wconf 87' lang='lat' dir='ltr'>domini,</span> <span class='ocrx_word' id='word_1_392' title='bbox 1431 5026 1576 5101; x_wconf 88' lang='lat' dir='ltr'>proxime</span> 
     </span>
    </p>
   </div>
   <div class='ocr_carea' id='block_1_5' title="bbox 0 0 1970 5802">
    <p class='ocr_par' dir='ltr' id='par_1_5' title="bbox 0 0 1970 5802">
     <span class='ocr_line' id='line_1_43' title="bbox 0 0 1970 5802; baseline 0 3"><span class='ocrx_word' id='word_1_393' title='bbox 0 0 1970 5802; x_wconf 95' lang='lat' dir='ltr'> </span> 
     </span>
    </p>
   </div>
  </div>
 </body>
</html>
