3804 5858
388 548 450 609 412
801 533 877 592 Dec.
895 543 970 610 325.
994 566 1037 576 —
1060 532 1116 593 An.
1140 526 1230 610 1481.

386 746 538 808 diuturnis
568 750 762 824 temporibus
784 751 929 808 habuisse
953 753 982 808 et
1012 750 1187 826 possedisse
1221 747 1359 808 unanimi
1381 752 1412 806 et
1434 745 1581 804 concordi
1604 749 1650 808 te·

385 853 574 916 stificacione
604 853 810 926 affirmarunt,
842 855 895 914 sed
927 871 990 930 quo
1018 855 1087 933 jure
1117 856 1224 916 eedem
1249 862 1330 913 terre
1352 853 1486 912 arabiles
1509 859 1539 912 et
1562 855 1650 928 prata

385 959 539 1020 antedicta
570 960 609 1020 ad
633 961 760 1022 eosdem
782 962 963 1036 pertineant,
987 963 1131 1024 dixerunt
1154 978 1187 1020 se
1209 963 1359 1036 ignorare.
1382 960 1418 1020 ln
1441 960 1529 1018 cuius
1552 973 1649 1016 asser·

385 1065 481 1126 cionis
512 1067 724 1127 testimonium
756 1072 913 1141 presentes
943 1069 1062 1130 litteras
1092 1074 1212 1128 nostras
1230 1073 1375 1144 patentes
1406 1063 1534 1139 prefatis
1556 1077 1650 1140 expo

385 1172 529 1232 nantibus
552 1171 698 1232 duximus
722 1172 942 1234 concedendas.
973 1175 1090 1234 Datum
1114 1174 1299 1234 duodecimo
1322 1173 1373 1236 die
1395 1169 1647 1245 congregacionis

384 1282 491 1338 nostre
514 1277 653 1352 predicte
676 1279 707 1338 in
738 1279 808 1337 loco
840 1287 1022 1340 memorato.
1054 1283 1145 1340 Anno
1169 1280 1288 1340 domini
1310 1279 1480 1338 millesimo
1503 1275 1650 1350 quadrin-

383 1385 557 1457 gentesimo
580 1385 790 1458 octuagesimo
814 1386 926 1459 primo.
949 1385 1071 1460 Quibus
1094 1386 1243 1448 exhibitis
1266 1385 1361 1444 iidem
1383 1384 1501 1444 domini
1517 1382 1650 1442 Michael

385 1493 415 1550 et
438 1488 591 1563 Georgius
613 1491 674 1550 sibi
697 1497 727 1552 et
742 1492 832 1550 dictis
848 1493 918 1550 aliis
941 1493 1156 1566 prebendariis
1179 1509 1218 1552 ex
1240 1497 1329 1568 parte
1346 1489 1510 1566 prescripti
1532 1488 1650 1548 domini

383 1595 524 1656 Oswaldi
546 1598 685 1671 episcopi
720 1614 777 1672 per
811 1613 869 1658 nos
903 1599 935 1658 in
971 1599 1131 1674 premissis
1164 1597 1241 1676 juris
1265 1599 1432 1672 equitatem
1454 1595 1650 1671 postularunt

383 1701 545 1776 impertiri.
567 1702 638 1776 Quo
659 1703 766 1764 audito
787 1705 942 1788 Johannes
958 1704 997 1762 de
1019 1706 1104 1764 llere
1127 1720 1185 1778 pro
1199 1704 1335 1765 antelato
1358 1703 1484 1764 domino
1500 1700 1647 1760 Oswaldo

383 1808 532 1883 episcopo
568 1824 639 1870 cum
674 1811 896 1884 procuratoriis
930 1811 1042 1870 litteris
1076 1807 1223 1884 eiirsdem,
1257 1817 1395 1870 nostram
1431 1823 1582 1881 exurgens
1615 1807 1648 1866 in

386 1915 589 1988 presenciam,
612 1917 772 1990 respondit
795 1933 834 1976 ex
864 1917 1013 1976 adverso:
1045 1919 1203 1990 quomodo
1225 1916 1353 1978 antefati
1376 1915 1507 1976 condam
1531 1914 1649 1974 domini

385 2021 593 2094 Eberhardus,
617 2022 757 2082 Andreas
788 2029 818 2083 et
839 2023 995 2106 Johannes
1025 2025 1165 2099 episcopi
1187 2024 1268 2084 dicte
1288 2023 1416 2082 ecclesie
1438 2021 1647 2094 zagrabiensis

384 2133 539 2202 pretaotos
562 2134 732 2202 proventus
747 2130 845 2204 ipsius
868 2131 996 2189 ecclesie
1018 2131 1226 2204 zagrabiensis
1250 2129 1419 2190 decimales
1442 2133 1508 2188 tam
1539 2127 1577 2186 de
1601 2127 1648 2188 vi·

384 2235 448 2294 neis
471 2250 566 2308 quam
589 2234 628 2294 de
650 2237 740 2298 terris
772 2237 988 2312 provenientes
1011 2236 1140 2311 prefatis
1163 2237 1298 2296 dominis
1320 2235 1536 2311 prebendariis
1559 2239 1589 2294 et
1604 2232 1648 2292 al-

382 2341 503 2400 taribus
527 2355 634 2401 eorum
668 2342 701 2400 in
723 2343 929 2416 preiudicium
954 2344 1029 2402 iuris
1060 2343 1198 2402 eiusdem
1221 2343 1349 2404 ecclesie
1371 2342 1500 2402 minime
1522 2340 1596 2400 dare
1618 2343 1649 2397 et

383 2445 524 2507 conferre
552 2463 589 2506 ac
623 2448 767 2519 alienare,
802 2456 832 2508 et
863 2466 918 2508 nec
952 2451 1012 2526 ipsi
1046 2449 1244 2524 prebendarii
1266 2450 1391 2509 eosdem
1414 2453 1584 2526 proventus
1606 2447 1647 2505 ab

383 2553 500 2613 eisdem
521 2553 655 2618 dominis
678 2557 841 2632 episcopis,
865 2556 1135 2631 predecessoribus
1158 2557 1255 2631 ipsius
1279 2556 1398 2616 domini
1420 2555 1559 2615 Oswaldi
1581 2554 1646 2629 epi·

382 2660 478 2733 scopi,
501 2675 559 2734 pro
582 2676 615 2718 se
644 2661 813 2736 impetrare
843 2662 1022 2741 valuissent.
1055 2662 1177 2736 Quibus
1206 2663 1251 2722 sic
1271 2663 1386 2722 habitis
1409 2663 1549 2740 ipsisque
1573 2677 1643 2736 pro·

381 2766 576 2826 curatoribus
599 2767 741 2840 parcium
764 2783 821 2842 per
842 2783 898 2826 nos
922 2769 953 2826 in
984 2769 1144 2842 premissis
1173 2766 1323 2845 judicium
1347 2773 1378 2828 et
1399 2767 1555 2845 justiciam
1577 2783 1648 2845 pre·

382 2872 456 2932 bere
479 2873 716 2946 postulantibus,
740 2874 813 2948 quia
829 2873 982 2933 antefatus
1000 2875 1076 2932 olim
1101 2874 1244 2934 dominus
1267 2874 1467 2934 Eberhardus
1482 2875 1647 2950 episcopus

376 2977 413 3036 in
447 2979 621 3053 prescripto
657 2994 736 3038 anno
772 2979 890 3040 domini
924 2981 1094 3040 millesimo
1117 2981 1423 3056 quadringentesimo
1448 2983 1553 3058 primo
1575 2997 1647 3058 pre·

382 3085 514 3158 scriptas
529 3085 689 3144 universas
706 3087 842 3146 decimas
858 3087 897 3144 de
913 3087 1010 3146 vineis
1027 3093 1056 3146 et
1080 3088 1169 3147 terris
1193 3087 1348 3146 dictorum
1364 3088 1644 3162 prebendariorum

383 3191 541 3277 perpetuis
553 3191 664 3251 futuris
677 3193 880 3267 temporibus,
892 3193 934 3251 ob
945 3199 1121 3269 respectum
1133 3195 1275 3269 superius
1291 3194 1514 3270 specificatum,
1525 3194 1644 3260 eisdem

381 3297 595 3371 prebendariis
626 3300 752 3358 omnino
781 3300 937 3358 remisisse
966 3306 997 3360 et
1026 3301 1191 3372 relaxasse,
1219 3300 1358 3375 prelatus
1388 3302 1486 3360 eciam
1511 3301 1643 3363 condam

381 3403 530 3464 dominus
554 3405 693 3464 Andreas
724 3407 891 3480 episcopus
923 3407 1014 3466 huius
1044 3407 1247 3466 relaxacionis
1277 3409 1460 3482 peripsum
1484 3408 1645 3469 dominum

380 3509 597 3572 Eberhardnm
628 3511 746 3572 factum
768 3513 939 3572 ratificasse
962 3519 992 3572 et
1014 3513 1206 3588 approbasse
1229 3519 1260 3572 et
1290 3514 1415 3574 tandem
1438 3515 1646 3586 confirmasse,

382 3619 573 3694 prescriptos
606 3618 739 3694 denique
762 3621 893 3680 condam
917 3621 1064 3680 dominus
1087 3621 1242 3706 Johannes
1265 3622 1429 3697 episcopus
1452 3623 1493 3680 ob
1517 3623 1646 3696 premis·

383 3740 453 3784 sum
478 3724 576 3787 divini
599 3727 700 3786 cultus
731 3733 933 3800 augmentum
965 3727 1064 3785 dictas
1095 3742 1202 3786 omnes
1232 3727 1376 3801 decimas,
1400 3735 1465 3788 tam
1487 3728 1526 3788 de
1549 3730 1646 3788 vineis

390 3847 484 3906 quam
509 3831 547 3890 de
570 3833 660 3892 terris
683 3834 823 3908 ipsorum
840 3833 1119 3910 prebendariorum
1142 3835 1357 3908 provenientes
1379 3835 1475 3896 modo
1497 3836 1594 3896 simili
1615 3837 1646 3896 in

379 3943 571 4012 perpetuum
595 3943 760 4012 relaxasse,
783 3942 955 4016 pretitulati
977 3941 1074 4001 eciam
1096 3942 1269 4000 vicecomes
1296 3948 1326 4000 et
1348 3939 1466 4018 judices
1487 3943 1642 4003 nobilium

380 4043 453 4102 dicti
476 4045 639 4104 comitatus
662 4047 878 4120 zagrabiensis,
907 4046 1062 4124 juratique
1092 4063 1261 4106 assessores
1284 4047 1364 4111 dicte
1387 4050 1640 4124 congregacionis

378 4155 482 4209 nostre
503 4153 691 4227 prescriptas
721 4161 819 4214 terras
852 4155 986 4214 arabiles
1018 4159 1047 4214 et
1072 4167 1161 4228 prata
1184 4171 1239 4212 seu
1261 4155 1367 4214 senilia
1390 4155 1430 4214 ad
1454 4156 1551 4216 dictas
1574 4173 1645 4232 pre·

381 4256 499 4316 bendas
531 4263 561 4316 et
591 4267 762 4320 rectoratus
795 4261 942 4320 altarium
965 4266 1137 4335 spectantes
1160 4266 1190 4318 et
1213 4261 1401 4336 pertinentes
1428 4263 1508 4322 inter
1530 4263 1645 4322 limites

379 4363 441 4422 vici
464 4364 644 4424 Latinorum
662 4368 836 4438 existentes,
859 4367 976 4426 eisdem
999 4366 1212 4440 prebendariis
1235 4373 1264 4426 et
1288 4368 1435 4427 altaristis
1458 4385 1530 4427 cum
1546 4370 1644 4428 tocius

379 4471 510 4530 dominii
535 4473 627 4547 plena
658 4480 810 4547 potestate
844 4473 998 4548 pertinere
1029 4478 1059 4530 et
1089 4472 1213 4531 easdem
1236 4489 1292 4547 per
1315 4474 1400 4548 ipsos
1422 4473 1646 4547 prebendarios

378 4585 408 4640 et
429 4579 585 4641 altaristas
608 4579 736 4653 pacitice
770 4593 840 4638 usos
872 4579 974 4652 fuisse,
1006 4578 1100 4636 modo
1131 4593 1193 4652 qno
1224 4594 1318 4652 supra
1342 4581 1491 4654 requisiti,
1514 4579 1589 4640 fassi
1611 4585 1642 4640 et

378 4688 512 4746 attestati
534 4687 712 4760 extitissent,
740 4686 801 4761 ipsi
831 4686 964 4761 denique
994 4683 1192 4760 prebendarii
1222 4689 1253 4743 et
1276 4692 1409 4752 rectores
1440 4687 1586 4748 altarium
1608 4687 1642 4748 in

378 4793 509 4869 pacifica
532 4794 725 4867 possessione
748 4792 930 4851 earumdem
954 4797 1107 4850 terrarum
1130 4797 1160 4850 et
1183 4773 1325 4850 senilium
1349 4808 1367 4850 a
1391 4799 1531 4868 tempore
1555 4793 1641 4868 quod

377 4901 513 4962 humana
545 4902 697 4962 memoria
731 4899 994 4975 comprehendere
1026 4899 1141 4973 nequit,
1176 4897 1279 4972 fuisse,
1303 4905 1334 4958 et
1368 4899 1493 4958 easdem
1515 4900 1635 4974 absque

377 5007 463 5071 omui
486 5008 646 5070 solucione
671 5007 816 5072 decimali
832 5013 863 5066 et
879 5007 941 5066 alia
963 5007 1066 5082 quiete
1089 5005 1269 5081 possedisse,
1292 5005 1325 5064 in
1347 5004 1480 5083 pacifico
1503 5005 1642 5068 dominio
