3930 5802
387 557 447 601 aao
796 544 869 601 Doc.
894 540 962 602 162.
988 577 1026 586 -
1052 545 1109 602 An.
1135 555 1225 621 1452.

383 757 490 816 biliter
523 759 675 832 tenendas,
710 760 911 834 possidendas
934 761 1050 834 pariter
1072 768 1102 820 et
1130 762 1297 835 habendas,
1328 763 1440 820 harum
1470 743 1648 822 nostrarum

386 866 492 938 vigore
514 871 544 924 et
567 867 742 925 testimonio
765 867 941 926 litterarum
972 867 1118 941 pendenti
1148 869 1252 942 sigillo
1282 874 1387 928 nostre
1418 870 1649 928 communitatis

384 972 633 1045 consignatarum
667 973 830 1032 mediante.
861 973 979 1031 Datum
1013 974 1045 1031 in
1078 973 1158 1032 testo
1187 975 1417 1049 puriticacionis
1440 977 1530 1034 beate
1552 976 1649 1034 Maria

383 1079 521 1151 virginis.
566 1080 654 1138 Anno
689 1079 809 1138 domini
849 1079 1016 1138 millesimo
1049 1081 1356 1154 quadringentesimo
1391 1082 1649 1156 quinquagesimo

384 1183 528 1242 secundo.

490 1322 623 1385 Originnle
642 1323 669 1372 in
688 1324 842 1380 membrana,
862 1337 986 1373 mancum.
1008 1325 1076 1371 Zona
1089 1323 1185 1371 sericea
1198 1324 1287 1372 viridis
1300 1323 1430 1389 appendet
1443 1323 1540 1386 absque
1553 1321 1647 1386 sigillo.

383 1409 578 1462 1narch.xen.
598 1412 674 1476 capit.
694 1412 794 1476 zagrab.

975 1607 1057 1673 162.

489 1747 569 1797 Anno
591 1761 665 1814 1452,
684 1761 725 1810 29.
745 1750 813 1800 maii.
835 1749 982 1812 Zagrabiae.

383 1875 572 1951 Ligarianam
602 1878 884 1936 testamentart'aram
914 1895 933 1932 a
965 1893 986 1933 s.
1011 1875 1113 1932 Marci
1128 1875 1317 1950 parochianis
1340 1877 1511 1934 manasterio
1540 1876 1648 1935 cister-

383 1983 516 2040 ciensium
538 1985 658 2056 angrab.
680 1985 843 2058 factarum,
866 1983 965 2056 partia
995 1983 1132 2039 canonica
1148 1981 1289 2056 parochis
1310 2001 1332 2042 s.
1355 1981 1458 2040 Marci
1478 1984 1508 2040 ia
1531 1983 1646 2042 civitate

487 2087 703 2148 communitatis
725 2091 827 2147 mantis
849 2087 999 2146 Greceasis
1021 2107 1041 2144 a
1065 2089 1217 2146 Benedicta
1241 2089 1368 2162 episcopo
1388 2088 1539 2146 addicitur.

487 2233 669 2292 Benedictus
693 2233 741 2293 dei
766 2239 796 2292 et
818 2233 989 2308 apostolice
1012 2231 1094 2290 sedis
1118 2233 1222 2305 gracia
1245 2233 1410 2307 episcopus
1441 2233 1571 2291 ecclesie
1599 2250 1648 2292 za-

382 2339 567 2410 grabiensis.
591 2342 625 2399 ln
656 2340 780 2400 Christo
802 2341 893 2399 uobis
917 2340 1047 2410 dilectis,
1071 2339 1210 2397 discretis
1231 2340 1316 2410 viris,
1340 2339 1494 2398 dominis:
1518 2340 1647 2412 Thome‚

384 2446 481 2503 sancti
503 2447 635 2506 Emerici
666 2447 704 2505 de
728 2447 888 2520 Zagrabia,
924 2447 1022 2504 altero
1053 2445 1181 2517 Thome‚
1205 2446 1302 2504 sancti
1324 2446 1472 2528 Johannis
1496 2446 1535 2504 de
1558 2446 1646 2504 Nova

383 2550 462 2608 villa
485 2557 515 2609 et
538 2553 703 2613 Valentino
726 2555 824 2613 sancti
859 2553 1007 2611 Anthonii
1042 2551 1080 2610 de
1114 2553 1184 2610 vico
1218 2553 1409 2624 Latinorum,
1444 2552 1645 2611 ecclesiarum

382 2657 532 2730 plebanis,
556 2661 687 2734 aliisque
710 2661 862 2719 universis
885 2665 915 2718 et
938 2659 1068 2732 singulis
1082 2659 1215 2717 dominis
1232 2659 1373 2732 plebanis
1397 2664 1427 2716 et
1443 2659 1646 2718 ecclesiarum

382 2765 609 2836 parochialium
631 2769 812 2840 rectoribus,
829 2768 962 2826 ubilibet
985 2767 1065 2824 intra
1089 2767 1243 2824 ambitum
1265 2770 1369 2824 nostre
1393 2766 1523 2824 diocesis
1538 2781 1644 2840 ragra-

383 2869 497 2928 biensis
521 2873 693 2931 constitutis
716 2879 745 2932 et
768 2875 978 2945 existentibus,
1002 2873 1197 2946 presencium
1220 2872 1368 2930 noticiam
1402 2872 1565 2944 habituris,
1592 2873 1644 2930 vel

383 2977 436 3049 qui
460 2978 655 3052 presentibus
678 2979 797 3039 fueritis
819 2980 968 3054 requisiti,
991 2984 1045 3038 aut
1068 2980 1148 3037 alter
1169 2983 1309 3036 vestrum
1341 2977 1433 3037 fuerit
1468 2979 1644 3052 requisitus,

381 3085 569 3143 salutemet
592 3085 789 3159 diligenciam
812 3086 928 3144 habere
950 3085 981 3143 in
1003 3085 1186 3142 commissis.
1204 3084 1369 3156 Noveritis,
1392 3084 1475 3158 quod
1500 3100 1573 3142 cum
1588 3099 1644 3143 nos

382 3188 459 3247 feria
481 3191 615 3248 secunda
638 3194 781 3266 proxima
805 3197 877 3268 post
899 3192 1012 3250 festum
1030 3191 1114 3248 beati
1138 3191 1257 3249 Vrbani
1280 3206 1370 3264 pape,
1386 3191 1530 3264 proxime
1546 3197 1646 3265 prete·

381 3295 485 3363 ritum,
519 3295 550 3354 in
581 3298 719 3356 sacristia
741 3299 888 3370 interiori,
919 3312 1053 3355 unacum
1090 3296 1328 3354 honorabilibus
1359 3297 1443 3369 viris,
1467 3297 1644 3372 prepositis,

381 3401 604 3462 archidiaconis
627 3409 656 3462 et
680 3405 834 3464 canonicis
857 3403 896 3461 de
918 3403 1056 3478 capitulo
1080 3403 1209 3460 ecclesie
1232 3409 1335 3460 nostre
1368 3402 1506 3477 predicte
1539 3417 1646 3475 zagra·

387 3507 510 3579 biensis,
534 3508 683 3569 fratribus
706 3511 820 3568 nostris
844 3511 875 3568 in
908 3510 1033 3568 Christo
1068 3509 1242 3579 carissimis,
1277 3509 1318 3566 ad
1351 3507 1544 3567 reddendum
1578 3509 1647 3566 iura

380 3617 576 3673 causancium
598 3632 652 3674 seu
674 3617 868 3689 litiganeium
880 3631 938 3691 pro
954 3615 1103 3674 tribunali
1119 3615 1374 3686 consedissemus,
1390 3619 1463 3674 tune
1486 3613 1646 3672 demedio

380 3719 515 3778 aliorum
539 3723 738 3781 causancium
758 3723 908 3782 discretus
927 3723 978 3780 vir
1001 3721 1145 3779 dominus
1169 3721 1315 3780 Nicotaus
1345 3722 1508 3795 presbiter,
1543 3726 1646 3780 rector

381 3841 433 3882 seu
458 3827 611 3900 plebanus
635 3829 823 3902 parochialis
847 3830 974 3888 ecclesie
997 3843 1050 3886 seu
1074 3829 1195 3902 capelle
1229 3829 1327 3887 sancti
1360 3830 1457 3887 Marci
1478 3829 1517 3886 de
1539 3833 1645 3886 monte

381 3929 485 4004 Grecz,
509 3933 548 3991 de
571 3934 655 3992 iuxta
679 3935 872 4009 Zagrabiam,
906 3935 1058 4008 legittime
1091 3936 1248 3994 citacionis
1283 3935 1413 3994 modum
1435 3935 1646 4007 observand0,

382 4037 413 4098 in
435 4045 583 4112 nostram,
608 4041 825 4116 dictorumque
847 4048 1026 4100 nostrorum
1050 4057 1240 4100 assessorum
1265 4043 1457 4116 presenciam
1480 4056 1643 4115 exurgens,

380 4153 487 4204 contra
510 4152 540 4205 et
573 4147 723 4207 adversus
754 4149 936 4222 religiosum
970 4149 1074 4206 vnum
1111 4147 1274 4205 dominum
1309 4149 1460 4206 Mathiam
1497 4149 1646 4206 abbatem

380 4255 560 4312 monasterii
590 4255 717 4314 ecclesie
739 4256 830 4313 beate
853 4255 949 4312 Marte
972 4254 1102 4327 virginis
1125 4254 1156 4312 in
1192 4254 1261 4311 vico
1285 4270 1337 4312 seu
1371 4269 1441 4312 area
1476 4255 1644 4329 capitulari

380 4365 560 4433 constructe,
592 4360 802 4420 Cisterciensis
824 4361 950 4432 ordinis,
974 4375 1080 4418 coram
1102 4359 1192 4418 nobis
1216 4359 1421 4433 personaliter
1443 4361 1644 4419 constitutum

380 4468 544 4544 proposuit
567 4473 597 4526 et
619 4468 768 4540 allegavit
791 4469 881 4542 gravi
904 4483 976 4526 cum
999 4465 1127 4541 querela
1150 4480 1186 4524 eo
1211 4465 1324 4524 modo:
1355 4466 1439 4540 quod
1475 4467 1549 4524 licet
1578 4468 1645 4541 ipse

379 4589 479 4648 nuper
515 4575 546 4634 in
581 4575 740 4649 presencia
773 4574 965 4632 honorabilis
1007 4573 1068 4631 viri
1103 4571 1221 4629 domini
1255 4571 1404 4647 Stephani
1436 4572 1645 4632 archidiaconi

379 4680 570 4741 kathedralis
594 4686 625 4742 et
648 4682 785 4740 canonici
816 4682 849 4740 in
872 4679 954 4738 dicta
977 4679 1106 4738 ecclesia
1129 4683 1234 4737 nostra
1257 4679 1457 4752 zagrabiensi,
1483 4680 1647 4738 venerabi·
1684 4715 1693 4732 .

379 4789 483 4864 lisque
513 4790 573 4848 viri
598 4788 716 4848 domini
750 4787 903 4846 Leonardi
936 4785 1090 4846 licenciati
1124 4785 1157 4844 in
1191 4785 1330 4858 decretis,
1363 4785 1471 4845 vicarii
1492 4787 1591 4845 nostri
1613 4787 1646 4845 in

379 4897 595 4971 spiritualibus
618 4896 772 4970 generalis
803 4893 1048 4964 locumtenentis,
1072 4893 1195 4951 racione
1227 4898 1257 4951 et
1292 4895 1451 4952 occasione
1483 4899 1593 4968 quarte
1614 4899 1645 4952 et

379 5003 607 5061 obvencionum
631 5018 684 5062 seu
707 5001 852 5061 canonice
876 5000 1032 5076 porcionis
1055 5003 1198 5076 pretextu
1223 4997 1410 5060 funeralium
1434 5005 1463 5060 et
1480 5005 1644 5060 testamen-
