3948 5804
738 534 811 591 Dec.
833 543 880 610 72.
906 567 947 577 --
972 531 1029 590 An.
1053 545 1142 610 1434
1533 549 1571 610 93

311 748 397 806 malo
428 747 499 807 freti
531 749 659 807 consilio
692 755 796 808 ortum
830 748 956 821 plebani
987 748 1114 806 ecclesie
1145 749 1241 807 sancti
1264 749 1396 808 Emerici
1428 749 1514 808 ducis
1545 759 1575 808 et

311 853 495 912 confessoris
517 859 587 912 ante
611 853 693 912 fores
717 853 798 912 dicte
822 853 950 912 ecclesie
965 855 1173 927 zagrabieusis
1192 859 1373 926 constructe,
1390 872 1428 913 ex
1443 860 1575 930 utraque

310 958 396 1019 fluvii
420 958 617 1034 Cyrlrwenylr
640 959 841 1032 adiacentem,
865 959 1020 1032 irruendo,
1044 960 1147 1018 caules
1170 965 1201 1018 et
1216 960 1294 1019 alias
1317 959 1520 1021 seminaturas
1543 963 1574 1020 in

311 1065 420 1124 eodem
444 1072 512 1125 orto
535 1067 700 1124 seminatas
724 1072 829 1124 contra
848 1065 1017 1139 legittimas
1034 1066 1264 1140 prohibiciones
1281 1067 1395 1126 nobilis
1409 1068 1470 1126 viri
1486 1068 1574 1127 Pauli

312 1172 486 1246 provisoris
509 1174 592 1231 curie
609 1173 795 1247 episcopalis
811 1172 1026 1246 zagrabiensis,
1050 1171 1214 1230 familiaris
1228 1154 1334 1244 nostri,
1350 1173 1482 1247 pedibus
1505 1189 1573 1233 con-

311 1279 427 1337 culcari
451 1283 480 1337 et
504 1278 628 1350 destrui,
653 1294 689 1337 ac
711 1285 827 1337 terram
851 1277 889 1336 de
912 1277 1022 1336 eodem
1046 1283 1115 1336 orto
1137 1277 1232 1336 effodi
1255 1287 1285 1336 et
1316 1277 1468 1352 quasdam
1491 1281 1574 1339 clau·

317 1400 405 1442 suras
429 1384 566 1443 eiusdem
590 1384 679 1443 iluvii
702 1384 880 1458 Cyrhuenik
911 1385 1031 1443 obstrui
1062 1383 1212 1457 fecissent,
1243 1385 1438 1460 eundemque
1471 1391 1574 1444 ortum

311 1505 370 1565 pro
393 1507 426 1548 se
449 1492 524 1565 ipsis
546 1492 649 1550 minus
672 1489 750 1566 juste
773 1497 802 1549 et
825 1490 961 1549 indebite
984 1497 1186 1565 occupassent
1208 1491 1350 1566 potencia
1373 1491 1527 1550 mediante
1543 1493 1574 1550 in

312 1596 519 1670 preiudicium
543 1595 619 1673 juris
643 1597 724 1656 dicte
747 1597 875 1656 ecclesie
898 1598 996 1656 sancti
1018 1597 1151 1655 Emerici
1174 1602 1205 1654 et
1224 1612 1281 1671 per
1300 1611 1488 1671 consequens
1504 1615 1573 1672 pre·

311 1704 499 1777 scriptorum
515 1702 714 1761 dominorum
730 1705 947 1761 canonicorum
963 1704 1037 1762 satis
1052 1702 1176 1777 grande,
1198 1719 1236 1761 ex
1259 1709 1346 1778 parte
1366 1717 1501 1778 quorum
1518 1721 1574 1778 per

311 1823 367 1866 uos
390 1809 419 1866 in
443 1810 603 1884 premissis
626 1807 777 1884 judicium
800 1815 830 1867 et
844 1807 1000 1885 justiciam
1017 1811 1175 1884 pecierunt
1192 1810 1354 1883 impertiri.
1380 1808 1451 1882 Quo
1467 1811 1572 1868 audito

313 1915 425 1989 prefati
448 1915 611 1998 Johannes,
635 1915 719 1974 filius
735 1916 889 1988 Perouicz,
912 1913 1015 1991 judex,
1040 1917 1203 1989 Anthonya
1218 1915 1348 1986 italicus,
1364 1915 1473 1974 Petrus
1488 1917 1572 1976 Hun-

311 2036 405 2096 garus
429 2027 459 2080 et
491 2020 665 2097 Stephanus
695 2023 773 2080 alias
801 2020 928 2098 judices,
959 2023 1034 2080 item
1067 2021 1248 2080 Benedictus
1278 2025 1386 2094 sartor,
1417 2023 1572 2083 Fabianus

313 2128 467 2186 litteratus
490 2144 526 2186 ac
548 2128 692 2198 Thomas,
717 2128 802 2187 filius
833 2128 931 2200 Chun,
955 2127 1109 2201 Georgius
1132 2134 1232 2186 sartor
1258 2135 1288 2186 et
1318 2129 1496 2187 Leouardus
1518 2130 1574 2187 ita·

313 2235 400 2305 licus,
423 2231 516 2310 jurati
541 2236 632 2308 cives,
663 2249 723 2310 pro
753 2251 785 2294 se
815 2236 899 2310 ipsis,
932 2241 964 2293 ut
993 2235 1193 2309 premittitur,
1223 2235 1429 2309 personaliter
1460 2241 1490 2293 et
1514 2250 1572 2312 pro

312 2341 381 2400 aliis
398 2341 544 2416 predictis
560 2343 681 2400 civibus
699 2357 770 2400 cunr
787 2341 951 2400 sufficienti
968 2341 1198 2416 procuracionis
1217 2340 1372 2412 mandato,
1388 2341 1419 2399 in
1436 2347 1573 2400 nostram

312 2453 495 2521 exurgentes
526 2449 719 2524 presenciam
749 2447 976 2522 responderunt
1005 2463 1044 2505 ex
1073 2447 1220 2506 adverso:
1252 2446 1336 2520 quod
1371 2447 1429 2506 hoc
1463 2463 1573 2506 verum

312 2559 400 2626 esset,
424 2554 507 2628 quod
531 2569 688 2630 unapars
718 2553 793 2614 dicti
815 2555 875 2612 orti
906 2569 924 2611 a
957 2561 1046 2628 parte
1076 2552 1244 2611 occidentis
1274 2552 1350 2611 dicti
1380 2552 1466 2612 fluvii
1497 2553 1573 2626 Cyr-

311 2659 435 2734 kuenylr
457 2660 599 2720 adiacens
621 2661 702 2720 intra
725 2667 823 2719 metas
847 2661 928 2718 dicte
951 2660 1084 2719 civitatis
1107 2660 1241 2718 habetur
1256 2664 1286 2717 et
1303 2660 1345 2718 ob
1361 2660 1420 2718 hoc
1443 2659 1573 2718 eandem

311 2771 435 2842 partem
458 2766 531 2826 dicti
555 2769 615 2826 orti
639 2783 701 2826 non
731 2767 834 2825 minus
866 2767 952 2840 iuste,
984 2765 1038 2824 sed
1070 2767 1114 2824 uti
1147 2781 1253 2824 eorum
1285 2763 1335 2842 jus
1364 2772 1572 2840 occupassent

311 2873 346 2932 In
369 2889 503 2949 quorum
526 2874 715 2932 contrarium
738 2871 851 2947 prelati
881 2872 1000 2932 domini
1023 2871 1161 2930 canonici
1191 2873 1258 2945 hoc,
1283 2871 1367 2946 quod
1389 2872 1456 2946 ipse
1487 2877 1573 2930 ortus

311 2981 438 3056 plebani
470 2980 598 3038 ecclesie
628 2979 725 3038 sancti
756 2979 889 3038 Emerici
918 2979 1004 3038 ducis
1035 2995 1073 3037 ex
1102 2985 1233 3053 utraque
1262 2983 1352 3053 parte
1382 2977 1456 3036 dicti
1486 2977 1573 3036 ssuvii

307 3085 494 3159 Cyrlrwenilr
517 3087 636 3145 adiacet
659 3091 689 3144 et
712 3086 813 3145 eidem
838 3086 965 3145 ecclesie
988 3085 1027 3144 de
1056 3084 1124 3162 jure
1154 3086 1309 3160 pertinere
1340 3084 1458 3154 debeat,
1489 3085 1573 3142 exhi·

306 3193 428 3252 bicione
451 3194 628 3252 litterarum
650 3193 961 3268 composicioualium
985 3192 1104 3268 pretate
1128 3192 1262 3251 civitatis
1285 3192 1343 3249 sub
1366 3191 1470 3263 sigillo
1500 3206 1572 3265 pro-

308 3299 378 3372 prio
401 3299 481 3358 dicte
505 3301 647 3373 civitatis,
671 3300 721 3358 die
752 3300 908 3359 dominico
943 3301 1087 3374 proximo
1119 3303 1190 3374 post
1221 3297 1333 3356 festum
1366 3297 1572 3371 apparicionis

307 3405 390 3462 beati
411 3405 571 3463 Michaelis
594 3405 773 3479 archangeli
795 3421 875 3464 auno
899 3405 1017 3463 domini
1041 3404 1211 3462 millesimo
1234 3403 1448 3461 trecentesimo
1478 3417 1571 3460 nona·

243 3504 250 3529 '¹
308 3512 428 3584 gesimo
468 3512 602 3570 secundo
638 3513 876 3586 privilegialiter
917 3517 1129 3570 emanatarum
1164 3508 1326 3567 manifeste
1357 3508 1572 3578 declarabant;

307 3617 401 3676 iidem
424 3615 519 3694 judex
543 3624 572 3676 et
596 3619 679 3676 cives
704 3619 802 3677 tenori
826 3629 856 3676 et
880 3617 980 3676 forme
996 3617 1148 3675 dictarum
1172 3616 1347 3673 litterarum
1370 3616 1572 3690 composicio-

308 3725 428 3782 ualium
452 3726 483 3782 in
507 3725 596 3783 nullo
619 3725 744 3784 obicere
767 3731 796 3782 et
820 3724 1029 3783 contradicere
1053 3724 1224 3781 valuerunt.
1248 3721 1499 3796 Quibusquidem
1522 3721 1572 3779 lit·

307 3831 380 3889 teris
403 3831 549 3889 exhibitis
573 3831 690 3890 eisdem
716 3832 858 3905 partibus
882 3832 912 3888 in
936 3830 1096 3904 premissis
1119 3845 1176 3903 per
1197 3843 1253 3887 nos
1269 3825 1419 3904 judicium
1435 3833 1464 3886 et
1486 3824 1573 3903 justi·

309 3937 389 3995 ciam
413 3938 567 4012 impertiri
590 3937 827 4011 postulantibus,
858 3937 1002 4010 quamvis
1031 3934 1145 4009 prefati
1178 3935 1261 3992 cives
1291 3933 1419 3992 eandem
1451 3939 1571 4008 partem

308 4042 380 4101 dicti
404 4044 464 4101 orti
482 4059 498 4100 a
523 4042 604 4102 dicta
620 4043 714 4117 plaga
738 4043 905 4101 occidentis
920 4042 1110 4100 adiacentem
1127 4056 1185 4116 pro
1201 4057 1233 4099 se
1248 4041 1324 4115 ipsis
1343 4040 1571 4112 occupaverint,

307 4155 411 4208 tamen
443 4149 525 4207 dicta
554 4165 628 4224 pars
660 4147 799 4208 eiusdem
828 4150 888 4208 orti
920 4165 958 4207 ex
988 4149 1102 4206 virtute
1132 4148 1303 4222 prescripte
1334 4139 1572 4220 composicionis

307 4260 449 4313 annotate
473 4255 601 4313 ecclesie
624 4244 720 4313 s'ancti
742 4254 876 4313 Emerici
899 4253 986 4312 ducis
1009 4251 1048 4310 de
1070 4251 1137 4328 jure
1162 4252 1314 4326 pertinere
1336 4250 1458 4323 debere,
1481 4252 1571 4310 nobis

306 4368 336 4419 et
366 4361 526 4419 nobilibus
548 4361 635 4434 regni
658 4361 822 4419 nobiscum
845 4361 875 4418 iu
906 4359 978 4418 sede
1009 4358 1170 4436 judiciaria
1201 4357 1378 4416 sedentibus
1408 4358 1571 4432 perspicue

307 4467 540 4540 agnoscebatur,
563 4482 622 4541 pro
653 4483 689 4525 eo
720 4482 776 4525 nos
806 4467 987 4525 auctoritate
1018 4465 1190 4540 imperialis
1221 4465 1389 4523 maiestatis
1425 4469 1454 4522 et
1484 4465 1571 4538 regni

306 4575 464 4647 Hungarie
496 4574 578 4648 regis
609 4575 699 4632 nobis
729 4575 760 4631 in
791 4575 849 4632 hac
879 4577 967 4648 parte
998 4573 1155 4643 attributa,
1186 4571 1389 4645 nolentesque
1416 4571 1570 4630 dictorum

305 4678 424 4755 judicis,
447 4677 621 4755 juratorum
645 4686 675 4738 et
697 4685 871 4738 ceterorum
895 4671 1011 4737 civium
1027 4678 1107 4736 dicte
1124 4679 1256 4736 civitatis
1280 4679 1393 4736 montis
1409 4675 1570 4736 Grecensis

306 4784 486 4843 huiusmodi
508 4791 595 4844 actus
617 4785 864 4860 potencionarios
887 4785 1071 4859 simpliciter
1094 4790 1124 4843 ct
1156 4785 1283 4858 impune
1313 4783 1508 4858 pertransire,
1532 4799 1569 4840 ne

305 4891 360 4948 alii
382 4891 423 4948 ab
446 4889 522 4965 ipsis
554 4891 724 4966 exemplati
754 4891 794 4949 ad
824 4891 939 4949 similia
972 4889 1051 4948 iacta
1084 4890 1312 4964 potencionaria
1346 4906 1379 4946 se
1412 4904 1569 4964 apponere

306 5002 522 5072 presummant
544 4997 598 5056 sed
633 4999 741 5072 pocius
772 4999 914 5072 ipsorum
943 4997 1063 5072 penalis
1103 4997 1251 5056 contricio
1280 4995 1350 5054 aliis
1374 5000 1509 5054 transeat
1537 4996 1569 5054 in
