3932 5806
712 546 785 604 Dec.
809 555 877 620 225.
904 575 942 586 -—
967 540 1138 623 Art1462.
1483 548 1543 622 ³83

281 648 418 657 ——-

278 761 396 820 multos
418 777 539 820 errores
570 767 599 819 et
631 761 767 820 defectus
790 766 858 820 tum
880 760 912 820 in
935 760 1013 832 aliis,
1037 765 1105 818 tum
1128 762 1293 835 presertim
1316 761 1348 819 in
1371 761 1544 820 collacione

194 883 196 886 ·
279 867 502 926 beneficiorum
524 868 635 926 inilia
658 868 787 927 ecclesia
803 868 964 940 committi,
989 883 1025 926 ea
1048 869 1147 927 eciam
1170 867 1209 926 de
1232 883 1332 939 causa,
1349 868 1434 942 quod
1451 868 1542 926 nobis

279 990 420 1048 percos,
445 975 498 1047 qui
522 975 757 1048 impetraverint
780 987 985 1048 personarum
1009 973 1212 1046 condiciones,
1235 975 1278 1033 ita
1300 980 1335 1033 ut
1350 974 1418 1046 sint,
1435 975 1539 1048 sepius

279 1095 341 1139 non
363 1080 570 1152 notificantur,
594 1097 632 1139 ex
655 1096 717 1154 quo
741 1080 918 1153 frequenter
937 1081 1094 1153 contingit,
1111 1081 1241 1140 minime
1256 1079 1383 1139 idoneos
1399 1085 1429 1138 et
1448 1080 1539 1154 plane

278 1187 421 1260 indiguos
453 1188 641 1262 promoveri.
676 1187 797 1260 Quibus
833 1185 987 1245 scandalis
1018 1191 1049 1245 et
1078 1187 1314 1246 enormitatibus
1346 1201 1404 1261 pro
1435 1186 1542 1244 debito

277 1297 381 1350 nostro
405 1291 571 1366 providere
594 1298 623 1350 et
646 1307 791 1350 occurere
815 1292 962 1364 volentes,
985 1306 1110 1352 omnem
1126 1293 1341 1352 auctoritatem
1358 1290 1542 1368 jurispatro-

274 1406 365 1458 natus
387 1401 485 1457 nostri
507 1400 593 1472 regii,
617 1397 701 1472 quod
724 1399 803 1457 sicut
825 1401 857 1457 in
880 1399 1025 1458 omnibus
1056 1399 1124 1458 aliis
1154 1399 1292 1458 ecclesiis
1323 1399 1410 1472 regni
1439 1398 1538 1456 nostri

276 1504 512 1564 kathedralibus
534 1505 699 1580 presertim
720 1509 751 1563 et
773 1505 957 1586 collegiatis,
978 1506 1021 1563 ita
1044 1506 1076 1563 in
1099 1506 1167 1579 ipsa
1190 1505 1320 1563 ecclesia
1342 1505 1542 1578 zagrabiensi,

277 1626 365 1671 more
388 1611 535 1670 divorum
559 1611 812 1685 predecessorum
836 1616 1014 1670 nostrorum
1036 1625 1147 1683 regum
1170 1611 1336 1684 Hungarie,
1361 1611 1477 1668 habere
1496 1609 1541 1668 di·

276 1718 441 1788 noscimur,
465 1716 553 1776 fideli
574 1716 680 1776 nostro
703 1716 826 1788 dilecto,
849 1717 1021 1776 reverendo
1043 1717 1075 1776 in
1099 1716 1223 1775 Christo
1240 1717 1329 1791 patri,
1346 1717 1465 1775 domini
1487 1717 1539 1799 Jo-

275 1823 370 1882 hanni
393 1823 540 1898 episcopo
572 1823 700 1882 ecclesie
730 1821 931 1882 waradiensis
961 1825 1004 1882 ita
1036 1822 1178 1882 dedimus
1199 1829 1228 1882 et
1251 1824 1466 1896 concessimus,
1489 1822 1543 1882 da·

275 1943 410 2002 musque
442 1935 472 1986 et
495 1928 701 2001 concedimus,
731 1935 766 1988 ut
788 1929 856 2002 ipse
879 1943 986 1988 omnes
1009 1929 1182 2002 dignitates,
1206 1935 1387 2004 personatus
1409 1944 1445 1987 ac
1469 1945 1543 2003 que·

277 2049 410 2108 cumque
442 2034 550 2094 officia
577 2040 607 2093 et
637 2034 787 2094 beneficia
820 2035 1027 2094 ecclesiastica
1057 2035 1172 2094 amodo
1199 2035 1344 2110 deinceps
1367 2035 1398 2094 in
1420 2033 1542 2110 prefata

277 2141 408 2200 ecclesia
438 2142 638 2215 zagrabiensi,
669 2141 939 2215 qualitercumque
970 2142 1008 2200 de
1037 2140 1106 2218 jure
1136 2148 1166 2200 et
1189 2142 1271 2200 iacto
1295 2147 1449 2212 vacatura,
1473 2157 1542 2215 per-

278 2247 361 2306 sonis
392 2247 511 2307 idoneis
541 2257 571 2306 et
602 2248 801 2307 benemeritis
833 2247 972 2308 conferre
995 2253 1025 2307 et
1048 2247 1086 2307 de
1109 2249 1227 2308 eisdem
1250 2247 1417 2322 providere
1439 2247 1542 2306 valeat

276 2357 369 2427 atque
400 2354 499 2429 possit
529 2353 623 2428 pleno
652 2351 728 2430 jure.
757 2353 831 2413 Ideo
862 2354 1006 2414 fidelitati
1036 2361 1137 2414 vestre
1169 2356 1280 2414 harum
1309 2354 1388 2413 serie
1410 2354 1543 2412 firmiter

276 2459 468 2534 precipimus
492 2465 522 2518 et
544 2460 737 2532 mandamus,
762 2465 911 2534 quatenus
934 2461 1048 2520 amodo
1071 2463 1213 2520 inantea
1236 2462 1308 2520 illos
1325 2459 1541 2518 tantummodo

275 2564 315 2623 ad
338 2565 510 2639 dignitates,
535 2572 724 2641 personatus,
748 2566 850 2626 officia
873 2573 903 2626 et
925 2567 1074 2627 beneficia
1097 2568 1302 2626 ecclesiastica
1326 2571 1472 2625 vacatura
1488 2565 1542 2624 ad·

275 2672 398 2731 mittere
420 2678 450 2730 et
472 2673 504 2731 in
526 2673 622 2731 vestri
645 2673 784 2732 medium
807 2680 985 2749 accceptare
1016 2675 1154 2734 debeatis
1177 2679 1207 2732 et
1228 2673 1403 2741 teneamini,
1427 2673 1541 2746 quibus

276 2777 457 2837 huiusmodi
481 2778 655 2852 dignitates,
679 2786 871 2854 personatus,
896 2780 999 2839 officia
1022 2787 1052 2840 et
1074 2779 1224 2839 beneficia
1247 2779 1453 2838 ecclesiastica
1470 2794 1541 2853 pre·

274 2883 356 2942 istus
379 2883 524 2943 dominus
544 2885 699 2968 Johaunes
722 2887 887 2961 episcopus
910 2887 1083 2959 contulerit,
1106 2887 1176 2944 aliis
1199 2901 1469 2960 quorumcumque
1490 2885 1541 2943 lit·

275 2991 348 3049 teris
370 2995 400 3049 et
422 2991 576 3050 mandatis
600 2993 728 3050 minime
752 2994 873 3052 curatis.
897 2992 961 3051 Nos
984 2993 1068 3053 enim
1083 3007 1141 3067 pro
1157 2993 1244 3051 irrito
1260 2993 1369 3050 haberi
1384 2991 1540 3064 volumus,

274 3097 301 3154 si
324 3095 399 3170 quid
422 3097 602 3156 huiusmodi
624 3098 762 3157 mandati
783 3101 882 3158 nostri
912 3101 944 3158 in
967 3104 1180 3174 contemptum
1203 3098 1296 3157 fuerit
1318 3097 1540 3172 quoquomodo

263 3201 405 3267 ¹forsitan
430 3207 660 3278 attemptatum.
684 3203 778 3264 Secus
801 3206 896 3279 igitur
919 3221 981 3264 non
1004 3205 1123 3264 facturi.
1158 3204 1355 3263 Presentibus
1385 3203 1540 3278 perlectis,

275 3308 433 3368 exhibenti
455 3311 613 3370 restitutis.
646 3312 764 3370 Datum
786 3312 872 3372 Bude
903 3312 980 3371 feria
1010 3311 1144 3371 secunda
1166 3311 1311 3385 proxima
1333 3314 1403 3368 ante
1426 3308 1540 3367 festum

275 3415 470 3474 Ascensionis
499 3417 624 3476 domini.
657 3419 746 3476 Auno
771 3419 909 3478 eiusdem
933 3419 1103 3478 millesimo
1127 3416 1431 3491 quadringentesimo
1454 3430 1541 3474 sexa·

273 3523 392 3594 gesimo
415 3523 557 3582 secundo.

379 3659 458 3708 Liber
477 3658 571 3708 rubeus
590 3676 645 3708 ven.
666 3659 774 3725 capituli
793 3661 853 3712 eccl.
882 3662 1063 3726 zagrabiensis.
1083 3663 1114 3710 In
1133 3661 1228 3712 archiv.
1257 3660 1320 3710 incl.
1339 3661 1424 3712 Acad.
1450 3660 1531 3710 scient

274 3745 342 3798 Slav.
362 3748 450 3798 merid.

862 3927 945 3992 225.

379 4013 459 4062 Anno
482 4013 556 4076 1462,
577 4026 618 4076 30.
638 4014 707 4064 maii.
728 4015 825 4064 Budae.

273 4121 302 4177 A
324 4121 455 4194 Mathia,
478 4124 636 4198 Hungarz'e
658 4131 708 4184 etc.
740 4143 814 4198 rege,
845 4125 888 4181 ad
905 4144 926 4186 s.
951 4125 1073 4183 Mcolai
1093 4123 1156 4183 ord,
1178 4127 1419 4184 Praede'catomm
1441 4146 1538 4185 mona-

272 4228 390 4285 sterium
413 4230 599 4302 zagrabiensc
621 4231 804 4304 reficiendum
828 4232 980 4304 vectigalia
1003 4233 1078 4305 regii
1098 4232 1170 4289 vadi
1190 4233 1221 4289 in
1245 4231 1325 4290 Savo
1339 4233 1464 4308 flumine
1480 4242 1538 4312 per

701 4337 827 4412 quinque
848 4355 940 4394 annos
962 4337 1108 4396 ceduntur.

377 4479 508 4539 Mathias
531 4480 581 4540 dei
604 4483 707 4555 gracia
730 4499 785 4541 rex
812 4483 980 4557 Hungarie,
1011 4483 1181 4556 Dalmacie,
1209 4483 1335 4543 Croacie
1364 4491 1420 4544 etc.
1450 4485 1538 4544 Fide·

275 4583 360 4643 libus
380 4587 497 4645 nostris
527 4589 666 4662 capitulo
696 4589 823 4648 ecclesie
845 4591 1054 4662 zagrabiensis
1077 4591 1210 4648 salutem
1233 4594 1263 4648 et
1286 4592 1432 4663 graciam.
1456 4591 1536 4649 Cum

268 4706 325 4749 nos
345 4696 413 4750 turn
436 4692 476 4750 ad
495 4695 718 4753 nonnullorum
738 4695 880 4754 fidelium
902 4703 1080 4755 nostrorum
1093 4696 1271 4755 humillime
1294 4697 1536 4778 supplicacionis

269 4798 453 4856 instanciam
476 4816 533 4874 per
557 4816 609 4859 eos
632 4817 690 4877 pro
714 4808 803 4876 parte
826 4801 928 4860 fidelis
950 4803 1048 4862 nostri
1072 4801 1210 4876 religiosi
1241 4803 1348 4861 fratris
1378 4805 1534 4862 Eustachii

268 4903 383 4977 prioris
398 4904 526 4964 claustri
545 4907 629 4966 beati
646 4907 765 4966 Nicolai
782 4908 974 4980 confessoris,
992 4907 1108 4966 ordinis
1125 4907 1366 4981 predicatorum,
1384 4909 1534 4982 Zagrabie

269 5007 402 5084 fundati,
425 5026 461 5085 ac
485 5013 702 5084 universorum
726 5014 860 5074 aliorum
877 5014 1010 5074 fratrum
1027 5015 1058 5073 in
1074 5013 1183 5075 eodem
1201 5015 1337 5075 claustro
1354 5015 1537 5090 degencium
