3764 5924
355 563 416 618 5¹0
769 547 842 607 Boc.
859 542 936 623 387.
961 580 1005 590 —
1028 547 1084 605 An.
1107 559 1199 624 1497.

353 763 407 838 stit
429 767 459 821 et
490 777 589 835 usque
619 764 650 821 iu
680 763 737 820 hec
768 767 909 835 tempora
939 777 1064 835 semper
1085 763 1203 844 tributa
1225 765 1292 824 sive
1313 765 1450 826 thelonia
1465 765 1502 830 ¹in
1523 765 1624 840 perti-

352 869 468 926 nenciis
480 869 676 943 episcopatus
689 868 736 926 sui
752 868 834 940 exigi
850 867 949 938 solita,
973 869 1154 941 persolvere
1176 871 1293 928 astricti
1318 869 1448 943 fueritis,
1466 869 1620 944 idemque

352 973 497 1032 domiuus
519 975 683 1047 episcopus
706 989 830 1048 semper
845 975 877 1032 iu
900 973 1029 1048 pacifica
1052 976 1244 1049 possessione
1261 977 1474 1050 percepcionis
1497 977 1618 1036 eiusce·

352 1079 437 1136 modi
461 1079 569 1138 tributi
597 1077 702 1150 suerit;
735 1084 838 1136 tamen
860 1095 948 1151 nunc,
973 1081 1108 1138 nescitur
1131 1082 1245 1155 quibus
1276 1082 1477 1155 respectibus,
1500 1081 1620 1140 soluci-

351 1199 442 1243 onem
467 1184 646 1242 huiusmodi
666 1185 854 1244 tributorum
876 1183 978 1245 facere
993 1187 1175 1244 recusaretis
1197 1187 1229 1246 iu
1252 1187 1460 1261 preiudicium
1483 1193 1514 1244 et
1529 1186 1623 1246 dam·

352 1306 449 1366 pnum
481 1289 619 1348 eiusdem
655 1289 773 1348 domini
809 1290 956 1364 episcopi,
990 1297 1277 1366 consequenterque
1306 1291 1388 1354 dicte
1411 1293 1540 1352 ecclesie
1563 1308 1622 1352 sue

350 1396 444 1454 valde
468 1411 614 1469 maguum
638 1411 673 1454 ac
694 1395 838 1472 injuriam
856 1395 1060 1457 manifestam.
1083 1396 1164 1456 Cum
1188 1405 1293 1462 autem
1316 1413 1373 1457 nos
1389 1400 1478 1458 sicuti
1501 1403 1621 1457 ceteras

351 1503 495 1562 ecclesias
519 1503 569 1561 dei
592 1503 624 1561 in
646 1504 705 1564 hoc
728 1518 823 1576 reguo
839 1510 945 1561 nostro
961 1502 1114 1576 fundatas,
1138 1505 1182 1563 sic
1205 1507 1302 1564 eciam
1328 1506 1430 1580 ipsam
1453 1504 1620 1562 ecclesiam

350 1609 593 1682 zagrabiensem,
614 1619 895 1683 consequenterque
919 1611 1171 1682 prenominatum
1194 1611 1355 1670 dominum
1380 1611 1564 1684 episcopum
1583 1611 1618 1668 iu

350 1715 413 1774 suis
436 1715 570 1788 antiquis
594 1715 791 1774 libertatibus
815 1722 845 1772 et
861 1716 1067 1790 prerogativis
1090 1724 1183 1790 atque
1206 1717 1390 1790 approbatis
1412 1716 1617 1775 consvetudi·

351 1820 443 1878 nibus
467 1836 505 1880 ex
528 1820 634 1878 debito
657 1821 817 1894 regiminis
840 1821 940 1881 nostri
964 1822 1086 1880 illibate
1110 1836 1294 1880 conservare
1318 1829 1487 1893 teneamur,
1511 1821 1620 1880 fideli-

352 1927 409 1986 tati
439 1926 534 1998 igitur
564 1934 666 1984 vestre
693 1927 805 1984 harum
837 1931 915 1988 serie
946 1926 1125 1986 firmissime
1149 1928 1340 2002 precipimus
1363 1937 1394 1986 et
1416 1928 1619 2000 mandamus,

349 2037 500 2106 quatenus
540 2033 673 2106 acceptis
707 2033 901 2106 presentibus
935 2033 1049 2092 amodo
1080 2033 1225 2108 deinceps
1262 2034 1451 2094 eiuscemodi
1497 2035 1621 2094 tributa

349 2154 403 2198 seu
428 2139 563 2196 thelonia
586 2137 705 2212 prefate
729 2139 858 2196 ecclesie
880 2147 910 2198 et
943 2155 999 2212 per
1022 2154 1211 2213 consequens
1235 2140 1294 2214 ipsi
1318 2140 1447 2198 domino
1468 2141 1620 2214 episcopo

351 2246 441 2302 sicuti
475 2253 571 2316 antea,
607 2244 708 2302 modis
742 2245 887 2302 omnibus
910 2245 1035 2303 solvere
1057 2245 1196 2304 debeatis
1217 2253 1248 2304 et
1272 2247 1462 2316 teneamiui;‚
1482 2246 1566 2319 quod
1590 2247 1620 2304 si

351 2350 428 2426 quid
452 2351 607 2409 libertatis
641 2365 694 2408 seu
725 2351 936 2424 exempcionis
959 2365 1054 2426 super
1076 2367 1143 2411 uon,
1168 2354 1328 2413 solucione
1351 2353 1493 2426 ipsorum
1516 2352 1618 2420 tribu-

350 2463 455 2516 torum
489 2471 544 2514 vos
583 2458 698 2516 habere
721 2458 861 2531 speratis,
896 2473 934 2514 ex
958 2473 1020 2530 quo
1044 2459 1204 2533 hucusque
1227 2473 1387 2532 nunquam
1419 2458 1452 2516 in
1482 2456 1615 2532 pacifica

349 2563 540 2637 possessione
563 2578 624 2621 non
648 2563 847 2637 persolvendi
873 2563 967 2622 fuisse
984 2565 1202 2637 perhibemini,
1225 2565 1257 2623 id
1281 2563 1410 2640 dejure
1434 2570 1464 2621 et
1487 2577 1617 2621 consve-

350 2669 456 2727 tudine
488 2670 576 2742 regni
611 2671 710 2728 nostri
743 2671 774 2726 in
809 2671 927 2727 octavis
958 2671 1197 2744 persequamini,
1220 2669 1352 2746 juraque
1375 2675 1477 2728 vestra
1498 2667 1619 2742 produ·

349 2777 425 2834 catis
449 2781 478 2833 et
501 2790 557 2832 vos
575 2776 674 2848 parati
699 2767 817 2854 (eritis)
844 2776 935 2833 vobis
968 2774 1119 2850 judicium
1135 2777 1352 2835 administrare
1368 2791 1404 2834 ac
1426 2774 1619 2834 eiuscemodi

347 2879 416 2958 jura
440 2886 470 2938 et
493 2882 658 2954 privilegia
681 2888 784 2940 vestra
804 2881 903 2940 facere
926 2881 1067 2941 revidere
1088 2889 1181 2957 atque
1207 2885 1240 2942 in
1262 2882 1380 2942 eisdem
1403 2883 1435 2941 iu
1459 2885 1615 2955 quantum

348 2988 404 3046 illa
428 2987 565 3062 pociora,
590 3003 685 3062 quam
709 2988 782 3046 dicti
806 2988 924 3046 domiui
954 2989 1094 3062 episcopi
1115 2987 1183 3064 jura
1206 2989 1329 3060 fuerint,
1353 2989 1450 3048 eciam
1472 2987 1616 3060 graciose

349 3093 450 3152 facere
473 3108 665 3164 conservare,
690 3095 813 3152 interim
844 3100 955 3166 tamen,
979 3101 1013 3152 ut
1035 3096 1246 3168 premisimus,
1269 3095 1360 3160 sicuti
1382 3095 1542 3167 hucusque
1565 3094 1613 3152 ita

349 3203 447 3259 eciam
482 3200 627 3274 deinceps
659 3200 775 3258 tributa
810 3201 878 3274 ipsa
911 3200 993 3259 dicto
1025 3200 1152 3260 domino
1175 3201 1403 3276 episcoposiue
1426 3199 1616 3258 difficultate

350 3308 454 3381 aliqua
479 3307 617 3381 plenarie
641 3307 821 3380 persolvere
845 3306 984 3364 debeatis
1007 3312 1040 3364 et'
1059 3307 1144 3365 aliud
1167 3308 1256 3366 nulla
1279 3307 1402 3364 racione
1425 3305 1527 3364 facere
1542 3322 1615 3380 pre-

348 3414 487 3471 sumatis.
510 3412 707 3471 Preseutibus
731 3413 885 3487 perlectis,
905 3413 1063 3470 exhibenti
1079 3414 1235 3472 restitutis.
1252 3413 1368 3470 Datum
1385 3412 1470 3470 Bude
1485 3412 1517 3471 in
1533 3411 1615 3472 festo

349 3520 438 3578 beate
461 3518 596 3578 Barbare
619 3519 750 3592 virginis
773 3526 803 3576 et
833 3519 979 3576 martiris.
1016 3520 1106 3576 Auno
1130 3519 1249 3578 domiui
1272 3519 1442 3586 millesimo
1466 3517 1614 3592 quadrin-

348 3626 520 3698 gentesimo
542 3626 743 3698 nonagesimo
767 3630 861 3684 sexto.

744 3749 854 3802 Relaciu
873 3751 1027 3802 venerabilis
1047 3753 1154 3817 Georgii
1173 3751 1299 3818 prepositi
1318 3752 1399 3802 sancti
1419 3750 1522 3800 Nicolai
1542 3751 1575 3799 de

1080 3860 1161 3917 Alba,
1181 3861 1313 3910 secretarii
1329 3859 1399 3923 regie
1424 3859 1574 3910 maiestatis.

453 3985 586 4048 Originale
610 3985 638 4033 iu
662 3985 757 4036 charta.
783 3985 815 4033 Iu
840 3984 954 4048 margine
972 3981 1089 4032 inferiori
1102 3981 1256 4045 impressum
1278 3986 1317 4026 est
1346 3977 1468 4041 sigillum.
1488 3980 1521 4028 In
1539 3979 1603 4027 arch

347 4075 426 4139 episc.
444 4074 544 4138 zagrab.
564 4072 740 4137 Privilegialia
758 4074 818 4124 fasc.
840 4084 863 4124 2.
882 4088 919 4124 ur.
939 4073 981 4134 48.

934 4248 1017 4316 38⁷.

453 4365 534 4414 Auno
555 4376 630 4428 1497,
650 4365 692 4416 28.
711 4362 832 4416 octobris.

358 4437 531 4510 Vladislaus,
562 4438 737 4513 Huugariae
772 4445 818 4496 etc.
842 4453 904 4506 rex,
938 4433 1136 4493 communitati
1167 4434 1291 4491 civitatis
1325 4435 1428 4490 montis
1458 4431 1612 4490 Grecensis

339 4546 493 4623 prevectpil¹
528 4553 564 4604 ut
588 4545 706 4604 resistat
725 4543 865 4619 Jolrunm'
903 4540 1029 4600 Corvino
1060 4540 1134 4611 duci,
1163 4540 1193 4596 si
1211 4547 1339 4614 cupream,
1361 4538 1443 4613 quod
1459 4537 1611 4612 lohannes

417 4652 514 4712 Turro
537 4651 654 4710 Senium
668 4658 727 4724 per
750 4649 927 4723 Zagrubiam
949 4648 1058 4706 mittere
1079 4643 1225 4721 cogitavit,
1249 4645 1374 4702 ademere
1396 4645 1525 4705 voluerii.

1060 4785 1201 4835 Commisio
1219 4785 1324 4852 propria
1342 4782 1441 4835 domiui
1459 4783 1536 4848 regis.

454 4887 645 4980 Wladislaus
676 4919 725 4977 dei
748 4918 851 4992 gracia
874 4933 930 4975 rex
954 4916 1111 4990 Huugarie
1135 4923 1164 4974 et
1187 4915 1333 4974 Bohemie
1357 4921 1412 4972 etc.
1436 4911 1606 4972 Prudentes

347 5037 378 5088 et
401 5028 624 5104 circumspecti,
648 5026 756 5086 fideles
785 5025 876 5084 uobis
899 5023 1013 5086 dilecti.
1029 5022 1243 5088 intelleximus
1266 5036 1305 5080 ex
1327 5019 1481 5080 relacione
1504 5017 1607 5081 fidelis
