3828 5822
621 513 695 573 Doc.
714 525 787 589 313.
811 545 853 554 -
877 511 934 568 An.
957 503 1048 586 1478.
1401 520 1462 583 393

202 621 348 631 ——....-—

200 729 388 802 huiusmodi,
420 727 459 788 de
488 727 619 788 articulo
653 726 693 786 ad
727 726 904 800 articulum,
938 721 1204 800 quemadmodum
1235 736 1340 780 coram
1370 720 1464 780 maie·

201 843 278 897 state
300 843 406 896 nostra
434 833 595 910 proposite
625 839 704 906 sunt,
737 832 880 892 revidere
911 838 951 890 et.
974 832 1055 889 iusto
1089 829 1165 886 iuris
1198 826 1306 886 ordine
1329 825 1465 886 diffinire

202 943 348 1014 debeatis,
371 942 518 1002 facientes
541 955 584 1012 ea,
601 955 662 1014 que
677 938 841 1000 iudicando
865 937 1072 1008 decreveritis,
1087 949 1144 1009 per
1160 938 1264 1009 partes
1286 933 1370 1008 ipsas
1393 948 1467 993 cum

202 1050 348 1110 omnihus
383 1049 528 1108 oneribus
559 1053 589 1106 et
621 1045 858 1122 gravaminibus
892 1044 1024 1104 firmiter
1051 1041 1213 1101 observari
1239 1047 1343 1100 nostre
1370 1040 1466 1098 maie·

202 1156 288 1215 statis
303 1156 335 1216 in
351 1171 483 1230 persona
500 1159 530 1214 et
556 1153 745 1226 auctoritate,
772 1151 968 1228 presentibus
999 1149 1089 1208 vobis
1119 1149 1151 1208 in
1181 1149 1240 1206 hac
1270 1151 1358 1224 parte
1381 1147 1466 1204 attri-

202 1263 278 1320 buta
306 1267 336 1320 et
350 1261 471 1320 iusticia
503 1259 666 1318 mediante.
699 1257 794 1317 Secus
828 1273 890 1316 non
923 1255 1042 1316 facturi.
1077 1255 1274 1314 Presentihus
1309 1252 1463 1328 perlectis,

204 1369 362 1436 exhibenti
384 1367 540 1426 restitutis.
574 1367 691 1426 Datum
711 1364 796 1423 Bude
820 1362 953 1424 infesto
977 1363 1060 1420 beati
1083 1361 1249 1420 Adalberti
1271 1359 1410 1435 episcopi
1433 1362 1464 1416 et

202 1451 459 1534 martirisshnno
490 1473 609 1532 domini
638 1471 808 1531 millesimo
837 1469 1140 1546 quadringentesimo
1163 1455 1392 1542 septuagesimo
1416 1480 1467 1543 ⁰⁰7

201 1586 282 1639 tavo.
303 1581 483 1652 Regnorum
513 1584 691 1638 nostrorum
721 1577 879 1652 Hungarie
906 1582 963 1635 etc.
995 1589 1076 1634 anno
1100 1574 1250 1648 vigesimo
1272 1573 1386 1648 primo,
1408 1569 1465 1628 Bo·

123 1680 129 1692 “
204 1686 306 1746 hemie
329 1701 404 1744 vero
427 1699 517 1744 nono.

988 1781 1099 1831 Rclacio
1117 1780 1215 1830 domini
1234 1779 1394 1830 thesaurarii.

264 1933 266 1938 Ι
308 1961 442 2026 Originale
460 1963 487 2010 in
506 1933 601 2012 charta.
618 1962 651 2009 In
669 1961 783 2026 margine
802 1959 918 2009 inferiori
936 1959 1090 2024 impressum
1108 1963 1147 2006 est
1165 1955 1288 2021 sigillum.
1307 1957 1340 2004 In
1349 1954 1469 2004 archivio

207 2051 252 2103 lib.
271 2067 324 2115 reg.
343 2051 413 2103 civit.
432 2049 534 2114 aagrnb.
1096 2041 1099 2048 '

790 2281 872 2346 313.

310 2424 390 2473 Anno
412 2423 486 2490 1478,
510 2434 548 2490 15.
566 2423 648 2488 Junii.
667 2422 764 2474 Budne.

204 2533 347 2606 Mattius,
378 2533 555 2606 Hungariae
585 2539 632 2592 etc.
663 2550 725 2602 rex,
757 2531 885 2600 omnibus
914 2538 1054 2589 taxarum
1086 2527 1259 2586 dictatoribus
1281 2532 1309 2583 et
1329 2523 1469 2582 contribu-

204 2641 312 2698 tionum
343 2621 523 2698 exacton'bus
552 2638 703 2708 thterdicit,
732 2655 767 2695 nc
797 2655 816 2701 a
839 2636 992 2712 fratribus
1022 2635 1132 2693 ordinm
1155 2633 1394 2692 Praedr'catorum
1418 2630 1469 2688 ἰή-

710 2743 807 2800 butum
829 2743 957 2817 exigant.

312 2889 376 2948 Nos
404 2890 535 2948 Matthias
569 2889 619 2947 dei
648 2889 752 2962 gracia
783 2904 838 2946 rex
870 2887 1037 2961 Hungarie‚
1069 2885 1216 2944 Bohemie
1239 2891 1294 2943 etc.
1319 2883 1469 2941 Memorie

206 2996 461 3055 commendamus
485 3001 590 3054 tenore
608 2994 804 3070 presencium
819 2993 1026 3067 significantes
1039 2993 1153 3067 quibus
1168 2991 1294 3065 expedit
1308 2989 1469 3048 universis.

205 3103 297 3177 Quod
320 3118 377 3161 nos
400 3109 563 3178 pensantes
585 3103 747 3161 honestam
771 3101 869 3159 vitam
893 3109 923 3160 et
946 3100 1148 3159 devocionem
1171 3099 1391 3171 religiosorum
1407 3095 1469 3154 fra·

206 3215 290 3267 trum
321 3209 573 3268 Praedicatorum
604 3208 723 3266 ordinis
753 3207 836 3265 beati
867 3207 1022 3265 Dominici
1054 3204 1238 3264 confessoris
1269 3205 1301 3262 in
1332 3202 1469 3261 claustro

205 3316 302 3373 sancti
325 3315 445 3373 Nicolai
468 3323 552 3373 extra
578 3329 684 3372 muros
707 3313 841 3372 civitatis
855 3319 960 3371 nostre
976 3312 1088 3370 montis
1105 3311 1266 3370 Grecensis
1282 3315 1467 3381 constructe,

208 3422 400 3494 degencium;
423 3422 538 3494 quibus
554 3437 592 3478 ex
605 3421 740 3494 suscepti
754 3421 853 3478 nostri
869 3420 1028 3492 regiminis
1043 3417 1149 3477 officio
1164 3419 1253 3476 sicuti
1270 3416 1340 3476 aliis
1355 3415 1469 3474 nostris

207 3528 339 3585 subditis
362 3527 394 3585 in
418 3541 527 3584 eorum
549 3527 783 3585 necessitatibus
806 3527 850 3584 sic
873 3542 936 3584 non
957 3525 1060 3583 minus
1084 3533 1114 3583 et
1136 3525 1212 3599 ipsis
1235 3513 1394 3594 fratribus,
1417 3539 1468 3582 eo·

205 3649 339 3707 rumque
359 3633 492 3692 comodo
516 3640 546 3691 et
569 3633 696 3692 utilitati
718 3648 897 3691 succurrere
920 3637 950 3690 et
972 3631 1138 3706 providere
1162 3630 1262 3705 parati
1293 3645 1417 3700 sumus;
1440 3635 1470 3688 et

205 3741 279 3798 licet
302 3740 509 3798 mediantibus
533 3739 644 3797 litteris
659 3740 773 3797 nostris
789 3739 1038 3813 privilegialihus
1055 3737 1165 3795 exinde
1181 3736 1336 3808 confectis,
1353 3735 1468 3794 eisdem

205 3847 238 3904 id
262 3853 291 3904 et
314 3847 381 3918 hoc,
405 3855 438 3904 ut
463 3847 524 3919 ipsi
547 3852 679 3920 propter
701 3851 820 3903 metum
843 3860 879 3902 ac
913 3846 1038 3902 crebros
1069 3844 1202 3902 insultus
1233 3851 1264 3902 et
1296 3843 1470 3901 invasiones

207 3953 390 4024 Turcorum,
421 3967 478 4026 per
509 3967 587 4025 quos
618 3967 636 4008 a
667 3951 835 4010 devocione
866 3965 974 4009 eorum
1004 3967 1079 4026 sepe
1113 3951 1217 4025 sepius
1249 3949 1470 4020 distrahuntur,

206 4060 324 4117 dictum
349 4073 474 4132 quoque
497 4073 606 4116 eorum
629 4059 852 4115 monasterium
873 4072 1031 4122 summam
1053 4058 1138 4116 venit
1168 4058 1200 4116 in
1232 4054 1470 4126 desolacionem,

205 4166 378 4223 claustrum
401 4179 518 4222 novum
542 4180 600 4237 pro
623 4179 731 4222 eorum
756 4165 968 4238 tranquilitate
992 4170 1021 4222 et
1044 4165 1258 4238 ampliacione,
1282 4165 1314 4222 in
1338 4179 1400 4236 quo
1424 4161 1470 4220 di·

205 4273 314 4330 vinum
337 4269 476 4329 officium
498 4272 601 4345 quiete
624 4248 927 4344 peragerevaleant,
950 4271 989 4328 de
1011 4271 1131 4329 duabus
1154 4271 1342 4329 sessionibus
1376 4284 1470 4344 penes

207 4377 322 4436 dictam
355 4377 509 4450 capellam
531 4355 631 4434 beate
666 4377 833 4435 Katherine
863 4377 944 4435 intra
967 4392 1074 4435 muros
1097 4377 1177 4436 dicte
1200 4377 1333 4435 civitatis
1357 4375 1471 4433 montis

207 4483 368 4542 Grecensis
402 4481 576 4540 adiacentes
608 4497 666 4555 pro
697 4497 806 4540 eorum
836 4483 1030 4542 habitacione
1062 4483 1102 4541 ad
1126 4484 1278 4541 maiorem
1301 4481 1471 4540 eorundem

206 4588 408 4646 devocionem
433 4587 627 4646 excitandam
651 4595 681 4646 et
710 4588 948 4646 continuandam
972 4590 1090 4661 erigere
1113 4590 1250 4661 graciose
1273 4588 1471 4646 annuerimus

206 4701 237 4753 et
259 4694 508 4753 concesserimus.
531 4694 650 4752 Tamen
671 4710 753 4752 nunc
775 4695 915 4752 volentes
948 4695 1065 4752 dictum
1089 4711 1205 4752 novum
1229 4695 1401 4752 claustrum
1424 4693 1471 4766 ip·

207 4815 314 4858 sorum
338 4799 517 4873 aliquarum
540 4800 720 4859 libertatum
745 4803 952 4874 prerogativis
975 4800 1087 4860 fulcire
1109 4807 1139 4859 et
1162 4801 1317 4872 decorare,
1340 4805 1408 4858 tum
1429 4799 1470 4858 ob

206 4923 294 4981 spem
308 4913 338 4965 et
350 4905 560 4978 devocionem,
574 4923 668 4979 quam
692 4922 765 4980 erga
781 4909 906 4966 beatam
922 4909 1122 4967 Katherinam
1137 4909 1292 4980 virginem
1307 4907 1469 4974 habemus,

207 5018 273 5072 tum
287 5013 386 5072 eciam
406 5014 626 5073 nonnullorum
643 5012 786 5072 fidelium
800 5020 979 5072 nostrorum
995 5015 1159 5073 humilime
1174 5013 1414 5089 supplicacionis
1426 5013 1469 5072 in·
