3948 5804
718 611 791 673 Doc.
816 607 870 670 88.
894 645 936 656 —
960 611 1015 670 An.
1040 623 1128 690 1435.
1495 625 1553 681 115

290 834 346 889 etc
358 829 598 904 quadragesimo
613 843 703 900 nono,
715 829 929 888 Romanorum
944 827 1097 901 vigesimo
1113 831 1209 900 sexto,
1227 826 1373 886 Bohemie
1389 824 1557 896 sedecimo,

289 936 414 1011 imperii
436 950 511 995 vero
533 936 638 995 tercio.
665 935 905 994 venerabilibus
928 935 960 994 in
982 932 1106 991 Christo
1140 933 1291 1007 patribus,
1326 932 1460 991 dominis
1496 931 1556 990 Ge·

275 1043 378 1116 ,orgio
400 1042 634 1117 archiepiscopo
651 1041 854 1116 strigoniensi,
871 1039 1025 1099 colocensi
1041 1037 1113 1096 sede
1128 1043 1266 1112 vocante,
1289 1039 1424 1112 Dwymo
1440 1037 1558 1098 archie-

291 1148 422 1223 piscopo
444 1147 622 1222 spalatensi,
644 1145 779 1223 jadrensi
801 1146 874 1207 sede
897 1149 1033 1218 vacante,
1065 1145 1156 1203 Petro
1179 1143 1218 1202 de
1248 1145 1382 1218 Rozgon,
1413 1145 1556 1217 agriensi,

291 1253 498 1313 waradinensi
528 1253 601 1312 sede
623 1259 761 1327 vacante,
796 1253 932 1327 Georgio
966 1252 1074 1328 Lapes,
1098 1251 1344 1324 transilvanensi,
1366 1250 1559 1324 zagrabiensi

292 1358 365 1418 sede
386 1365 525 1433 vacante,
548 1359 683 1419 Hemico
714 1358 1019 1434 quinquecclesiensi,
1049 1356 1174 1416 Simone
1197 1355 1235 1414 de
1258 1356 1411 1416 antedicta
1432 1357 1559 1430 Rozgon

291 1465 526 1539 wesprimiensi,
549 1465 710 1524 Clemente
733 1463 888 1542 jauriensi,
921 1465 1058 1524 vaciensi
1080 1463 1152 1523 sede
1182 1470 1320 1538 vacante,
1351 1463 1487 1538 Georgio
1513 1464 1559 1524 ni·

292 1571 407 1645 triensi,
431 1565 629 1631 chanadiensi
652 1570 725 1630 sede
748 1576 885 1645 vacante,
908 1570 1027 1655 Jacobo
1061 1571 1224 1642 sirmiensi,
1255 1571 1372 1654 Joseph
1402 1570 1557 1642 bosnensi,

293 1677 434 1761 Johanne
464 1678 602 1750 tiniensi,
632 1677 705 1737 Vito
737 1678 951 1750 corboniensi,
984 1677 1124 1760 Johanne
1154 1676 1193 1734 de
1222 1677 1366 1736 Dominis
1399 1675 1559 1750 segniensi,
1606 1685 1613 1703 ·

291 1784 494 1842 ecclesiarum
517 1784 680 1859 episcopis,
704 1784 848 1842 ecclesias
871 1782 921 1842 dei
943 1781 1074 1842 feliciter
1096 1783 1350 1856 gubernantibus,
1373 1782 1559 1856 sibinicensi,

294 1889 444 1962 novensi,
467 1889 693 1962 scardoniensi,
730 1889 934 1962 traguriensi,
969 1886 1156 1947 makariensi
1190 1894 1220 1948 et
1253 1889 1402 1964 pharensi
1433 1887 1560 1948 sedibus

293 1995 484 2055 vacantibus.
506 1997 584 2054 item
615 1995 789 2070 magnificis
822 1995 957 2054 Matbius
980 1994 1019 2052 <ie
1054 1993 1195 2054 Palowcz
1230 1996 1438 2071 prenominati
1472 1995 1561 2068 regni

293 2101 391 2161 nostri
413 2102 572 2176 Hungarie
595 2101 742 2176 palatino,
784 2103 897 2160 comite
931 2100 1088 2176 Stephano
1123 2101 1161 2160 de
1196 2101 1312 2161 Bathor
1346 2101 1448 2162 iudice
1475 2101 1560 2162 curie

291 2213 405 2281 nostre,
429 2207 574 2266 Ladislao
597 2207 636 2265 de
659 2207 765 2267 Chaak
787 2207 949 2281 waywoda
971 2213 1079 2267 nostro
1102 2208 1347 2281 transilvanensi,
1362 2209 1502 2293 Johanne
1530 2213 1560 2266 et

276 2293 454 2388 'stephano
476 2313 597 2387 Wegle,
619 2312 730 2388 Segnie
752 2320 781 2373 et
803 2313 965 2374 Modrusse
989 2315 1155 2374 comitibus
1184 2331 1352 2389 regnorum
1382 2321 1561 2374 nostrorum

293 2419 454 2478 Dalmacie
477 2424 508 2478 et
529 2419 657 2478 Croacie
679 2420 902 2495 predictorum,
925 2419 1091 2480 Mathlrone
1115 2420 1153 2480 de
1184 2421 1318 2480 Taloucz
1341 2423 1440 2481 tocius
1471 2422 1559 2495 regni

292 2524 464 2597 Sclauonie,
486 2525 599 2585 Desew
622 2530 652 2584 et
674 2525 820 2584 ladislao
852 2525 890 2584 de
919 2525 1003 2585 Gara
1033 2527 1252 2599 machouiensi,
1283 2528 1395 2599 banis;
1417 2527 1558 2612 Johanne

292 2629 331 2688 de
353 2631 493 2705 predicta
515 2631 641 2705 Rozgon
664 2633 902 2704 tavarnicorum,
939 2633 1080 2692 Emerico
1115 2640 1145 2691 et
1172 2633 1312 2718 Johanne
1343 2633 1382 2691 de
1412 2634 1559 2692 Marczali

291 2734 467 2812 janitorum,
501 2736 639 2821 Johanne
674 2744 704 2796 et
739 2736 894 2814 Stephano
926 2738 965 2797 de
999 2740 1095 2798 Peren
1129 2739 1364 2814 dapiferorum,
1399 2739 1496 2799 Paulo
1531 2745 1562 2798 et

290 2841 431 2925 Johanne
454 2843 607 2918 Kompolt
638 2843 676 2900 de
708 2843 794 2902 Naua
824 2845 1051 2920 pincernarum,
1085 2847 1255 2905 Laurencio
1287 2846 1325 2906 de
1356 2846 1558 2918 Hedrehwar,

292 2962 464 3022 agazonum
484 2953 663 3007 nostrorum
686 2950 851 3022 magistris,
875 2965 911 3009 ac
933 2944 1090 3026 Stephano
1125 2958 1155 3010 et
1190 2952 1326 3026 Georgio
1356 2951 1395 3010 de
1425 2953 1560 3010 antelata

291 3054 419 3129 Rozgon
441 3055 608 3113 comitibus
631 3056 745 3114 nostris
768 3057 1012 3131 posoniensibus,
1035 3059 1168 3134 aliisque
1191 3074 1287 3133 quam
1309 3059 1455 3134 pluribus
1471 3059 1560 3133 regni

277 3143 388 3220 'nostri
413 3161 577 3219 comitatus
601 3161 776 3230 tenentibus
798 3168 829 3221 et
850 3161 991 3224 honores.

399 3350 424 3398 E
442 3355 603 3415 transumpto
622 3348 765 3401 Wladislai
782 3352 850 3416 regis
874 3367 941 3402 anno
968 3363 1043 3415 1493.
1080 3353 1113 3401 Iu
1140 3351 1254 3402 archivio
1281 3351 1327 3402 lib.
1357 3369 1410 3418 reg.
1431 3353 1501 3407 civit.
1520 3370 1561 3404 za-

293 3437 444 3504 grabiensis.

400 3969 481 4020 Anno
503 3980 578 4035 1435,
598 3981 623 4033 7.
642 3967 798 4022 novembris.
816 3968 944 4022 Basileus.

401 4151 517 4210 Coram
550 4149 671 4224 synodo
706 4150 871 4209 Basiliensi
903 4151 1077 4225 capitulum
1108 4157 1138 4210 et
1168 4152 1332 4226 episcopus
1355 4152 1563 4224 zagrabiensis

295 4257 397 4332 questi
419 4263 497 4329 sunt,
522 4272 630 4316 eorum
653 4257 735 4315 bona
758 4262 788 4314 et
811 4263 981 4331 proventus
1004 4273 1023 4315 a
1044 4259 1138 4317 variis
1161 4258 1315 4332 occupari,
1338 4272 1452 4331 eosque
1477 4259 1563 4316 varie

295 4378 313 4421 a
335 4363 480 4438 pluribus
504 4363 618 4434 vexari,
642 4366 788 4437 petentes,
820 4368 854 4420 ut
877 4379 949 4420 curn
972 4362 1102 4422 difficile
1124 4365 1165 4422 sit
1187 4378 1245 4437 pro
1267 4363 1398 4436 singulis
1419 4364 1554 4422 Romam

294 4485 462 4538 recurrere,
494 4468 538 4526 eis
569 4468 607 4526 de
637 4467 777 4526 remedio
808 4469 1009 4543 providerent
1017 4488 1024 4540 ;
1048 4469 1182 4528 comittit
1203 4471 1309 4543 itaque
1331 4468 1467 4542 synodus
1490 4471 1556 4544 epi·

295 4589 392 4648 scopo
414 4573 736 4648 quinqueecclesiensi,
761 4575 868 4632 abbati
900 4575 1009 4633 beatae
1033 4575 1169 4648 Virginis
1201 4575 1239 4633 de
1269 4575 1420 4648 Zagrabia
1444 4579 1475 4634 et
1499 4621 1536 4634 ..

295 4679 443 4754 Viennae,
466 4679 614 4740 dioecesis
637 4679 834 4753 Pataviensis,
856 4686 892 4740 ut
911 4681 961 4740 illi
983 4679 1134 4757 judicium
1165 4681 1374 4757 impendendo
1407 4697 1459 4740 eos
1492 4697 1564 4757 pro·

192 4859 194 4863 Ι
296 4790 414 4859 tegant.

402 4992 509 5057 Georgii
537 4991 707 5043 Marcelovicz
745 4993 863 5057 Regesta
889 4992 1031 5059 Diplomat.
1061 4992 1222 5058 aliorumque
1249 4994 1403 5046 Documeut.
1437 4993 1516 5046 MSC.
1536 4995 1564 5044 in

295 5079 457 5131 bibliotheca
474 5079 675 5133 archidioecesis
694 5083 796 5148 aagrab.

1458 5175 1476 5213 *
