<?xml version="1.0" encoding="UTF-8"?>
<!DOCTYPE html PUBLIC "-//W3C//DTD XHTML 1.0 Transitional//EN"
    "http://www.w3.org/TR/xhtml1/DTD/xhtml1-transitional.dtd">
<html xmlns="http://www.w3.org/1999/xhtml" xml:lang="en" lang="en">
 <head>
  <title>
</title>
<meta http-equiv="Content-Type" content="text/html;charset=utf-8" />
  <meta name='ocr-system' content='tesseract 3.04.00' />
  <meta name='ocr-capabilities' content='ocr_page ocr_carea ocr_par ocr_line ocrx_word'/>
</head>
<body>
  <div class='ocr_page' id='page_1' title='image "./monumentahistor20laszgoog_0278.png"; bbox 0 0 3736 5826; ppageno 0'>
   <div class='ocr_carea' id='block_1_1' title="bbox 730 565 1562 647">
    <p class='ocr_par' dir='ltr' id='par_1_1' title="bbox 730 565 1562 647">
     <span class='ocr_line' id='line_1_1' title="bbox 730 565 1562 647; baseline 0.002 -20"><span class='ocrx_word' id='word_1_1' title='bbox 730 569 804 627; x_wconf 85' lang='lat' dir='ltr'><strong>Doc.</strong></span> <span class='ocrx_word' id='word_1_2' title='bbox 828 581 879 644; x_wconf 81' lang='lat'><strong>23.</strong></span> <span class='ocrx_word' id='word_1_3' title='bbox 904 602 943 612; x_wconf 90' lang='grc'>-</span> <span class='ocrx_word' id='word_1_4' title='bbox 969 570 1026 629; x_wconf 78' lang='lat' dir='ltr'><strong>An.</strong></span> <span class='ocrx_word' id='word_1_5' title='bbox 1049 565 1138 647; x_wconf 74' lang='lat'><em>1416.</em></span> <span class='ocrx_word' id='word_1_6' title='bbox 1527 587 1562 629; x_wconf 85' lang='lat' dir='ltr'><strong>ar</strong></span> 
     </span>
    </p>
   </div>
   <div class='ocr_carea' id='block_1_2' title="bbox 301 784 1568 1498">
    <p class='ocr_par' dir='ltr' id='par_1_2' title="bbox 301 784 1568 1498">
     <span class='ocr_line' id='line_1_2' title="bbox 302 784 1568 858; baseline -0.001 -15"><span class='ocrx_word' id='word_1_7' title='bbox 302 785 426 843; x_wconf 86' lang='lat' dir='ltr'><strong>dentem</strong></span> <span class='ocrx_word' id='word_1_8' title='bbox 461 786 492 844; x_wconf 91' lang='lat' dir='ltr'><strong>in</strong></span> <span class='ocrx_word' id='word_1_9' title='bbox 527 785 622 843; x_wconf 88' lang='lat' dir='ltr'><strong>aliam</strong></span> <span class='ocrx_word' id='word_1_10' title='bbox 658 785 804 843; x_wconf 83' lang='lat' dir='ltr'><strong>arborem</strong></span> <span class='ocrx_word' id='word_1_11' title='bbox 835 799 975 858; x_wconf 91' lang='lat' dir='ltr'><strong>quercus,</strong></span> <span class='ocrx_word' id='word_1_12' title='bbox 1011 800 1088 858; x_wconf 89' lang='lat' dir='ltr'><strong>quas</strong></span> <span class='ocrx_word' id='word_1_13' title='bbox 1119 785 1247 843; x_wconf 89' lang='lat' dir='ltr'><strong>arbores</strong></span> <span class='ocrx_word' id='word_1_14' title='bbox 1270 784 1344 844; x_wconf 90' lang='lat' dir='ltr'><strong>dicti</strong></span> <span class='ocrx_word' id='word_1_15' title='bbox 1367 784 1515 843; x_wconf 89' lang='lat' dir='ltr'><strong>Nicolaus</strong></span> <span class='ocrx_word' id='word_1_16' title='bbox 1538 789 1568 842; x_wconf 92' lang='lat' dir='ltr'><strong>et</strong></span> 
     </span>
     <span class='ocr_line' id='line_1_3' title="bbox 302 889 1564 966; baseline -0.002 -16"><span class='ocrx_word' id='word_1_17' title='bbox 302 891 471 965; x_wconf 84' lang='lat' dir='ltr'>Gregorius</span> <span class='ocrx_word' id='word_1_18' title='bbox 493 889 649 950; x_wconf 70' lang='lat' dir='ltr'><strong>&#39;crucibus</strong></span> <span class='ocrx_word' id='word_1_19' title='bbox 679 892 840 965; x_wconf 83' lang='lat' dir='ltr'><strong>signarunt</strong></span> <span class='ocrx_word' id='word_1_20' title='bbox 871 896 900 949; x_wconf 89' lang='lat' dir='ltr'><strong>et</strong></span> <span class='ocrx_word' id='word_1_21' title='bbox 923 891 955 950; x_wconf 93' lang='lat' dir='ltr'><strong>in</strong></span> <span class='ocrx_word' id='word_1_22' title='bbox 977 897 1162 966; x_wconf 89' lang='lat' dir='ltr'><strong>perpetuam</strong></span> <span class='ocrx_word' id='word_1_23' title='bbox 1186 891 1371 950; x_wconf 85' lang='lat' dir='ltr'>memoriam</span> <span class='ocrx_word' id='word_1_24' title='bbox 1392 905 1450 964; x_wconf 91' lang='lat' dir='ltr'><strong>pro</strong></span> <span class='ocrx_word' id='word_1_25' title='bbox 1472 891 1564 949; x_wconf 91' lang='lat' dir='ltr'><strong>metis</strong></span> 
     </span>
     <span class='ocr_line' id='line_1_4' title="bbox 303 995 1566 1071; baseline -0.001 -16"><span class='ocrx_word' id='word_1_26' title='bbox 303 997 500 1071; x_wconf 78' lang='lat' dir='ltr'><strong>deputarunt,</strong></span> <span class='ocrx_word' id='word_1_27' title='bbox 516 1001 546 1061; x_wconf 89' lang='lat' dir='ltr'><strong>et</strong></span> <span class='ocrx_word' id='word_1_28' title='bbox 561 998 606 1055; x_wconf 92' lang='lat' dir='ltr'><strong>sic</strong></span> <span class='ocrx_word' id='word_1_29' title='bbox 628 997 841 1056; x_wconf 82' lang='lat' dir='ltr'><strong>terminantur.</strong></span> <span class='ocrx_word' id='word_1_30' title='bbox 864 995 899 1056; x_wconf 92' lang='lat' dir='ltr'><strong>ln</strong></span> <span class='ocrx_word' id='word_1_31' title='bbox 922 997 1009 1056; x_wconf 87' lang='lat' dir='ltr'><strong>ouius</strong></span> <span class='ocrx_word' id='word_1_32' title='bbox 1032 997 1078 1056; x_wconf 87' lang='lat' dir='ltr'><strong>rei</strong></span> <span class='ocrx_word' id='word_1_33' title='bbox 1101 998 1286 1056; x_wconf 90' lang='lat' dir='ltr'><strong>memoriam</strong></span> <span class='ocrx_word' id='word_1_34' title='bbox 1307 1002 1337 1055; x_wconf 93' lang='lat' dir='ltr'><strong>et</strong></span> <span class='ocrx_word' id='word_1_35' title='bbox 1353 996 1566 1054; x_wconf 89' lang='lat' dir='ltr'><strong>testimonium</strong></span> 
     </span>
     <span class='ocr_line' id='line_1_5' title="bbox 301 1103 1563 1178; baseline -0.002 -16"><span class='ocrx_word' id='word_1_36' title='bbox 301 1103 544 1176; x_wconf 87' lang='lat' dir='ltr'><strong>firmitatemque</strong></span> <span class='ocrx_word' id='word_1_37' title='bbox 567 1108 754 1178; x_wconf 92' lang='lat' dir='ltr'><strong>perpetuam</strong></span> <span class='ocrx_word' id='word_1_38' title='bbox 776 1109 934 1176; x_wconf 87' lang='lat' dir='ltr'><strong>presentes</strong></span> <span class='ocrx_word' id='word_1_39' title='bbox 968 1104 1087 1162; x_wconf 87' lang='lat' dir='ltr'><strong>litteras</strong></span> <span class='ocrx_word' id='word_1_40' title='bbox 1124 1110 1229 1161; x_wconf 92' lang='lat' dir='ltr'><strong>nostro</strong></span> <span class='ocrx_word' id='word_1_41' title='bbox 1264 1103 1424 1161; x_wconf 88' lang='lat' dir='ltr'><strong>communi</strong></span> <span class='ocrx_word' id='word_1_42' title='bbox 1457 1103 1563 1176; x_wconf 83' lang='lat' dir='ltr'><strong>sigillo</strong></span> 
     </span>
     <span class='ocr_line' id='line_1_6' title="bbox 301 1207 1565 1284; baseline -0.001 -17"><span class='ocrx_word' id='word_1_43' title='bbox 301 1211 463 1276; x_wconf 86' lang='lat' dir='ltr'><strong>roboratas</strong></span> <span class='ocrx_word' id='word_1_44' title='bbox 486 1209 589 1284; x_wconf 79' lang='lat' dir='ltr'><strong>eidem</strong></span> <span class='ocrx_word' id='word_1_45' title='bbox 612 1210 764 1282; x_wconf 81' lang='lat' dir='ltr'><strong>magistro</strong></span> <span class='ocrx_word' id='word_1_46' title='bbox 787 1207 939 1282; x_wconf 82' lang='lat' dir='ltr'><strong>Gregorio</strong></span> <span class='ocrx_word' id='word_1_47' title='bbox 962 1209 1109 1268; x_wconf 85' lang='lat' dir='ltr'><strong>duximus</strong></span> <span class='ocrx_word' id='word_1_48' title='bbox 1141 1208 1362 1268; x_wconf 89' lang='lat' dir='ltr'><strong>concedendas.</strong></span> <span class='ocrx_word' id='word_1_49' title='bbox 1395 1210 1513 1267; x_wconf 89' lang='lat' dir='ltr'><strong>Datum</strong></span> <span class='ocrx_word' id='word_1_50' title='bbox 1535 1210 1565 1267; x_wconf 91' lang='lat' dir='ltr'><strong>in</strong></span> 
     </span>
     <span class='ocr_line' id='line_1_7' title="bbox 301 1314 1566 1398; baseline 0.002 -26"><span class='ocrx_word' id='word_1_51' title='bbox 301 1315 380 1374; x_wconf 84' lang='lat' dir='ltr'><strong>festo</strong></span> <span class='ocrx_word' id='word_1_52' title='bbox 404 1317 567 1373; x_wconf 87' lang='lat' dir='ltr'><strong>beatorum</strong></span> <span class='ocrx_word' id='word_1_53' title='bbox 591 1314 735 1389; x_wconf 87' lang='lat' dir='ltr'><strong>Symonis</strong></span> <span class='ocrx_word' id='word_1_54' title='bbox 758 1319 788 1374; x_wconf 91' lang='lat' dir='ltr'><strong>et</strong></span> <span class='ocrx_word' id='word_1_55' title='bbox 809 1315 889 1398; x_wconf 92' lang='lat' dir='ltr'><strong>Jude</strong></span> <span class='ocrx_word' id='word_1_56' title='bbox 912 1317 1136 1391; x_wconf 91' lang='lat' dir='ltr'><strong>apostolorum.</strong></span> <span class='ocrx_word' id='word_1_57' title='bbox 1160 1317 1250 1374; x_wconf 88' lang='lat' dir='ltr'><strong>Anno</strong></span> <span class='ocrx_word' id='word_1_58' title='bbox 1266 1316 1385 1374; x_wconf 90' lang='lat' dir='ltr'><strong>domini</strong></span> <span class='ocrx_word' id='word_1_59' title='bbox 1396 1317 1566 1374; x_wconf 91' lang='lat' dir='ltr'><strong>millesimo</strong></span> 
     </span>
     <span class='ocr_line' id='line_1_8' title="bbox 303 1420 872 1498; baseline 0.004 -18"><span class='ocrx_word' id='word_1_60' title='bbox 303 1421 606 1496; x_wconf 85' lang='lat' dir='ltr'><strong>quadringentesimo</strong></span> <span class='ocrx_word' id='word_1_61' title='bbox 629 1420 872 1498; x_wconf 88' lang='lat' dir='ltr'><strong>quintodecimo.</strong></span> 
     </span>
    </p>
   </div>
   <div class='ocr_carea' id='block_1_3' title="bbox 302 1557 1565 1711">
    <p class='ocr_par' dir='ltr' id='par_1_3' title="bbox 302 1557 1565 1711">
     <span class='ocr_line' id='line_1_9' title="bbox 407 1557 1565 1625; baseline 0.003 -18"><span class='ocrx_word' id='word_1_62' title='bbox 407 1557 541 1622; x_wconf 83' lang='lat' dir='ltr'><strong>Originale</strong></span> <span class='ocrx_word' id='word_1_63' title='bbox 558 1559 586 1607; x_wconf 92' lang='lat' dir='ltr'><strong>in</strong></span> <span class='ocrx_word' id='word_1_64' title='bbox 603 1558 758 1609; x_wconf 84' lang='lat' dir='ltr'><strong>membrana.</strong></span> <span class='ocrx_word' id='word_1_65' title='bbox 778 1559 849 1608; x_wconf 82' lang='lat' dir='ltr'><strong>Zona</strong></span> <span class='ocrx_word' id='word_1_66' title='bbox 866 1560 956 1610; x_wconf 90' lang='lat' dir='ltr'><strong>viridis</strong></span> <span class='ocrx_word' id='word_1_67' title='bbox 975 1559 1070 1625; x_wconf 88' lang='lat' dir='ltr'><strong>pendet</strong></span> <span class='ocrx_word' id='word_1_68' title='bbox 1089 1559 1186 1622; x_wconf 78' lang='lat' dir='ltr'><strong>absque</strong></span> <span class='ocrx_word' id='word_1_69' title='bbox 1203 1558 1298 1624; x_wconf 85' lang='lat' dir='ltr'><strong>sigillo.</strong></span> <span class='ocrx_word' id='word_1_70' title='bbox 1318 1559 1351 1608; x_wconf 89' lang='lat' dir='ltr'><strong>In</strong></span> <span class='ocrx_word' id='word_1_71' title='bbox 1365 1559 1434 1610; x_wconf 90' lang='lat' dir='ltr'><strong>arch.</strong></span> <span class='ocrx_word' id='word_1_72' title='bbox 1445 1558 1491 1611; x_wconf 93' lang='lat' dir='ltr'><strong>lib.</strong></span> <span class='ocrx_word' id='word_1_73' title='bbox 1512 1575 1565 1623; x_wconf 85' lang='lat' dir='ltr'><strong>reg.</strong></span> 
     </span>
     <span class='ocr_line' id='line_1_10' title="bbox 302 1646 468 1711; baseline 0.018 -16"><span class='ocrx_word' id='word_1_74' title='bbox 302 1646 349 1698; x_wconf 88' lang='lat' dir='ltr'><strong>civ.</strong></span> <span class='ocrx_word' id='word_1_75' title='bbox 367 1647 468 1711; x_wconf 83' lang='lat' dir='ltr'><strong>aagrab.</strong></span> 
     </span>
    </p>
   </div>
   <div class='ocr_carea' id='block_1_4' title="bbox 905 1823 966 1892">
    <p class='ocr_par' dir='ltr' id='par_1_4' title="bbox 905 1823 966 1892">
     <span class='ocr_line' id='line_1_11' title="bbox 905 1823 966 1892; baseline -0.016 -2"><span class='ocrx_word' id='word_1_76' title='bbox 905 1823 966 1892; x_wconf 81' lang='lat'><strong>23.</strong></span> 
     </span>
    </p>
   </div>
   <div class='ocr_carea' id='block_1_5' title="bbox 304 1909 1567 2206">
    <p class='ocr_par' dir='ltr' id='par_1_5' title="bbox 304 1909 1567 2206">
     <span class='ocr_line' id='line_1_12' title="bbox 407 1909 727 1976; baseline 0 -14"><span class='ocrx_word' id='word_1_77' title='bbox 407 1913 488 1963; x_wconf 82' lang='lat' dir='ltr'><strong>Anno</strong></span> <span class='ocrx_word' id='word_1_78' title='bbox 510 1911 584 1976; x_wconf 83' lang='lat'><strong>1316,</strong></span> <span class='ocrx_word' id='word_1_79' title='bbox 606 1924 626 1962; x_wconf 92' lang='lat'><strong>1.</strong></span> <span class='ocrx_word' id='word_1_80' title='bbox 644 1909 727 1976; x_wconf 84' lang='lat' dir='ltr'><strong>Junii.</strong></span> 
     </span>
     <span class='ocr_line' id='line_1_13' title="bbox 304 1995 1567 2100; baseline 0 -20"><span class='ocrx_word' id='word_1_81' title='bbox 304 2023 435 2100; x_wconf 82' lang='lat' dir='ltr'><strong>Synodus</strong></span> <span class='ocrx_word' id='word_1_82' title='bbox 463 2021 686 2084; x_wconf 65' lang='lat' dir='ltr'><strong>constantiensis</strong></span> <span class='ocrx_word' id='word_1_83' title='bbox 706 2021 805 2079; x_wconf 87' lang='lat' dir='ltr'><strong>abbati</strong></span> <span class='ocrx_word' id='word_1_84' title='bbox 825 1995 1067 2080; x_wconf 66' lang='lat' dir='ltr'><strong>Landsr‘rassensi</strong></span> <span class='ocrx_word' id='word_1_85' title='bbox 1086 2020 1219 2093; x_wconf 67' lang='lat' dir='ltr'><strong>inundat,</strong></span> <span class='ocrx_word' id='word_1_86' title='bbox 1242 2031 1276 2080; x_wconf 82' lang='lat' dir='ltr'><strong>ut</strong></span> <span class='ocrx_word' id='word_1_87' title='bbox 1302 2023 1337 2080; x_wconf 85' lang='lat' dir='ltr'><strong>de</strong></span> <span class='ocrx_word' id='word_1_88' title='bbox 1351 2030 1501 2097; x_wconf 77' lang='lat' dir='ltr'><strong>postrerna</strong></span> <span class='ocrx_word' id='word_1_89' title='bbox 1524 2023 1567 2079; x_wconf 78' lang='lat' dir='ltr'><strong>t&#39;n·</strong></span> 
     </span>
     <span class='ocr_line' id='line_1_14' title="bbox 396 2125 1470 2206; baseline 0.001 -20"><span class='ocrx_word' id='word_1_90' title='bbox 396 2130 486 2206; x_wconf 81' lang='lat' dir='ltr'><strong>jun‘o</strong></span> <span class='ocrx_word' id='word_1_91' title='bbox 508 2125 634 2202; x_wconf 75' lang='lat' dir='ltr'><strong>capitulo</strong></span> <span class='ocrx_word' id='word_1_92' title='bbox 655 2147 674 2184; x_wconf 88' lang='lat' dir='ltr'><strong>a</strong></span> <span class='ocrx_word' id='word_1_93' title='bbox 697 2129 895 2186; x_wconf 83' lang='lat' dir='ltr'><strong>communitate</strong></span> <span class='ocrx_word' id='word_1_94' title='bbox 918 2129 1020 2186; x_wconf 66' lang='lat' dir='ltr'><strong>mentis</strong></span> <span class='ocrx_word' id='word_1_95' title='bbox 1049 2127 1199 2187; x_wconf 81' lang='lat' dir='ltr'><strong>Grccensr&#39;s</strong></span> <span class='ocrx_word' id='word_1_96' title='bbox 1221 2130 1305 2187; x_wconf 82' lang='lat' dir='ltr'><strong>illata</strong></span> <span class='ocrx_word' id='word_1_97' title='bbox 1330 2129 1470 2204; x_wconf 82' lang='lat' dir='ltr'><strong>inquirat.</strong></span> 
     </span>
    </p>
   </div>
   <div class='ocr_carea' id='block_1_6' title="bbox 302 2269 1567 2888">
    <p class='ocr_par' dir='ltr' id='par_1_6' title="bbox 302 2269 1567 2888">
     <span class='ocr_line' id='line_1_15' title="bbox 407 2269 1567 2348; baseline -0.001 -15"><span class='ocrx_word' id='word_1_98' title='bbox 407 2274 607 2333; x_wconf 88' lang='lat' dir='ltr'><strong>Sacrosancta</strong></span> <span class='ocrx_word' id='word_1_99' title='bbox 630 2279 660 2332; x_wconf 92' lang='lat' dir='ltr'><strong>et</strong></span> <span class='ocrx_word' id='word_1_100' title='bbox 683 2269 837 2346; x_wconf 87' lang='lat' dir='ltr'><strong>generalis</strong></span> <span class='ocrx_word' id='word_1_101' title='bbox 870 2273 1008 2348; x_wconf 84' lang='lat' dir='ltr'><strong>synodus</strong></span> <span class='ocrx_word' id='word_1_102' title='bbox 1039 2271 1292 2333; x_wconf 77' lang='lat' dir='ltr'><strong>constanciensis.</strong></span> <span class='ocrx_word' id='word_1_103' title='bbox 1329 2273 1452 2332; x_wconf 90' lang='lat' dir='ltr'><strong>Dilecto</strong></span> <span class='ocrx_word' id='word_1_104' title='bbox 1475 2274 1567 2332; x_wconf 93' lang='lat' dir='ltr'><strong>nobis</strong></span> 
     </span>
     <span class='ocr_line' id='line_1_16' title="bbox 303 2379 1567 2464; baseline -0.001 -25"><span class='ocrx_word' id='word_1_105' title='bbox 303 2380 370 2439; x_wconf 89' lang='lat' dir='ltr'><strong>filio</strong></span> <span class='ocrx_word' id='word_1_106' title='bbox 393 2381 500 2464; x_wconf 87' lang='lat' dir='ltr'><strong>abbati</strong></span> <span class='ocrx_word' id='word_1_107' title='bbox 521 2379 701 2439; x_wconf 89' lang='lat' dir='ltr'><strong>monasterii</strong></span> <span class='ocrx_word' id='word_1_108' title='bbox 723 2381 755 2438; x_wconf 92' lang='lat' dir='ltr'><strong>in</strong></span> <span class='ocrx_word' id='word_1_109' title='bbox 777 2379 961 2451; x_wconf 89' lang='lat' dir='ltr'><strong>Lanstrosst,</strong></span> <span class='ocrx_word' id='word_1_110' title='bbox 973 2379 1193 2453; x_wconf 85' lang='lat' dir='ltr'><strong>aquilegiensis</strong></span> <span class='ocrx_word' id='word_1_111' title='bbox 1215 2380 1359 2452; x_wconf 90' lang='lat' dir='ltr'><strong>diocesis,</strong></span> <span class='ocrx_word' id='word_1_112' title='bbox 1383 2381 1567 2438; x_wconf 90' lang='lat' dir='ltr'><strong>salutemet</strong></span> 
     </span>
     <span class='ocr_line' id='line_1_17' title="bbox 303 2477 1567 2565; baseline 0 -22"><span class='ocrx_word' id='word_1_113' title='bbox 303 2486 352 2545; x_wconf 92' lang='lat' dir='ltr'><strong>dei</strong></span> <span class='ocrx_word' id='word_1_114' title='bbox 375 2486 595 2560; x_wconf 89' lang='lat' dir='ltr'><strong>omnipotentis</strong></span> <span class='ocrx_word' id='word_1_115' title='bbox 617 2483 873 2544; x_wconf 86' lang='lat' dir='ltr'><strong>benedictionem.</strong></span> <span class='ocrx_word' id='word_1_116' title='bbox 896 2483 1034 2544; x_wconf 91' lang='lat' dir='ltr'><strong>Gravem</strong></span> <span class='ocrx_word' id='word_1_117' title='bbox 1057 2485 1243 2544; x_wconf 86' lang='lat' dir='ltr'><strong>dilectorum</strong></span> <span class='ocrx_word' id='word_1_118' title='bbox 1258 2479 1400 2565; x_wconf 84' lang='lat' dir='ltr'><strong>(ecclesie</strong></span> <span class='ocrx_word' id='word_1_119' title='bbox 1416 2477 1567 2563; x_wconf 90' lang='lat' dir='ltr'><strong>filiorum)</strong></span> 
     </span>
     <span class='ocr_line' id='line_1_18' title="bbox 302 2591 1566 2677; baseline -0.003 -25"><span class='ocrx_word' id='word_1_120' title='bbox 302 2593 645 2666; x_wconf 85' lang='lat' dir='ltr'><strong>capitulizagrabiensis</strong></span> <span class='ocrx_word' id='word_1_121' title='bbox 654 2591 813 2677; x_wconf 85' lang='lat' dir='ltr'><strong>querelam</strong></span> <span class='ocrx_word' id='word_1_122' title='bbox 827 2591 1004 2665; x_wconf 89' lang='lat' dir='ltr'><strong>accepimus</strong></span> <span class='ocrx_word' id='word_1_123' title='bbox 1017 2592 1231 2665; x_wconf 84' lang='lat' dir='ltr'><strong>continentem,</strong></span> <span class='ocrx_word' id='word_1_124' title='bbox 1241 2591 1324 2665; x_wconf 93' lang='lat' dir='ltr'><strong>quod</strong></span> <span class='ocrx_word' id='word_1_125' title='bbox 1335 2591 1413 2649; x_wconf 90' lang='lat' dir='ltr'><strong>olim</strong></span> <span class='ocrx_word' id='word_1_126' title='bbox 1427 2605 1566 2652; x_wconf 87' lang='lat' dir='ltr'><strong>commu-</strong></span> 
     </span>
     <span class='ocr_line' id='line_1_19' title="bbox 303 2697 1567 2772; baseline -0.002 -16"><span class='ocrx_word' id='word_1_127' title='bbox 303 2698 382 2756; x_wconf 88' lang='lat' dir='ltr'><strong>nitas</strong></span> <span class='ocrx_word' id='word_1_128' title='bbox 405 2705 435 2756; x_wconf 89' lang='lat' dir='ltr'><strong>et</strong></span> <span class='ocrx_word' id='word_1_129' title='bbox 457 2699 594 2756; x_wconf 89' lang='lat' dir='ltr'><strong>universi</strong></span> <span class='ocrx_word' id='word_1_130' title='bbox 617 2698 699 2756; x_wconf 87' lang='lat' dir='ltr'><strong>cives</strong></span> <span class='ocrx_word' id='word_1_131' title='bbox 723 2702 754 2755; x_wconf 92' lang='lat' dir='ltr'><strong>et</strong></span> <span class='ocrx_word' id='word_1_132' title='bbox 780 2697 919 2772; x_wconf 87' lang='lat' dir='ltr'><strong>hospites</strong></span> <span class='ocrx_word' id='word_1_133' title='bbox 943 2697 1075 2755; x_wconf 87' lang='lat' dir='ltr'><strong>civitatis</strong></span> <span class='ocrx_word' id='word_1_134' title='bbox 1098 2697 1306 2770; x_wconf 83' lang='lat' dir='ltr'><strong>zagrabiensis</strong></span> <span class='ocrx_word' id='word_1_135' title='bbox 1330 2711 1424 2754; x_wconf 89' lang='lat' dir='ltr'><strong>manu</strong></span> <span class='ocrx_word' id='word_1_136' title='bbox 1447 2703 1567 2755; x_wconf 88' lang='lat' dir='ltr'><strong>armata</strong></span> 
     </span>
     <span class='ocr_line' id='line_1_20' title="bbox 303 2802 1565 2888; baseline -0.002 -25"><span class='ocrx_word' id='word_1_137' title='bbox 303 2819 442 2888; x_wconf 84' lang='lat' dir='ltr'><strong>necnon</strong></span> <span class='ocrx_word' id='word_1_138' title='bbox 472 2803 598 2862; x_wconf 85' lang='lat' dir='ltr'><strong>vexillis</strong></span> <span class='ocrx_word' id='word_1_139' title='bbox 620 2803 745 2862; x_wconf 90' lang='lat' dir='ltr'><strong>errectis</strong></span> <span class='ocrx_word' id='word_1_140' title='bbox 768 2803 809 2862; x_wconf 92' lang='lat' dir='ltr'><strong>ad</strong></span> <span class='ocrx_word' id='word_1_141' title='bbox 833 2803 943 2861; x_wconf 89' lang='lat' dir='ltr'><strong>domos</strong></span> <span class='ocrx_word' id='word_1_142' title='bbox 967 2802 1162 2876; x_wconf 85' lang='lat' dir='ltr'><strong>singulorum</strong></span> <span class='ocrx_word' id='word_1_143' title='bbox 1185 2804 1404 2861; x_wconf 90' lang='lat' dir='ltr'><strong>canonicorum</strong></span> <span class='ocrx_word' id='word_1_144' title='bbox 1427 2802 1565 2876; x_wconf 91' lang='lat' dir='ltr'><strong>predicte</strong></span> 
     </span>
    </p>
   </div>
   <div class='ocr_carea' id='block_1_7' title="bbox 285 2907 1567 5108">
    <p class='ocr_par' dir='ltr' id='par_1_7' title="bbox 285 2907 1567 5108">
     <span class='ocr_line' id='line_1_21' title="bbox 285 2907 1567 2983; baseline -0.001 -15"><span class='ocrx_word' id='word_1_145' title='bbox 285 2911 432 2969; x_wconf 42' lang='lat' dir='ltr'><strong>&#39;ecclesie</strong></span> <span class='ocrx_word' id='word_1_146' title='bbox 454 2909 641 2968; x_wconf 88' lang='lat' dir='ltr'><strong>unanimiter</strong></span> <span class='ocrx_word' id='word_1_147' title='bbox 663 2907 841 2968; x_wconf 89' lang='lat' dir='ltr'><strong>accedentes</strong></span> <span class='ocrx_word' id='word_1_148' title='bbox 865 2907 896 2980; x_wconf 78' lang='lat' dir='ltr'><strong>io</strong></span> <span class='ocrx_word' id='word_1_149' title='bbox 928 2907 1081 2982; x_wconf 91' lang='lat' dir='ltr'><strong>quosdam</strong></span> <span class='ocrx_word' id='word_1_150' title='bbox 1104 2909 1245 2983; x_wconf 88' lang='lat' dir='ltr'><strong>ipsorum</strong></span> <span class='ocrx_word' id='word_1_151' title='bbox 1270 2909 1486 2967; x_wconf 89' lang='lat' dir='ltr'><strong>canonicorum</strong></span> <span class='ocrx_word' id='word_1_152' title='bbox 1511 2924 1567 2967; x_wconf 90' lang='lat' dir='ltr'><strong>nec</strong></span> 
     </span>
     <span class='ocr_line' id='line_1_22' title="bbox 302 3014 1567 3092; baseline -0.002 -16"><span class='ocrx_word' id='word_1_153' title='bbox 302 3018 363 3076; x_wconf 91' lang='lat' dir='ltr'><strong>&#39;non</strong></span> <span class='ocrx_word' id='word_1_154' title='bbox 387 3018 480 3075; x_wconf 90' lang='lat' dir='ltr'><strong>etiam</strong></span> <span class='ocrx_word' id='word_1_155' title='bbox 502 3017 750 3092; x_wconf 89' lang='lat' dir='ltr'><strong>presbiterorum</strong></span> <span class='ocrx_word' id='word_1_156' title='bbox 773 3022 803 3074; x_wconf 93' lang='lat' dir='ltr'><strong>et</strong></span> <span class='ocrx_word' id='word_1_157' title='bbox 826 3016 1042 3074; x_wconf 91' lang='lat' dir='ltr'><strong>ministrorum</strong></span> <span class='ocrx_word' id='word_1_158' title='bbox 1065 3014 1257 3087; x_wconf 89' lang='lat' dir='ltr'><strong>eorumdem,</strong></span> <span class='ocrx_word' id='word_1_159' title='bbox 1281 3014 1332 3074; x_wconf 89' lang='lat' dir='ltr'><strong>dei</strong></span> <span class='ocrx_word' id='word_1_160' title='bbox 1354 3015 1467 3073; x_wconf 90' lang='lat' dir='ltr'><strong>timore</strong></span> <span class='ocrx_word' id='word_1_161' title='bbox 1483 3021 1567 3089; x_wconf 93' lang='lat' dir='ltr'><strong>post·</strong></span> 
     </span>
     <span class='ocr_line' id='line_1_23' title="bbox 303 3121 1564 3198; baseline -0.001 -17"><span class='ocrx_word' id='word_1_162' title='bbox 303 3124 414 3198; x_wconf 89' lang='lat' dir='ltr'><strong>posito,</strong></span> <span class='ocrx_word' id='word_1_163' title='bbox 439 3137 549 3180; x_wconf 88' lang='lat' dir='ltr'><strong>manus</strong></span> <span class='ocrx_word' id='word_1_164' title='bbox 572 3121 730 3180; x_wconf 89' lang='lat' dir='ltr'><strong>inicientes</strong></span> <span class='ocrx_word' id='word_1_165' title='bbox 760 3138 837 3180; x_wconf 91' lang='lat' dir='ltr'><strong>ausu</strong></span> <span class='ocrx_word' id='word_1_166' title='bbox 867 3122 1019 3195; x_wconf 84' lang='lat' dir='ltr'><strong>sacrilego</strong></span> <span class='ocrx_word' id='word_1_167' title='bbox 1054 3129 1170 3180; x_wconf 88' lang='lat' dir='ltr'><strong>temere</strong></span> <span class='ocrx_word' id='word_1_168' title='bbox 1198 3122 1360 3193; x_wconf 90' lang='lat' dir='ltr'><strong>violentas,</strong></span> <span class='ocrx_word' id='word_1_169' title='bbox 1395 3121 1564 3180; x_wconf 89' lang='lat' dir='ltr'><strong>nonnullos</strong></span> 
     </span>
     <span class='ocr_line' id='line_1_24' title="bbox 303 3217 1566 3304; baseline -0.002 -16"><span class='ocrx_word' id='word_1_170' title='bbox 303 3217 342 3288; x_wconf 86' lang='lat' dir='ltr'><strong>ex</strong></span> <span class='ocrx_word' id='word_1_171' title='bbox 364 3229 440 3304; x_wconf 91' lang='lat' dir='ltr'><strong>ipsis</strong></span> <span class='ocrx_word' id='word_1_172' title='bbox 464 3227 617 3286; x_wconf 90' lang='lat' dir='ltr'><strong>canonicis</strong></span> <span class='ocrx_word' id='word_1_173' title='bbox 640 3229 706 3286; x_wconf 90' lang='lat' dir='ltr'><strong>sive</strong></span> <span class='ocrx_word' id='word_1_174' title='bbox 729 3219 880 3287; x_wconf 87' lang='lat' dir='ltr'><strong>ministris</strong></span> <span class='ocrx_word' id='word_1_175' title='bbox 902 3227 1129 3300; x_wconf 88' lang='lat' dir='ltr'><strong>interfecerunt,</strong></span> <span class='ocrx_word' id='word_1_176' title='bbox 1162 3227 1314 3300; x_wconf 88' lang='lat' dir='ltr'><strong>quosdam</strong></span> <span class='ocrx_word' id='word_1_177' title='bbox 1337 3227 1474 3302; x_wconf 84' lang='lat' dir='ltr'><strong>graviter</strong></span> <span class='ocrx_word' id='word_1_178' title='bbox 1497 3228 1566 3285; x_wconf 92' lang='lat' dir='ltr'><strong>vul-</strong></span> 
     </span>
     <span class='ocr_line' id='line_1_25' title="bbox 303 3332 1565 3409; baseline -0.002 -16"><span class='ocrx_word' id='word_1_179' title='bbox 303 3334 448 3404; x_wconf 86' lang='lat' dir='ltr'><strong>nerando,</strong></span> <span class='ocrx_word' id='word_1_180' title='bbox 472 3332 542 3392; x_wconf 90' lang='lat' dir='ltr'><strong>dein</strong></span> <span class='ocrx_word' id='word_1_181' title='bbox 567 3335 743 3393; x_wconf 86' lang='lat' dir='ltr'><strong>carceribus</strong></span> <span class='ocrx_word' id='word_1_182' title='bbox 765 3335 983 3409; x_wconf 91' lang='lat' dir='ltr'><strong>manciparunt</strong></span> <span class='ocrx_word' id='word_1_183' title='bbox 1005 3349 1040 3392; x_wconf 93' lang='lat' dir='ltr'><strong>ac</strong></span> <span class='ocrx_word' id='word_1_184' title='bbox 1063 3334 1095 3391; x_wconf 92' lang='lat' dir='ltr'><strong>in</strong></span> <span class='ocrx_word' id='word_1_185' title='bbox 1125 3333 1189 3392; x_wconf 93' lang='lat' dir='ltr'><strong>illis</strong></span> <span class='ocrx_word' id='word_1_186' title='bbox 1219 3333 1339 3392; x_wconf 90' lang='lat' dir='ltr'><strong>diucius</strong></span> <span class='ocrx_word' id='word_1_187' title='bbox 1371 3333 1565 3392; x_wconf 90' lang='lat' dir='ltr'><strong>detinuerunt</strong></span> 
     </span>
     <span class='ocr_line' id='line_1_26' title="bbox 302 3439 1565 3516; baseline -0.002 -16"><span class='ocrx_word' id='word_1_188' title='bbox 302 3439 512 3516; x_wconf 90' lang='lat' dir='ltr'><strong>captivandos,</strong></span> <span class='ocrx_word' id='word_1_189' title='bbox 528 3457 584 3499; x_wconf 92' lang='lat' dir='ltr'><strong>nec</strong></span> <span class='ocrx_word' id='word_1_190' title='bbox 601 3445 661 3500; x_wconf 88' lang='lat' dir='ltr'><strong>non</strong></span> <span class='ocrx_word' id='word_1_191' title='bbox 677 3439 770 3499; x_wconf 90' lang='lat' dir='ltr'><strong>etiam</strong></span> <span class='ocrx_word' id='word_1_192' title='bbox 794 3440 946 3515; x_wconf 90' lang='lat' dir='ltr'><strong>quasdam</strong></span> <span class='ocrx_word' id='word_1_193' title='bbox 970 3440 1079 3499; x_wconf 91' lang='lat' dir='ltr'><strong>domos</strong></span> <span class='ocrx_word' id='word_1_194' title='bbox 1103 3443 1133 3498; x_wconf 94' lang='lat' dir='ltr'><strong>et</strong></span> <span class='ocrx_word' id='word_1_195' title='bbox 1156 3439 1277 3498; x_wconf 88' lang='lat' dir='ltr'><strong>edificia</strong></span> <span class='ocrx_word' id='word_1_196' title='bbox 1300 3439 1454 3498; x_wconf 91' lang='lat' dir='ltr'><strong>dictorum</strong></span> <span class='ocrx_word' id='word_1_197' title='bbox 1477 3455 1565 3498; x_wconf 92' lang='lat' dir='ltr'><strong>cano·</strong></span> 
     </span>
     <span class='ocr_line' id='line_1_27' title="bbox 303 3539 1566 3626; baseline -0.001 -21"><span class='ocrx_word' id='word_1_198' title='bbox 303 3548 445 3606; x_wconf 86' lang='lat' dir='ltr'><strong>nieorum</strong></span> <span class='ocrx_word' id='word_1_199' title='bbox 468 3553 541 3605; x_wconf 89' lang='lat' dir='ltr'><strong>tunc</strong></span> <span class='ocrx_word' id='word_1_200' title='bbox 564 3547 645 3605; x_wconf 85' lang='lat' dir='ltr'><strong>inira</strong></span> <span class='ocrx_word' id='word_1_201' title='bbox 668 3548 922 3605; x_wconf 87' lang='lat' dir='ltr'><strong>communitatem</strong></span> <span class='ocrx_word' id='word_1_202' title='bbox 946 3545 997 3604; x_wconf 93' lang='lat' dir='ltr'><strong>vel</strong></span> <span class='ocrx_word' id='word_1_203' title='bbox 1028 3546 1186 3604; x_wconf 89' lang='lat' dir='ltr'><strong>civitatem</strong></span> <span class='ocrx_word' id='word_1_204' title='bbox 1217 3546 1346 3604; x_wconf 89' lang='lat' dir='ltr'><strong>illorum</strong></span> <span class='ocrx_word' id='word_1_205' title='bbox 1377 3547 1451 3604; x_wconf 90' lang='lat' dir='ltr'><strong>sitas</strong></span> <span class='ocrx_word' id='word_1_206' title='bbox 1482 3539 1566 3626; x_wconf 90' lang='lat' dir='ltr'><strong>(spo-</strong></span> 
     </span>
     <span class='ocr_line' id='line_1_28' title="bbox 299 3643 1566 3726; baseline -0.002 -15"><span class='ocrx_word' id='word_1_207' title='bbox 299 3643 428 3720; x_wconf 66' lang='lat' dir='ltr'><strong>liarunt)</strong></span> <span class='ocrx_word' id='word_1_208' title='bbox 463 3660 493 3712; x_wconf 94' lang='lat' dir='ltr'><strong>et</strong></span> <span class='ocrx_word' id='word_1_209' title='bbox 527 3653 661 3726; x_wconf 90' lang='lat' dir='ltr'><strong>quedam</strong></span> <span class='ocrx_word' id='word_1_210' title='bbox 696 3653 777 3726; x_wconf 84' lang='lat' dir='ltr'><strong>ignis</strong></span> <span class='ocrx_word' id='word_1_211' title='bbox 811 3653 952 3711; x_wconf 89' lang='lat' dir='ltr'><strong>incendio</strong></span> <span class='ocrx_word' id='word_1_212' title='bbox 975 3653 1183 3725; x_wconf 90' lang='lat' dir='ltr'><strong>devastarunt,</strong></span> <span class='ocrx_word' id='word_1_213' title='bbox 1214 3667 1270 3711; x_wconf 89' lang='lat' dir='ltr'><strong>nec</strong></span> <span class='ocrx_word' id='word_1_214' title='bbox 1300 3667 1362 3710; x_wconf 89' lang='lat' dir='ltr'><strong>non</strong></span> <span class='ocrx_word' id='word_1_215' title='bbox 1393 3652 1486 3711; x_wconf 91' lang='lat' dir='ltr'><strong>etiam</strong></span> <span class='ocrx_word' id='word_1_216' title='bbox 1516 3669 1566 3710; x_wconf 92' lang='lat' dir='ltr'><strong>res</strong></span> 
     </span>
     <span class='ocr_line' id='line_1_29' title="bbox 304 3758 1563 3833; baseline -0.002 -16"><span class='ocrx_word' id='word_1_217' title='bbox 304 3765 335 3817; x_wconf 87' lang='lat' dir='ltr'><strong>et</strong></span> <span class='ocrx_word' id='word_1_218' title='bbox 357 3761 439 3817; x_wconf 91' lang='lat' dir='ltr'><strong>bona</strong></span> <span class='ocrx_word' id='word_1_219' title='bbox 462 3759 594 3816; x_wconf 89' lang='lat' dir='ltr'><strong>mobilia</strong></span> <span class='ocrx_word' id='word_1_220' title='bbox 618 3758 705 3816; x_wconf 92' lang='lat' dir='ltr'><strong>illinc</strong></span> <span class='ocrx_word' id='word_1_221' title='bbox 727 3763 851 3833; x_wconf 87' lang='lat' dir='ltr'><strong>reperta</strong></span> <span class='ocrx_word' id='word_1_222' title='bbox 874 3774 979 3816; x_wconf 91' lang='lat' dir='ltr'><strong>secum</strong></span> <span class='ocrx_word' id='word_1_223' title='bbox 1001 3761 1032 3816; x_wconf 92' lang='lat' dir='ltr'><strong>in</strong></span> <span class='ocrx_word' id='word_1_224' title='bbox 1055 3758 1188 3832; x_wconf 90' lang='lat' dir='ltr'><strong>predam</strong></span> <span class='ocrx_word' id='word_1_225' title='bbox 1211 3763 1409 3833; x_wconf 89' lang='lat' dir='ltr'><strong>asportarunt</strong></span> <span class='ocrx_word' id='word_1_226' title='bbox 1440 3763 1470 3815; x_wconf 90' lang='lat' dir='ltr'><strong>et</strong></span> <span class='ocrx_word' id='word_1_227' title='bbox 1501 3758 1563 3815; x_wconf 88' lang='lat' dir='ltr'><strong>alia</strong></span> 
     </span>
     <span class='ocr_line' id='line_1_30' title="bbox 302 3861 1566 3939; baseline -0.002 -17"><span class='ocrx_word' id='word_1_228' title='bbox 302 3863 395 3923; x_wconf 92' lang='lat' dir='ltr'><strong>valde</strong></span> <span class='ocrx_word' id='word_1_229' title='bbox 417 3864 517 3922; x_wconf 89' lang='lat' dir='ltr'><strong>multa</strong></span> <span class='ocrx_word' id='word_1_230' title='bbox 540 3863 663 3935; x_wconf 91' lang='lat' dir='ltr'><strong>damna,</strong></span> <span class='ocrx_word' id='word_1_231' title='bbox 685 3865 852 3923; x_wconf 91' lang='lat' dir='ltr'><strong>violencias</strong></span> <span class='ocrx_word' id='word_1_232' title='bbox 876 3870 906 3922; x_wconf 89' lang='lat' dir='ltr'><strong>et</strong></span> <span class='ocrx_word' id='word_1_233' title='bbox 929 3861 1056 3939; x_wconf 85' lang='lat' dir='ltr'><strong>iujurias</strong></span> <span class='ocrx_word' id='word_1_234' title='bbox 1080 3865 1306 3937; x_wconf 83' lang='lat' dir='ltr'><strong>irrogaverunt,</strong></span> <span class='ocrx_word' id='word_1_235' title='bbox 1322 3864 1566 3936; x_wconf 89' lang='lat' dir='ltr'><strong>intulleruntque</strong></span> 
     </span>
     <span class='ocr_line' id='line_1_31' title="bbox 300 3969 1566 4044; baseline -0.002 -16"><span class='ocrx_word' id='word_1_236' title='bbox 300 3971 479 4029; x_wconf 88' lang='lat' dir='ltr'><strong>huiusmodi</strong></span> <span class='ocrx_word' id='word_1_237' title='bbox 503 3971 640 4044; x_wconf 89' lang='lat' dir='ltr'><strong>capitulo</strong></span> <span class='ocrx_word' id='word_1_238' title='bbox 663 3971 696 4029; x_wconf 91' lang='lat' dir='ltr'><strong>in</strong></span> <span class='ocrx_word' id='word_1_239' title='bbox 719 3971 894 4029; x_wconf 89' lang='lat' dir='ltr'><strong>animarum</strong></span> <span class='ocrx_word' id='word_1_240' title='bbox 918 3985 1046 4028; x_wconf 91' lang='lat' dir='ltr'><strong>suarum</strong></span> <span class='ocrx_word' id='word_1_241' title='bbox 1070 3969 1267 4044; x_wconf 88' lang='lat' dir='ltr'><strong>dispendium</strong></span> <span class='ocrx_word' id='word_1_242' title='bbox 1298 3987 1354 4027; x_wconf 93' lang='lat' dir='ltr'><strong>nec</strong></span> <span class='ocrx_word' id='word_1_243' title='bbox 1384 3985 1445 4027; x_wconf 93' lang='lat' dir='ltr'><strong>non</strong></span> <span class='ocrx_word' id='word_1_244' title='bbox 1468 3970 1566 4043; x_wconf 92' lang='lat' dir='ltr'><strong>ipsius</strong></span> 
     </span>
     <span class='ocr_line' id='line_1_32' title="bbox 300 4075 1566 4151; baseline -0.002 -16"><span class='ocrx_word' id='word_1_245' title='bbox 300 4077 430 4150; x_wconf 90' lang='lat' dir='ltr'><strong>capituli</strong></span> <span class='ocrx_word' id='word_1_246' title='bbox 453 4082 683 4148; x_wconf 88' lang='lat' dir='ltr'><strong>nocumentum,</strong></span> <span class='ocrx_word' id='word_1_247' title='bbox 709 4077 914 4151; x_wconf 90' lang='lat' dir='ltr'><strong>preiudicium</strong></span> <span class='ocrx_word' id='word_1_248' title='bbox 939 4081 969 4134; x_wconf 91' lang='lat' dir='ltr'><strong>et</strong></span> <span class='ocrx_word' id='word_1_249' title='bbox 989 4092 1165 4149; x_wconf 83' lang='lat' dir='ltr'><strong>gravamen.</strong></span> <span class='ocrx_word' id='word_1_250' title='bbox 1189 4077 1324 4150; x_wconf 89' lang='lat' dir='ltr'><strong>Ideoque</strong></span> <span class='ocrx_word' id='word_1_251' title='bbox 1340 4075 1500 4134; x_wconf 91' lang='lat' dir='ltr'><strong>dilectioni</strong></span> <span class='ocrx_word' id='word_1_252' title='bbox 1515 4081 1566 4132; x_wconf 91' lang='lat' dir='ltr'><strong>tue</strong></span> 
     </span>
     <span class='ocr_line' id='line_1_33' title="bbox 300 4181 1565 4256; baseline -0.002 -16"><span class='ocrx_word' id='word_1_253' title='bbox 300 4185 344 4242; x_wconf 90' lang='lat' dir='ltr'><strong>sic</strong></span> <span class='ocrx_word' id='word_1_254' title='bbox 366 4185 572 4256; x_wconf 88' lang='lat' dir='ltr'><strong>scriptotenus</strong></span> <span class='ocrx_word' id='word_1_255' title='bbox 603 4181 797 4254; x_wconf 88' lang='lat' dir='ltr'><strong>mandamus,</strong></span> <span class='ocrx_word' id='word_1_256' title='bbox 828 4184 973 4255; x_wconf 89' lang='lat' dir='ltr'><strong>quatinus</strong></span> <span class='ocrx_word' id='word_1_257' title='bbox 1002 4183 1028 4239; x_wconf 92' lang='lat' dir='ltr'><strong>si</strong></span> <span class='ocrx_word' id='word_1_258' title='bbox 1059 4181 1097 4239; x_wconf 91' lang='lat' dir='ltr'><strong>de</strong></span> <span class='ocrx_word' id='word_1_259' title='bbox 1128 4182 1307 4240; x_wconf 90' lang='lat' dir='ltr'><strong>huiusmodi</strong></span> <span class='ocrx_word' id='word_1_260' title='bbox 1338 4181 1565 4253; x_wconf 85' lang='lat' dir='ltr'><strong>vulneracione‚</strong></span> 
     </span>
     <span class='ocr_line' id='line_1_34' title="bbox 300 4267 1566 4362; baseline -0.002 -15"><span class='ocrx_word' id='word_1_261' title='bbox 300 4288 520 4360; x_wconf 86' lang='lat' dir='ltr'><strong>interiectione,</strong></span> <span class='ocrx_word' id='word_1_262' title='bbox 536 4267 787 4362; x_wconf 26' lang='lat' dir='ltr'><strong>&#39;mancipacione</strong></span> <span class='ocrx_word' id='word_1_263' title='bbox 811 4288 990 4347; x_wconf 90' lang='lat' dir='ltr'><strong>detencione</strong></span> <span class='ocrx_word' id='word_1_264' title='bbox 1013 4305 1069 4346; x_wconf 89' lang='lat' dir='ltr'><strong>nec</strong></span> <span class='ocrx_word' id='word_1_265' title='bbox 1092 4303 1153 4346; x_wconf 92' lang='lat' dir='ltr'><strong>non</strong></span> <span class='ocrx_word' id='word_1_266' title='bbox 1177 4289 1246 4346; x_wconf 92' lang='lat' dir='ltr'><strong>aliis</strong></span> <span class='ocrx_word' id='word_1_267' title='bbox 1271 4288 1430 4346; x_wconf 90' lang='lat' dir='ltr'><strong>violenciis</strong></span> <span class='ocrx_word' id='word_1_268' title='bbox 1460 4293 1490 4345; x_wconf 91' lang='lat' dir='ltr'><strong>et</strong></span> <span class='ocrx_word' id='word_1_269' title='bbox 1521 4288 1566 4345; x_wconf 93' lang='lat' dir='ltr'><strong>in·</strong></span> 
     </span>
     <span class='ocr_line' id='line_1_35' title="bbox 301 4393 1566 4468; baseline -0.001 -15"><span class='ocrx_word' id='word_1_270' title='bbox 301 4395 388 4453; x_wconf 91' lang='lat' dir='ltr'><strong>iuriis</strong></span> <span class='ocrx_word' id='word_1_271' title='bbox 411 4438 604 4454; x_wconf 90' lang='grc'><strong>.......</strong></span> <span class='ocrx_word' id='word_1_272' title='bbox 626 4394 765 4453; x_wconf 89' lang='lat' dir='ltr'><strong>eiusdem</strong></span> <span class='ocrx_word' id='word_1_273' title='bbox 788 4395 1027 4466; x_wconf 90' lang='lat' dir='ltr'><strong>communitatis,</strong></span> <span class='ocrx_word' id='word_1_274' title='bbox 1053 4408 1130 4468; x_wconf 92' lang='lat' dir='ltr'><strong>quos</strong></span> <span class='ocrx_word' id='word_1_275' title='bbox 1153 4395 1184 4452; x_wconf 93' lang='lat' dir='ltr'><strong>in</strong></span> <span class='ocrx_word' id='word_1_276' title='bbox 1208 4394 1367 4468; x_wconf 87' lang='lat' dir='ltr'><strong>premissis</strong></span> <span class='ocrx_word' id='word_1_277' title='bbox 1391 4393 1566 4468; x_wconf 90' lang='lat' dir='ltr'><strong>culpabiles</strong></span> 
     </span>
     <span class='ocr_line' id='line_1_36' title="bbox 302 4500 1566 4576; baseline -0.001 -18"><span class='ocrx_word' id='word_1_278' title='bbox 302 4516 367 4558; x_wconf 86' lang='lat' dir='ltr'><strong>esse</strong></span> <span class='ocrx_word' id='word_1_279' title='bbox 389 4502 574 4576; x_wconf 86' lang='lat' dir='ltr'><strong>reppereris,</strong></span> <span class='ocrx_word' id='word_1_280' title='bbox 598 4501 717 4560; x_wconf 89' lang='lat' dir='ltr'><strong>tamdiu</strong></span> <span class='ocrx_word' id='word_1_281' title='bbox 733 4502 1015 4559; x_wconf 86' lang='lat' dir='ltr'><strong>excommunicatos</strong></span> <span class='ocrx_word' id='word_1_282' title='bbox 1039 4545 1232 4560; x_wconf 91' lang='grc'><strong>.......</strong></span> <span class='ocrx_word' id='word_1_283' title='bbox 1257 4501 1420 4558; x_wconf 90' lang='lat' dir='ltr'><strong>dominicis</strong></span> <span class='ocrx_word' id='word_1_284' title='bbox 1436 4505 1466 4558; x_wconf 95' lang='lat' dir='ltr'><strong>et</strong></span> <span class='ocrx_word' id='word_1_285' title='bbox 1481 4500 1566 4558; x_wconf 83' lang='lat' dir='ltr'><strong>festis</strong></span> 
     </span>
     <span class='ocr_line' id='line_1_37' title="bbox 301 4605 1566 4682; baseline 0 -18"><span class='ocrx_word' id='word_1_286' title='bbox 301 4606 410 4664; x_wconf 89' lang='lat' dir='ltr'><strong>diebus</strong></span> <span class='ocrx_word' id='word_1_287' title='bbox 435 4647 626 4668; x_wconf 93' lang='grc'>.......</span> <span class='ocrx_word' id='word_1_288' title='bbox 651 4606 749 4664; x_wconf 92' lang='lat' dir='ltr'><strong>donec</strong></span> <span class='ocrx_word' id='word_1_289' title='bbox 772 4609 873 4682; x_wconf 91' lang='lat' dir='ltr'><strong>passis</strong></span> <span class='ocrx_word' id='word_1_290' title='bbox 896 4605 1040 4682; x_wconf 88' lang='lat' dir='ltr'><strong>injuriam</strong></span> <span class='ocrx_word' id='word_1_291' title='bbox 1064 4605 1267 4665; x_wconf 83' lang='lat' dir='ltr'><strong>satisfecerint</strong></span> <span class='ocrx_word' id='word_1_292' title='bbox 1290 4611 1500 4681; x_wconf 88' lang='lat' dir='ltr'><strong>competenter</strong></span> <span class='ocrx_word' id='word_1_293' title='bbox 1523 4611 1566 4664; x_wconf 90' lang='lat' dir='ltr'><strong>te·</strong></span> 
     </span>
     <span class='ocr_line' id='line_1_38' title="bbox 301 4711 1565 4787; baseline 0.001 -18"><span class='ocrx_word' id='word_1_294' title='bbox 301 4714 447 4772; x_wconf 90' lang='lat' dir='ltr'><strong>stimonio</strong></span> <span class='ocrx_word' id='word_1_295' title='bbox 480 4714 540 4771; x_wconf 93' lang='lat' dir='ltr'><strong>sub</strong></span> <span class='ocrx_word' id='word_1_296' title='bbox 575 4728 683 4770; x_wconf 91' lang='lat' dir='ltr'><strong>eorum</strong></span> <span class='ocrx_word' id='word_1_297' title='bbox 718 4719 748 4770; x_wconf 90' lang='lat' dir='ltr'><strong>et</strong></span> <span class='ocrx_word' id='word_1_298' title='bbox 782 4730 814 4770; x_wconf 91' lang='lat' dir='ltr'><strong>se</strong></span> <span class='ocrx_word' id='word_1_299' title='bbox 847 4713 1073 4772; x_wconf 90' lang='lat' dir='ltr'><strong>declaraverint</strong></span> <span class='ocrx_word' id='word_1_300' title='bbox 1103 4713 1283 4787; x_wconf 88' lang='lat' dir='ltr'><strong>apostolicis</strong></span> <span class='ocrx_word' id='word_1_301' title='bbox 1315 4760 1319 4770; x_wconf 95' lang='lat'><em>.</em></span> <span class='ocrx_word' id='word_1_302' title='bbox 1354 4755 1359 4769; x_wconf 94' lang='lat'><em>.</em></span> <span class='ocrx_word' id='word_1_303' title='bbox 1392 4711 1565 4771; x_wconf 91' lang='lat' dir='ltr'><strong>subdiendi.</strong></span> 
     </span>
     <span class='ocr_line' id='line_1_39' title="bbox 302 4815 1566 4894; baseline 0.001 -18"><span class='ocrx_word' id='word_1_304' title='bbox 302 4815 402 4892; x_wconf 86' lang='lat' dir='ltr'><strong>Super</strong></span> <span class='ocrx_word' id='word_1_305' title='bbox 425 4819 504 4878; x_wconf 85' lang='lat' dir='ltr'><strong>aliis</strong></span> <span class='ocrx_word' id='word_1_306' title='bbox 518 4835 593 4878; x_wconf 92' lang='lat' dir='ltr'><strong>vero</strong></span> <span class='ocrx_word' id='word_1_307' title='bbox 617 4865 623 4878; x_wconf 91' lang='lat'>.</span> <span class='ocrx_word' id='word_1_308' title='bbox 646 4864 652 4878; x_wconf 91' lang='lat'><strong>.</strong></span> <span class='ocrx_word' id='word_1_309' title='bbox 676 4820 730 4893; x_wconf 91' lang='lat' dir='ltr'><strong>qui</strong></span> <span class='ocrx_word' id='word_1_310' title='bbox 759 4818 873 4878; x_wconf 84' lang='lat' dir='ltr'><strong>fuerint</strong></span> <span class='ocrx_word' id='word_1_311' title='bbox 896 4865 1055 4879; x_wconf 91' lang='grc'><strong>......</strong></span> <span class='ocrx_word' id='word_1_312' title='bbox 1079 4819 1223 4878; x_wconf 90' lang='lat' dir='ltr'><strong>hincinde</strong></span> <span class='ocrx_word' id='word_1_313' title='bbox 1254 4821 1423 4894; x_wconf 90' lang='lat' dir='ltr'><strong>propositis</strong></span> <span class='ocrx_word' id='word_1_314' title='bbox 1456 4820 1566 4878; x_wconf 90' lang='lat' dir='ltr'><strong>adver·</strong></span> 
     </span>
     <span class='ocr_line' id='line_1_40' title="bbox 301 4925 1564 5012; baseline 0.002 -29"><span class='ocrx_word' id='word_1_315' title='bbox 301 4925 376 4983; x_wconf 86' lang='lat' dir='ltr'><strong>sarii</strong></span> <span class='ocrx_word' id='word_1_316' title='bbox 397 4925 512 4984; x_wconf 86' lang='lat' dir='ltr'><strong>fuerint</strong></span> <span class='ocrx_word' id='word_1_317' title='bbox 541 4926 754 5012; x_wconf 86' lang='lat' dir='ltr'><strong>appellatione</strong></span> <span class='ocrx_word' id='word_1_318' title='bbox 783 4931 966 4985; x_wconf 87' lang='lat' dir='ltr'><strong>remota</strong></span> <span class='ocrx_word' id='word_1_319' title='bbox 991 4973 997 4984; x_wconf 93' lang='lat'>.</span> <span class='ocrx_word' id='word_1_320' title='bbox 1022 4970 1028 4984; x_wconf 90' lang='lat'>.</span> <span class='ocrx_word' id='word_1_321' title='bbox 1051 4971 1058 4986; x_wconf 91' lang='lat'>.</span> <span class='ocrx_word' id='word_1_322' title='bbox 1084 4925 1197 4984; x_wconf 85' lang='lat' dir='ltr'><strong>iaciens</strong></span> <span class='ocrx_word' id='word_1_323' title='bbox 1229 4927 1314 5000; x_wconf 91' lang='lat' dir='ltr'><strong>quod</strong></span> <span class='ocrx_word' id='word_1_324' title='bbox 1337 4969 1564 4987; x_wconf 92' lang='grc'><strong>........</strong></span> 
     </span>
     <span class='ocr_line' id='line_1_41' title="bbox 301 5011 1567 5108; baseline 0.002 -18"><span class='ocrx_word' id='word_1_325' title='bbox 301 5029 542 5105; x_wconf 84' lang='lat' dir='ltr'><strong>Testesautem,</strong></span> <span class='ocrx_word' id='word_1_326' title='bbox 566 5033 619 5108; x_wconf 89' lang='lat' dir='ltr'><strong>qni</strong></span> <span class='ocrx_word' id='word_1_327' title='bbox 641 5032 757 5091; x_wconf 84' lang='lat' dir='ltr'><strong>fuerint</strong></span> <span class='ocrx_word' id='word_1_328' title='bbox 778 5032 937 5106; x_wconf 88' lang='lat' dir='ltr'><strong>nominati,</strong></span> <span class='ocrx_word' id='word_1_329' title='bbox 957 5011 987 5091; x_wconf 89' lang='lat' dir='ltr'><strong>si</strong></span> <span class='ocrx_word' id='word_1_330' title='bbox 1008 5050 1041 5092; x_wconf 91' lang='lat' dir='ltr'><strong>se</strong></span> <span class='ocrx_word' id='word_1_331' title='bbox 1063 5033 1177 5107; x_wconf 84' lang='lat' dir='ltr'><strong>gracia,</strong></span> <span class='ocrx_word' id='word_1_332' title='bbox 1201 5034 1274 5093; x_wconf 91' lang='lat' dir='ltr'><strong>odio</strong></span> <span class='ocrx_word' id='word_1_333' title='bbox 1297 5033 1350 5092; x_wconf 91' lang='lat' dir='ltr'><strong>vel</strong></span> <span class='ocrx_word' id='word_1_334' title='bbox 1365 5035 1477 5093; x_wconf 91' lang='lat' dir='ltr'><strong>timore</strong></span> <span class='ocrx_word' id='word_1_335' title='bbox 1492 5034 1567 5092; x_wconf 92' lang='lat' dir='ltr'><strong>sub·</strong></span> 
     </span>
    </p>
   </div>
   <div class='ocr_carea' id='block_1_8' title="bbox 0 0 1873 5826">
    <p class='ocr_par' dir='ltr' id='par_1_8' title="bbox 0 0 1873 5826">
     <span class='ocr_line' id='line_1_42' title="bbox 0 0 1873 5826; baseline 0 0"><span class='ocrx_word' id='word_1_336' title='bbox 0 0 1873 5826; x_wconf 95' lang='lat' dir='ltr'><strong> </strong></span> 
     </span>
    </p>
   </div>
  </div>
 </body>
</html>
