3930 5802
717 581 793 642 Doc.
817 568 885 640 120.
910 615 952 626 -
974 581 1030 642 An.
1053 576 1145 658 1458.
1498 585 1557 656 163

295 801 415 874 regiam
438 804 581 859 evocaret
604 801 636 859 in
659 799 860 874 presenciam,
884 805 914 857 et
937 805 1007 876 post
1030 801 1087 858 hec
1110 799 1209 872 ipsius
1233 799 1426 857 evocacionis
1450 799 1561 858 seriem

297 921 369 964 curn
391 907 570 966 nominibus
593 911 795 965 evocatorum
817 905 857 963 ad
881 905 1006 964 easdem
1028 913 1153 964 octavas
1184 904 1267 964 dicto
1299 905 1426 963 domino
1457 911 1562 963 nostro

296 1013 364 1085 regi
386 1011 522 1070 fideliter
550 1011 770 1070 rescriberetis.
809 1011 873 1069 Vos
904 1013 1001 1085 igitur
1028 1013 1161 1085 receptis
1196 1011 1306 1069 litteris
1341 1011 1480 1068 annotati
1514 1025 1563 1068 co·

298 1118 383 1176 mitis
416 1118 558 1177 Matheus
595 1118 798 1189 evocatoriis,
833 1115 919 1192 juxta
954 1118 1135 1176 earumdem
1175 1117 1398 1176 continenciam
1432 1132 1565 1176 unacum

297 1224 458 1283 Demetrio
481 1223 520 1283 de
535 1225 690 1296 Drenova,
705 1225 831 1283 homine
852 1226 947 1298 regio,
971 1229 1110 1283 vestrum
1135 1226 1295 1283 hominem
1311 1223 1480 1297 Georgium
1503 1223 1564 1282 cle-

298 1331 400 1388 ricum
425 1330 464 1388 de
484 1329 633 1403 Swsicha,
657 1331 745 1388 chori
768 1330 849 1389 dicte
872 1331 1001 1389 ecclesie
1030 1333 1131 1389 vestre
1154 1330 1396 1405 prebendarium
1425 1330 1466 1388 ad
1496 1345 1566 1402 pre·

299 1437 426 1496 missam
462 1437 679 1495 evocacionem
710 1435 884 1494 faciendam
917 1442 1021 1497 vestro
1051 1453 1109 1512 pro
1133 1437 1310 1495 testimonio
1333 1435 1565 1494 tranmisissetis

299 1541 500 1616 fidedignum.
524 1542 586 1616 Qui
609 1541 734 1601 tandem
758 1542 869 1601 exinde
890 1543 930 1600 ad
953 1558 1009 1602 vos
1032 1544 1158 1613 reversi,
1181 1543 1273 1601 vobis
1296 1543 1489 1602 concorditer
1519 1558 1567 1599 re·

298 1635 463 1720 tullissent,
488 1649 569 1723 qued
592 1650 653 1723 ipsi
676 1650 808 1708 sabbato
831 1651 976 1723 proximo
1000 1653 1071 1708 ante
1092 1649 1206 1708 festum
1228 1650 1312 1707 beati
1342 1647 1458 1706 Mathei
1492 1661 1567 1722 apo·

299 1755 373 1814 stoli
395 1759 425 1814 et
448 1755 645 1828 ewangeliste
668 1756 700 1814 in
723 1755 808 1813 dicto
830 1770 909 1814 anno
933 1755 1052 1814 domini
1075 1755 1244 1814 millesimo
1263 1755 1566 1829 quadringentesimo

299 1847 457 1918 tricesimo
491 1865 603 1934 quarto
637 1862 829 1935 preteritum,
864 1860 1001 1934 prefatos
1036 1860 1237 1936 Stephanum,
1271 1861 1375 1920 filium
1399 1860 1567 1931 Michaelis,

301 1969 374 2023 tunc
394 1964 530 2042 judicem
561 1982 597 2024 ac
631 1967 825 2038 Michaelem,
859 1967 962 2025 filium
993 1965 1174 2039 sebastiani,
1197 1967 1392 2025 Anthonium
1414 1967 1568 2038 italicum,

304 2071 466 2145 Briccium,
502 2073 604 2131 filium
639 2072 803 2146 Benedicti,
837 2072 1008 2146 Georgium
1039 2079 1200 2146 sartorem,
1222 2073 1351 2132 Petrum
1373 2074 1568 2146 Hungarurn,

302 2177 381 2236 alias
398 2165 528 2253 iudices,
552 2181 725 2239 Fabianum
748 2180 929 2252 litteratum,
953 2181 1081 2253 Fryche,
1097 2181 1243 2252 Blasiurn,
1259 2181 1362 2238 filium
1378 2179 1570 2252 Wythezych

303 2287 333 2341 et
356 2284 537 2358 Georgium,
561 2285 664 2343 filiurn
687 2287 850 2358 Francisci,
873 2284 999 2362 juratos,
1015 2301 1051 2344 ac
1067 2290 1183 2344 ceteros
1205 2287 1289 2344 cives
1313 2293 1343 2344 et
1366 2291 1464 2344 totam
1486 2301 1570 2343 com-

303 2377 487 2448 munitatem
511 2391 643 2450 civitatis
667 2392 781 2450 montis
804 2389 968 2450 Grecensis
999 2392 1038 2450 de
1069 2393 1155 2450 iuxta
1184 2387 1370 2466 Zagrabiam
1399 2393 1431 2450 in
1462 2391 1570 2449 eadem

303 2496 427 2554 civitate
450 2498 564 2555 montis
588 2495 751 2556 Grecensis
775 2503 882 2556 contra
906 2504 1087 2558 annotatum
1110 2499 1283 2572 capitulum
1306 2497 1434 2556 ecclesie
1466 2511 1571 2570 zagra·

303 2591 419 2660 biensis
442 2587 481 2660 ad
504 2604 657 2678 premissa
678 2603 717 2662 ad
741 2603 839 2663 dictas
862 2611 986 2662 octavas
1010 2605 1080 2662 festi
1103 2605 1187 2662 beati
1211 2605 1371 2664 Michaelis
1394 2603 1572 2676 archangeli

304 2709 423 2782 regiam
446 2693 624 2768 evocassent
646 2711 678 2768 in
701 2711 902 2784 presenciam,
926 2711 965 2768 ad
990 2727 1066 2785 quas
1091 2709 1216 2770 tandem
1239 2715 1364 2768 octavas
1396 2708 1467 2767 festi
1489 2709 1572 2767 beati

304 2814 465 2874 Michaelis
498 2817 677 2890 archangeli
711 2815 825 2890 prelati
859 2817 891 2876 in
922 2833 1048 2876 causam
1070 2818 1193 2877 attracti
1216 2833 1273 2892 per
1295 2822 1475 2876 annotatum
1499 2830 1572 2891 pro·

304 2927 479 2979 curatorem
503 2921 577 2980 dicti
601 2923 731 2998 capituli
752 2925 784 2982 in
806 2939 938 2998 persona
960 2924 1099 2983 eiusdem
1123 2925 1268 2997 congruis
1299 2924 1410 2982 diebus
1432 2924 1574 2997 ipsarum

306 3032 488 3086 octavarum
504 3043 610 3086 coram
631 3030 700 3104 ipso
717 3031 829 3088 comite
844 3031 985 3089 Matheus
1002 3032 1162 3105 expectati,
1179 3029 1318 3088 eiusdem
1334 3031 1365 3088 in
1381 3029 1573 3104 presenciam

306 3147 369 3192 non
391 3134 554 3206 venissent,
577 3151 677 3209 neque
700 3137 864 3210 misissent,
887 3153 944 3196 nec
967 3137 1190 3212 persolvissent
1211 3135 1327 3212 judicia
1349 3136 1575 3209 prenominata,

307 3238 362 3296 sed
385 3250 418 3298 se
440 3240 649 3300 mediantibus
673 3241 762 3300 dictis
786 3243 899 3301 lttteris
922 3244 1060 3302 annotati
1075 3243 1196 3301 comitis
1213 3242 1353 3300 Matheus
1375 3239 1574 3317 judicialibus

307 3345 417 3404 exinde
440 3346 586 3405 coniectis
608 3363 665 3421 pro
689 3364 798 3408 eorurn
819 3365 881 3408 non
904 3349 1056 3408 veniendo
1080 3351 1111 3407 in
1133 3347 1283 3425 judicium
1299 3349 1451 3406 consvetis
1468 3354 1497 3405 et
1514 3362 1572 3422 pro

307 3467 369 3509 non
393 3451 552 3514 solucione
575 3453 731 3512 dictorum
760 3454 949 3531 judiciorum
979 3457 1012 3514 in
1042 3454 1163 3530 dupplo
1199 3455 1381 3513 eorumdem
1411 3454 1577 3528 aggravari

308 3559 527 3632 permisissent.
551 3560 673 3634 Quibus
694 3561 840 3621 exhibitis
863 3561 1002 3636 prefatus
1027 3568 1208 3636 procurator
1239 3562 1336 3635 ipsius
1360 3560 1489 3634 capituli
1512 3559 1575 3618 ale·

308 3666 394 3738 gavit
432 3681 469 3724 eo
503 3667 609 3740 modo,
639 3667 797 3742 quomodo
832 3683 924 3726 causa
957 3668 990 3726 in
1019 3669 1171 3742 premissa
1202 3668 1305 3726 medio
1330 3673 1471 3742 tempore
1494 3668 1575 3726 inter

269 3856 271 3860 .
307 3772 432 3830 easdem
466 3777 569 3846 partes
605 3772 839 3847 quodammodo
874 3774 1078 3832 condescensa
1114 3775 1272 3847 extitisset,
1295 3774 1378 3832 unde
1413 3774 1440 3832 si
1462 3773 1495 3832 id
1516 3771 1578 3848 juri

309 3877 517 3937 conformaret
540 3885 569 3937 et
592 3881 721 3953 equitati
745 3879 912 3953 videretur,
943 3886 1058 3940 extunc
1081 3881 1165 3939 idern
1189 3883 1363 3956 capitulum
1386 3879 1524 3955 prelatos
1546 3881 1579 3937 in

308 3999 434 4042 causam
456 3991 603 4043 attractos
625 3985 665 4043 ad
689 3987 841 4060 premissa
864 3988 982 4060 regiam
1006 3989 1038 4045 in
1069 3990 1262 4062 presenciam
1292 3988 1444 4060 legittime
1477 3986 1578 4045 facere

308 4091 405 4148 vellet
428 4092 625 4164 proclamari.
648 4093 686 4150 Et
702 4094 775 4167 quia
792 4093 944 4166 allegacio
961 4096 1172 4168 procuratoris
1190 4095 1287 4168 ipsius
1304 4093 1494 4151 admittenda
1512 4093 1578 4150 fore

309 4195 482 4270 videbatur,
515 4214 573 4272 pro
604 4213 640 4256 eo
666 4205 803 4257 vestram
826 4201 1000 4258 amiciciam
1024 4201 1218 4273 presentibus
1242 4201 1377 4275 petimus
1406 4199 1578 4271 diligenter,

311 4310 461 4375 quatenus
492 4313 632 4363 vestrum
666 4307 796 4364 mittatis
827 4307 986 4364 hominem
1009 4322 1066 4380 pro
1090 4307 1267 4364 testimonio
1289 4305 1492 4378 fidedignum,
1517 4319 1579 4378 quo

311 4415 452 4482 presente
482 4410 674 4484 Valentinus,
706 4413 791 4470 filius
822 4412 980 4486 Stephani,
1013 4413 1065 4470 vcl
1096 4413 1243 4470 Nicolaus
1266 4417 1318 4470 aut
1341 4411 1518 4469 Demetrius
1541 4409 1579 4466 de

310 4515 472 4589 Drenowa,
495 4533 549 4574 seu
573 4518 749 4590 Dyonisius,
775 4519 859 4577 filius
882 4520 1015 4577 Emerici
1039 4519 1077 4576 de
1100 4519 1291 4592 Adanowch,
1314 4533 1369 4575 seu
1392 4519 1490 4575 Lucas
1514 4517 1580 4574 sive

310 4622 443 4680 Michael
467 4622 505 4680 de
530 4623 680 4697 Kysgora,
703 4641 790 4683 newe
814 4625 969 4683 Ladomer
992 4625 1030 4683 de
1054 4625 1137 4683 dicta
1160 4623 1344 4694 Adanotvcz,
1369 4624 1438 4681 aliis
1470 4625 1579 4680 absen-

310 4727 402 4800 tibus,
427 4730 522 4798 homo
545 4731 657 4804 regius,
682 4733 855 4805 prelibatos
878 4733 909 4790 in
932 4748 1058 4790 causam
1082 4738 1227 4790 attractos
1258 4732 1290 4788 in
1322 4729 1481 4804 premissis
1511 4745 1580 4804 per-

312 4833 488 4908 hemptorie
512 4851 723 4912 responsuros,
741 4839 959 4912 racionemque
983 4839 1142 4898 efficacem
1158 4838 1342 4909 reddituros,
1361 4853 1396 4894 ac
1413 4835 1451 4893 de
1465 4834 1580 4911 judicio

310 4941 535 5016 quinquaginta
569 4959 749 5003 marcarum
780 4945 871 5004 nohis
906 4953 936 5004 et
967 4947 1050 5020 parti
1079 4946 1210 5003 adverse
1240 4942 1452 5002 satisfacturos
1475 4948 1581 5001 contra

311 5053 491 5108 annotatum
515 5051 689 5124 capitulum
712 5052 841 5110 ecclesie
868 5053 1075 5124 zagrabiensis
1098 5052 1138 5111 ad
1162 5058 1287 5110 octavas
1319 5049 1389 5109 festi
1420 5050 1502 5107 beati
1525 5049 1581 5106 Mi·

1474 5151 1489 5187 ss
