3932 5806
701 575 931 651 Doc.231.-
955 571 1129 654 Arc1464.
1483 581 1544 656 289

278 789 428 848 noticiam
457 790 570 848 harum
599 791 678 848 serie
707 790 854 848 volumus
883 792 1063 865 pervenire,
1094 792 1190 866 quod
1209 793 1319 851 fideles
1348 795 1447 853 nostri
1471 809 1543 868 pru·

279 893 385 954 dentes
408 899 438 952 et
461 895 678 969 circumspecti
708 895 853 953 Nicolaus
883 893 978 971 judex
1001 911 1037 955 ac
1060 898 1234 956 Anthonius
1255 903 1285 957 et
1308 899 1428 958 Blasius
1451 901 1544 959 iurati

279 1001 361 1060 cives
384 1000 518 1059 civitatis
540 1007 644 1058 nostre
666 1002 781 1059 montis
804 1000 966 1060 Grecensis
989 1003 1167 1062 nominibus
1191 1007 1221 1061 et
1243 1003 1274 1062 in
1295 1005 1436 1078 personis
1459 1007 1545 1065 exhi·

279 1106 414 1166 buerunt
444 1113 475 1166 et
509 1112 765 1181 presentaverunt
797 1109 888 1166 nobis
912 1106 1066 1180 quasdam
1098 1107 1219 1166 litteras
1255 1109 1386 1184 capituli
1415 1111 1543 1170 ecclesie

277 1211 421 1285 albensis,
450 1211 555 1285 sigillo
586 1211 733 1282 eiusdem,
757 1227 818 1286 quo
841 1213 946 1284 utitur,
967 1216 999 1271 in
1021 1213 1167 1287 pendenti
1183 1216 1384 1289 consignatas,
1407 1216 1544 1276 median·

278 1319 362 1376 tibus
394 1319 508 1392 quibus
538 1318 622 1376 idem
653 1320 825 1393 capitulum
860 1318 1012 1392 quasdam
1041 1319 1160 1379 litteras
1190 1320 1322 1380 condam
1355 1323 1543 1382 serenissimi

277 1425 428 1499 principis
457 1423 577 1483 domini
606 1423 679 1483 Bele
708 1424 822 1500 prefati
852 1425 939 1498 regni
961 1426 1059 1484 nostri
1081 1426 1239 1499 Hungarie
1268 1428 1359 1500 regis,
1382 1427 1542 1502 predeces-

277 1531 357 1590 soris
387 1531 494 1604 nostri,
525 1546 620 1606 super
647 1546 710 1590 non
739 1531 897 1590 solucione
926 1537 957 1589 et
979 1533 1181 1606 exempcione
1206 1534 1421 1606 quorumlibet
1443 1535 1543 1594 tribu·

277 1641 381 1696 torum
404 1641 469 1694 tam
491 1636 524 1696 in
546 1637 645 1709 terris,
669 1651 763 1710 quam
782 1651 877 1712 super
899 1638 988 1712 aquis
1011 1654 1047 1696 ac
1077 1639 1176 1696 eciam
1203 1639 1432 1699 tricesimarum
1462 1642 1544 1700 intra

278 1743 433 1800 ambitum
455 1743 543 1814 regni
564 1743 662 1800 nostri
685 1742 767 1816 exigi
796 1742 960 1802 solitarum
989 1759 1047 1818 per
1069 1744 1227 1820 prelatum
1249 1745 1411 1805 domiuum
1435 1747 1543 1806 Belam

275 1863 382 1921 regern
405 1848 557 1906 annotatis
580 1848 702 1906 civibus
725 1854 756 1905 et
770 1847 1033 1908 inhabitatoribus
1056 1847 1137 1908 dicte
1158 1851 1292 1908 civitatis
1307 1857 1412 1910 nostre
1428 1854 1542 1912 montis

277 1954 440 2015 Grecensis
455 1955 593 2028 graciose
608 1955 760 2015 concessis
778 1959 943 2026 emanatas,
960 1956 1197 2030 transumpslsse
1213 1954 1413 2030 dignoscitur,
1428 1959 1543 2018 tenoris

276 2059 474 2136 infrascripti,
504 2061 715 2134 supplicantes
747 2060 902 2118 maiestati
929 2065 1035 2119 nostre
1064 2060 1178 2135 prefati
1208 2061 1355 2120 Nicolaus
1386 2060 1482 2139 judex
1512 2070 1542 2123 et

276 2166 451 2225 Anthonlus
474 2181 510 2224 ac
532 2165 652 2224 Blasius
675 2166 769 2224 iurati
792 2166 876 2224 cives
898 2167 961 2224 suis
977 2171 1007 2224 et
1022 2166 1177 2226 dictorum
1192 2168 1410 2226 universorum
1425 2170 1541 2228 civium

275 2287 312 2330 ac
334 2273 433 2331 tocius
456 2272 687 2331 communitatis
709 2271 848 2345 predicte
871 2273 1006 2330 civitatis
1035 2279 1140 2332 nostre
1162 2274 1278 2332 montis
1301 2273 1465 2334 Grecensis
1487 2291 1541 2334 no-

276 2378 422 2450 minibus,
452 2383 487 2437 ut
516 2393 572 2438 nos
596 2379 785 2453 prescriptas
808 2379 928 2437 litteras
951 2378 1027 2438 dicti
1049 2380 1178 2453 capituli
1201 2380 1329 2439 ecclesie
1352 2381 1489 2440 albensis
1511 2387 1542 2440 et

275 2486 381 2543 omnia
404 2485 502 2544 ineis
525 2489 669 2542 contenta
690 2490 782 2556 ratas,
804 2491 909 2558 gratas
932 2491 961 2543 et
984 2490 1110 2560 accepta
1125 2486 1282 2557 habentes,
1298 2487 1411 2544 litteris
1427 2489 1541 2546 nostris

275 2591 527 2665 privilegialibus
550 2590 589 2649 de
611 2591 709 2649 verbo
733 2590 773 2649 ad
797 2591 930 2649 verbum
954 2591 1081 2650 inscribi
1100 2598 1130 2650 et
1145 2592 1240 2650 inseri
1256 2591 1407 2665 faciendo,
1425 2607 1541 2667 appro-

275 2697 359 2768 bare,
382 2711 419 2754 ac
441 2697 525 2771 ipsas
548 2711 607 2771 pro
630 2696 759 2771 prefatis
782 2697 920 2768 Nicolao,
945 2698 1103 2756 anthonio
1133 2705 1163 2756 et
1185 2698 1288 2756 Blasio
1311 2713 1348 2756 ac
1369 2703 1434 2757 tota
1455 2689 1540 2756 'com-

275 2803 425 2862 munitate
448 2804 565 2863 civium
588 2808 619 2863 et
640 2804 885 2862 inhabitatorum
909 2802 1029 2878 prefate
1062 2811 1166 2863 nostre
1189 2805 1332 2876 civitatis,
1354 2805 1538 2864 successori·

277 2910 399 2984 busque
421 2910 564 2984 ipsorum
586 2911 748 2984 universis,
770 2909 962 2970 innovandas
992 2917 1145 2984 perpetuo
1175 2911 1325 2969 valituras
1355 2909 1541 2969 confirmare

276 3015 487 3089 dignaremur.
512 3015 784 3090 Quarumquidem
806 3016 984 3074 litterarum
1007 3024 1095 3075 tenor
1118 3017 1188 3076 talis
1211 3021 1270 3075 est:
1302 3011 1389 3094 (vide
1421 3017 1484 3075 vol.
1516 3017 1539 3077 I.

273 3121 349 3179 Doc
376 3136 444 3191 152·
468 3122 507 3181 de
529 3137 610 3182 anno
634 3137 728 3198 1329.
756 3138 802 3196 13.
825 3114 1026 3199 novembris).
1051 3122 1116 3181 Nos
1139 3122 1233 3196 igitur
1255 3122 1444 3180 humillimis
1467 3139 1540 3197 sup·

274 3227 502 3300 plicacionibus
523 3228 731 3287 antefatorum
754 3229 871 3288 civium
895 3244 952 3302 per
974 3243 1026 3286 eos
1049 3229 1113 3286 suis
1136 3233 1166 3287 et
1189 3227 1382 3303 prefatorum
1399 3229 1540 3286 omnium

274 3333 389 3390 civium
420 3348 457 3391 ac
487 3334 584 3391 tocius
614 3335 845 3392 communitatis
875 3338 1012 3408 pretacte
1043 3333 1176 3392 civitatis
1198 3339 1303 3392 nostre
1325 3333 1441 3390 montis
1463 3331 1540 3391 Gre-

273 3439 372 3496 censis
394 3439 574 3498 nominibus
597 3445 627 3498 et
649 3441 681 3498 in
704 3440 843 3515 personis
873 3446 993 3511 nostre,
1026 3439 1121 3497 modo
1151 3453 1214 3512 quo
1244 3454 1355 3512 supra,
1388 3439 1540 3512 porrectis

273 3545 443 3616 maiestati,
477 3546 563 3619 regia
597 3547 786 3620 benignitate
820 3546 972 3604 exauditis
1007 3551 1037 3604 et
1072 3545 1240 3604 clementer
1275 3544 1435 3616 admissis,
1471 3560 1540 3619 pre·

272 3651 404 3724 scriptas
427 3649 547 3710 litteras
570 3651 645 3710 dicti
667 3652 797 3726 capituli
819 3653 947 3710 ecclesie
970 3652 1105 3710 albensis
1135 3665 1198 3709 non
1220 3651 1356 3721 abrasas,
1379 3666 1440 3709 non
1469 3667 1540 3708 can·

273 3756 410 3830 cellatas,
432 3773 489 3816 nec
511 3759 543 3816 in
565 3758 672 3832 aliqua
695 3759 743 3816 sui
765 3763 853 3832 parte
875 3763 1043 3832 suspectas,
1066 3758 1323 3831 presentibusque
1345 3757 1457 3815 litteris
1485 3771 1540 3815 no·

272 3863 345 3920 stris
369 3863 620 3938 privilegialibus
643 3866 708 3923 sine
739 3864 948 3923 diminucione
980 3869 1010 3922 et
1040 3867 1207 3937 augmento
1238 3863 1369 3936 aliquali
1401 3863 1540 3935 insertas,

273 3968 375 4041 quoad
399 3984 508 4028 omnes
530 3985 638 4028 earum
662 3971 877 4042 continencias,
902 3970 1058 4028 clausulas
1082 3977 1112 4027 et
1135 3969 1282 4027 articulos
1305 3974 1439 4041 eatenus,
1464 3985 1539 4042 qua-

273 4078 361 4132 tenus
392 4074 500 4132 eedem
529 4076 588 4134 rite
620 4082 650 4134 et
677 4077 829 4149 legittime
859 4081 1000 4134 emanate
1023 4076 1167 4146 existunt,
1191 4080 1397 4148 acceptamus,
1421 4088 1538 4148 appro-

271 4179 383 4238 bamus
414 4186 445 4238 et
476 4180 667 4240 ratificamus
697 4198 733 4240 ac
764 4182 888 4241 easdem
919 4188 950 4240 et
979 4183 1083 4240 omnia
1107 4183 1138 4240 in
1161 4182 1205 4240 eis
1229 4185 1371 4238 contenta
1394 4195 1432 4237 ex
1456 4185 1539 4238 certa

271 4293 376 4344 nostre
398 4287 569 4346 maiestatis
590 4289 721 4348 sciencia
744 4294 775 4347 et
797 4290 901 4348 animo
925 4288 1097 4346 deliberato
1129 4302 1187 4360 pro
1211 4287 1392 4344 memoratis
1416 4285 1539 4344 civibus

272 4399 303 4450 et
325 4398 390 4451 tota
412 4395 635 4453 communitate
658 4394 778 4470 prefate
801 4395 935 4454 civitatis
951 4400 1064 4466 nostre,
1081 4394 1284 4468 ipsorumque
1307 4391 1538 4450 successoribus

272 4505 303 4557 et
325 4499 559 4573 posteritatibus
582 4501 735 4560 universis
758 4502 949 4572 innovantes,
973 4504 1124 4575 perpetuo
1147 4499 1299 4557 valituras
1316 4497 1538 4556 oonfirmamus

270 4605 423 4678 presentis
445 4607 554 4682 scripti
575 4608 672 4666 nostri
695 4608 868 4682 patrocinio
897 4607 1062 4665 mediante.
1091 4607 1126 4664 ln
1156 4606 1243 4663 cuius
1275 4605 1320 4662 rei
1352 4603 1537 4662 memoriam

269 4710 514 4785 firmitatemque
536 4719 720 4787 perpetuam
741 4719 898 4788 presentes
928 4713 1048 4771 litteras
1078 4715 1200 4770 nostras
1223 4709 1437 4784 privilegiales
1460 4725 1538 4783 pen·

270 4815 370 4876 dentis
401 4822 431 4875 et
461 4818 630 4877 authentici
659 4819 786 4878 maioris
817 4818 915 4892 sigilli
949 4819 1048 4876 nostri
1071 4817 1228 4892 dupplicis
1251 4815 1423 4874 munimine
1444 4814 1538 4873 robo-

269 4929 354 4983 ratas
376 4924 495 4984 eisdem
518 4925 666 4984 duximus
689 4925 908 4985 concedendas.
931 4926 1048 4983 Datum
1072 4939 1129 4998 per
1152 4939 1263 4982 manus
1285 4919 1538 4980 reverendissimi

267 5031 301 5090 in
323 5031 447 5091 Christo
469 5031 577 5108 patris,
602 5031 723 5091 domini
746 5031 896 5108 Stephani
918 5032 1087 5091 colocensis
1100 5037 1130 5090 et
1145 5030 1319 5090 bachiensis
1334 5027 1538 5087 ecclesiarum

1437 5148 1475 5208 19
