3764 5924
371 565 431 626 532
784 548 1001 627 Mcrologricm.
1026 549 1199 623 Epitaphia.
1324 589 1327 594 -

477 777 557 824 Auno
578 785 652 837 1499.
675 774 714 824 16.
734 773 833 839 aprilis.

371 888 438 946 Hoc
460 902 550 945 mane
574 885 650 944 feria
672 887 766 944 tercia
789 886 977 945 reverendus
993 886 1137 946 dominus
1153 887 1310 946 Osvaldus
1326 887 1493 962 episcopus
1509 885 1655 944 ecclesie

415 993 622 1066 zagrahIensis
642 999 783 1050 mortuus
806 1001 859 1050 est.
975 1017 979 1024 ·

583 1129 653 1178 Nota
672 1129 699 1178 ln
717 1127 868 1178 kalendario
887 1129 1008 1178 breviarii
1025 1127 1088 1180 eccl.
1106 1127 1208 1192 zagreb.
1227 1130 1260 1177 Iu
1278 1127 1399 1180 biblioth.
1418 1128 1502 1179 dioec.

478 1307 559 1356 Anno
581 1318 655 1368 ¹499·

372 1435 448 1491 Item
472 1441 650 1494 executores
680 1437 868 1493 venerabilis
899 1435 1030 1494 condam
1062 1435 1182 1497 domini
1214 1438 1373 1496 Michaelis
1406 1436 1563 1512 prepositi
1589 1441 1653 1494 etc.

417 1556 475 1615 pro
498 1540 659 1614 refrigerio
682 1541 791 1599 salutis
814 1542 917 1600 anime
947 1541 1084 1600 elusdem
1117 1545 1353 1602 contribuerunt
1384 1541 1451 1601 tlor.
1481 1559 1506 1601 1.
1532 1547 1564 1600 et
1590 1541 1653 1600 de·

417 1646 529 1705 derunt
553 1663 647 1704 unum
674 1647 842 1720 pulchrum
865 1653 1009 1706 ornatum
1032 1648 1071 1706 ad
1096 1647 1298 1708 haleudinum
1323 1649 1413 1706 beate
1436 1649 1554 1705 Mariae
1582 1648 1655 1705 vlr-

418 1753 497 1824 ginis
520 1752 653 1810 rubrum
676 1752 715 1810 de
738 1752 846 1810 veluto
870 1754 937 1811 sive
959 1769 1029 1811 raso
1053 1770 1123 1812 cum
1148 1771 1239 1812 cruce
1255 1755 1411 1824 deaurata,
1435 1756 1490 1828 qui
1513 1761 1655 1812 ornatus

418 1859 502 1916 valet
524 1857 590 1916 flor.
614 1858 728 1916 decem.

376 2051 462 2122 item,
488 2052 635 2125 magister
669 2051 844 2124 Stephanus
878 2054 1024 2124 noterius,
1058 2061 1205 2112 executor
1235 2053 1367 2112 condam
1402 2053 1523 2111 domiui
1559 2052 1655 2112 Petri

418 2158 544 2215 lectoris
566 2158 774 2229 zagrabiensis
797 2166 852 2216 etc.
875 2157 1019 2217 similiter
1043 2173 1102 2232 pro
1124 2159 1286 2232 refrigerio
1310 2160 1421 2218 salutis
1437 2161 1542 2218 anime
1559 2159 1650 2217 eius·

419 2262 490 2321 dem
513 2263 628 2321 obtulit
650 2261 716 2321 tior.
743 2279 767 2321 1.
791 2271 822 2322 et
844 2263 883 2322 ad
901 2264 1018 2322 dictum
1034 2264 1237 2323 kalendinum
1253 2266 1363 2323 cistam
1380 2279 1475 2323 unam
1492 2279 1653 2338 maguam

420 2377 450 2427 et
472 2369 633 2442 optimam,
658 2370 689 2428 in
712 2384 845 2443 quares
869 2371 967 2444 ipsius
989 2370 1147 2429 kalendini
1171 2378 1403 2429 conservantur.

587 2507 672 2555 Notae
688 2507 715 2555 ln
734 2513 848 2570 regestro
869 2507 1003 2556 halendiui
1019 2525 1064 2556 seu
1080 2509 1299 2558 confraternitatis
1313 2508 1562 2558 Praebendariorom
1583 2507 1656 2562 ecel.

622 2593 734 2645 cathedr.
754 2595 786 2644 In
805 2595 900 2646 archiv.
921 2595 980 2647 incl.
1002 2597 1085 2648 Acad.
1105 2597 1201 2648 Scient.
1220 2597 1320 2648 Slavor.
1339 2597 1428 2648 merId.

998 2811 1022 2853 1.

482 2893 557 2943 Circa
574 2909 633 2945 ann.
657 2906 730 2958 1450.

378 3017 485 3101 (niu)
502 3015 656 3084 muer.
679 3018 725 3082 n.
744 3015 888 3085 uxor.
906 3016 1142 3086 nurnonu.
1161 3016 1413 3086 srnuonnu
1430 3021 1462 3084 a<
1482 3019 1655 3103 (ινιυειξ

378 3140 544 3206 anunm
561 3140 620 3205 ur.
639 3138 1335 3220 Pnuu.1ruuuresunr.a.nnu0.
1354 3141 1432 3208 nu.
1452 3142 1581 3208 utun.
1595 3187 1632 3209 ..

378 3282 457 3346 Lapis
475 3279 645 3347 sepulchralis
663 3282 726 3332 olim
745 3283 772 3332 iu
790 3282 852 3336 eccl.
872 3299 892 3332 s.
911 3283 981 3332 Petri
1001 3284 1051 3332 vici
1078 3284 1238 3334 Latinorum.

1001 3501 1027 3541 2.

489 3585 569 3634 Anno
590 3595 664 3648 1472.

529 3707 622 3772 1472.
647 3707 771 3772 nunu
797 3706 1012 3774 unrrueur
1038 3706 1177 3774 retur
1202 3708 1325 3775 ruem
1351 3707 1473 3775 uuus

509 3827 750 3895 maurinus
777 3829 977 3896 phanau.
1003 3818 1164 3897 unone
1190 3831 1233 3896 Β4
1259 3818 1498 3900 naurdi.

774 3951 1039 4018 runnursuu
1066 3951 1236 4019 runnu.

382 4093 461 4160 Lapis
480 4092 649 4158 sepulchralis
669 4093 732 4142 olim
751 4093 779 4142 iu
797 4093 940 4158 parochiali
969 4094 1023 4144 eccl
1056 4109 1075 4145 s.
1104 4096 1188 4145 Marci
1214 4097 1242 4145 iu
1266 4103 1353 4146 moute
1378 4097 1502 4147 Grecensi
1527 4113 1598 4148 nunc
1626 4103 1654 4151 in

453 4181 577 4231 nationali
596 4195 699 4230 musaeo
719 4181 866 4245 Zegrabiae.

490 4462 569 4511 Anno
593 4474 665 4527 ¹495-
1001 4379 1018 4437 3

385 4569 577 4628 IOANNES
603 4569 654 4628 DE
679 4569 897 4630 MAROCHA
917 4572 1278 4634 ARCHIDIACONVS
1297 4575 1555 4636 GORICENSIS
1574 4580 1654 4640 SIBI

385 4674 557 4742 SVOQVE
572 4675 723 4734 FRATRI
736 4677 888 4737 BLASIO
903 4679 940 4736 D·
960 4679 997 4736 D·
1016 4679 1191 4738 ARCIIID·
1211 4681 1387 4741 KEMLEK·
1405 4683 1656 4748 MCCCCXCV

474 4781 541 4840 DIE
566 4781 595 4841 S·
622 4781 836 4844 VINCENTII
861 4784 958 4878 VITA
984 4785 1167 4848 FUNCTO·
1196 4788 1357 4850 FACERE
1381 4790 1581 4850 CVRAVIT·

384 4921 463 4986 Lapis
481 4921 650 4987 sepulchralis
667 4922 730 4972 olim
750 4924 776 4972 in
796 4923 858 4976 eccl.
878 4925 1019 4975 cathedrali
1038 4927 1206 4990 zagrabieusi.
