3736 5826
632 527 705 583 Dec.
729 538 776 582 to,
799 558 843 568 —-
866 523 922 583 An.
946 521 1037 602 1406.
1444 545 1461 600 9

154 739 269 792 taxam
311 753 376 794 seu
418 741 608 813 collectam,
638 741 784 799 videlicet
814 741 1019 815 quadraginta
1043 758 1173 806 marces¹
1198 743 1312 816 quibus
1335 742 1366 800 in
1389 741 1468 800 festo

153 840 450 904 circumcisionis
479 847 608 920 domini,
631 849 774 922 proxime
796 849 953 922 preterito,
978 851 1174 908 serenissimo
1189 849 1323 924 principi
1340 847 1467 906 domino

153 953 271 1005 nostro
289 951 563 1026 graciocissimo,
579 953 705 1012 domiuo
720 952 920 1026 Sigismundo
935 956 1001 1027 regi
1016 955 1175 1028 Hungarie
1192 962 1248 1014 etc.
1275 955 1468 1026 tenebantur,

154 1054 255 1112 nobis
280 1055 394 1130 plene
423 1063 462 1116 et
484 1060 605 1132 integre
626 1059 843 1134 persolverint.
867 1059 967 1134 Super
990 1061 1105 1134 quibus
1128 1061 1284 1136 predictos
1306 1061 1389 1119 cives
1414 1075 1467 1117 seu

155 1159 313 1234 hospites
341 1165 496 1238 quietos,
527 1165 688 1240 expeditos
712 1172 743 1224 et
764 1183 822 1240 per
845 1167 950 1224 omnia
972 1167 1132 1224 absolutos
1156 1167 1302 1226 duximus
1326 1166 1469 1224 commit·

157 1267 288 1326 leudos.
314 1268 464 1329 Harum
487 1277 664 1330 nostrarum
689 1273 863 1334 testimonio
895 1273 1079 1332 litterarum.
1113 1274 1231 1332 Datum
1253 1273 1414 1347 Zagrabye
1437 1273 1466 1332 iu

160 1371 246 1431 testo
263 1382 388 1435 sancte
407 1378 584 1437 Trinitatis.
600 1379 690 1437 Anno
706 1379 825 1437 domini
841 1379 1012 1438 millesimo
1029 1379 1334 1453 quadringentesimo
1351 1379 1467 1453 quinto.

280 1511 445 1576 Originale
471 1515 500 1564 iu
527 1515 622 1568 charta.
647 1516 679 1564 In
708 1517 821 1580 margine
848 1517 964 1566 inferiori
992 1517 1145 1581 impressum
1172 1522 1211 1566 est
1230 1532 1336 1582 parvum
1354 1513 1468 1580 sigillum

163 1598 250 1663 episc.
272 1601 311 1649 Iu
335 1603 451 1656 archiv.
471 1603 531 1656 incl.
550 1605 634 1658 Acad.
655 1605 751 1657 Scieut.
773 1605 871 1658 Sluvor.
884 1605 1045 1656 meridional.

809 1818 868 1884 10.

290 1938 388 1990 Anno
411 1942 488 2006 1406,
510 1954 548 1994 10.
565 1941 685 2006 januarii.
703 1941 799 1992 Budae.

174 2061 406 2138 Sigismundus
429 2069 606 2142 Hungariae
627 2076 675 2126 etc.
698 2087 753 2126 rex
767 2069 956 2142 priuilegrbm
976 2069 1066 2128 Belae
1081 2068 1102 2125 I
1108 2067 1137 2125 V.
1153 2069 1229 2140 regis
1244 2068 1277 2124 de
1293 2067 1469 2126 libertatibus

383 2175 492 2234 civibus
514 2177 641 2254 civitatis
662 2177 767 2234 neentis
796 2175 946 2236 Graccusis
968 2175 1110 2246 concessis,
1134 2176 1292 2249 confirmat.

296 2334 527 2410 sigismundus
561 2339 611 2400 dei
644 2339 750 2413 gracia
782 2339 950 2412 Hungarie,
985 2339 1154 2409 Dalmacie,
1189 2337 1325 2408 Croacie,
1361 2337 1467 2408 Rame,

181 2436 310 2512 Seruie,
338 2443 483 2515 Gallicis,
507 2439 701 2516 Lodomeri'e,
725 2445 883 2517 Cumanie,
909 2445 1115 2518 Bulgarieque
1138 2461 1201 2514 rex,
1218 2445 1357 2503 marchio
1375 2443 1468 2501 Bran·

182 2529 450 2622 demburgensis,
471 2551 551 2608 sacri
573 2551 694 2609 romani
718 2549 841 2625 imperii
864 2532 1151 2623 archycamararius
1181 2563 1299 2608 necnon
1322 2549 1469 2608 Bobemie

187 2657 220 2708 et
243 2652 534 2729 Lutemburgensis
558 2658 654 2715 heres.
678 2657 831 2715 Omnibus
848 2657 962 2715 Christi
979 2656 1126 2715 fidelibus
1142 2656 1337 2730 presentibus
1354 2656 1469 2729 pariter

187 2763 220 2814 et
244 2757 371 2819 futuris
393 2763 587 2836 presencium
611 2763 757 2820 noticiam
787 2763 940 2821 habituris
971 2763 1105 2822 salutem
1140 2763 1171 2820 in
1205 2777 1249 2832 eo,
1284 2777 1341 2835 per
1374 2776 1468 2834 quem

189 2879 286 2937 reges
310 2873 446 2940 regnant
467 2871 497 2926 et
520 2869 676 2942 principes
700 2868 905 2927 dominantur.
928 2869 1124 2927 Favorabilis
1153 2869 1267 2942 peticio
1290 2867 1468 2942 supplican-

190 2969 281 3028 cium
308 2973 423 3030 effectu
447 2973 540 3032 debet
562 2975 761 3047 consequenti
782 2975 943 3048 compleri.
968 2983 1001 3032 ut
1025 2975 1101 3032 dum
1125 2989 1168 3046 ea,
1193 2989 1252 3048 que
1268 2975 1347 3034 iuste
1364 2981 1468 3047 postu·

194 3075 264 3134 lant
289 3085 519 3153 promerentur,
542 3080 580 3137 ad
614 3080 772 3138 fidelitatis
803 3083 954 3154 obsequia
989 3081 1089 3153 magis
1124 3096 1232 3138 eorum
1264 3080 1393 3138 devocio
1416 3095 1469 3136 au·

194 3190 321 3256 geatur.
345 3187 476 3245 Proinde
500 3188 539 3245 ad
563 3189 781 3246 universorum
805 3188 952 3247 noticiam
975 3189 1089 3245 harum
1112 3187 1189 3244 serie
1221 3188 1367 3244 volumus
1399 3202 1468 3260 per-

197 3293 326 3350 venire:
348 3291 430 3365 quod
451 3293 560 3352 fideles
583 3295 681 3352 nostri
702 3295 761 3352 viri
784 3294 909 3368 providi
940 3294 1058 3365 Petrus,
1091 3293 1191 3350 dictus
1222 3291 1351 3367 Saphar,
1384 3291 1468 3349 filius

198 3395 296 3471 Petri,
320 3397 423 3475 judex,
437 3415 564 3458 necnon
588 3400 696 3458 Choon
717 3416 753 3459 ac
775 3402 930 3484 Johanues
954 3400 1040 3458 filius
1063 3399 1183 3470 Bozow,
1219 3401 1302 3457 cives
1336 3399 1469 3456 civitatis

201 3511 310 3564 nostre
325 3507 439 3564 montis
455 3505 616 3564 Grecensis
633 3507 671 3564 de
687 3507 848 3579 Zagrabia,
864 3507 928 3564 suis
951 3513 981 3563 et
997 3507 1213 3566 universorum
1239 3505 1413 3564 concivium
1437 3509 1467 3562 et

203 3612 403 3686 cohospitum
425 3613 574 3687 ipsorum',
600 3614 844 3671 inhabitatorum
866 3617 977 3688 utputa
1000 3605 1097 3686 ipsius
1121 3613 1261 3683 civitatis,
1284 3612 1463 3670 nominibus

204 3722 234 3774 et
271 3720 304 3776 in
341 3721 489 3793 personis.
512 3719 552 3776 ad
587 3725 692 3778 nostre
728 3720 877 3778 claritatis
915 3719 1094 3778 accedentes
1133 3724 1353 3792 conspectum,
1384 3717 1468 3774 exhi·

204 3823 341 3883 buerunt
364 3827 454 3883 nobis
477 3831 506 3883 et
528 3831 784 3900 presentaverunt
808 3825 966 3899 quoddam
989 3825 1191 3898 privilegium
1214 3825 1466 3882 excellentissimi

204 3932 364 4004 principis,
393 3931 481 4003 olym
515 3931 634 3989 domini
666 3931 775 3990 Karoli
809 3933 890 4005 regis
925 3933 1092 4004 ilungarie,
1116 3931 1343 4006 predecessoris
1372 3930 1470 3988 nostri

207 4038 367 4108 carissimi,
401 4037 557 4096 laudande
588 4039 832 4110 reminiscensie,
867 4041 1017 4113 postremi
1051 4035 1099 4096 sui'
1133 4039 1289 4113 dupplicis
1324 4037 1469 4095 autentici

205 4143 302 4216 sigilli
335 4146 524 4217 appensione
558 4145 734 4216 munitum,
777 4151 917 4203 tenorem
960 4146 1088 4203 alterius
1130 4145 1291 4218 privilegii
1331 4143 1468 4202 eiusdem

206 4249 324 4308 domini
357 4249 468 4308 Karoli
501 4253 592 4324 regis,
627 4253 725 4309 veteri
759 4267 816 4310 suo
849 4253 955 4324 sigillo
989 4253 1142 4310 autentico
1176 4247 1376 4324 consignati,
1398 4265 1468 4306 con·

204 4355 356 4415 firmantis
396 4357 596 4430 privilegium
632 4357 750 4416 domini
785 4359 876 4430 Bele,
914 4361 1001 4432 olym
1032 4359 1176 4417 similiter
1213 4359 1343 4416 illustris
1385 4358 1469 4428 regis

205 4464 372 4536 Hungarie,
396 4466 506 4537 proavi
527 4465 625 4539 ipsius
648 4465 765 4523 domini
789 4466 898 4524 Karoli
921 4470 952 4522 et
974 4466 1071 4522 nostri
1107 4464 1341 4538 predecessoris,
1377 4463 1467 4520 beate

205 4569 440 4642 recordacionis,
456 4571 616 4628 libertates
631 4571 812 4630 eorumdem
829 4573 954 4642 civium,
970 4555 1130 4646 hospitum
1153 4571 1285 4628 civitatis
1309 4569 1348 4627 de
1365 4575 1469 4626 monte

205 4677 352 4737 Grecensi
374 4676 456 4735 iutra
479 4677 681 4736 declarandas
705 4683 735 4735 et
757 4678 960 4736 collacionem
985 4683 1066 4735 terre
1089 4679 1170 4734 circa
1204 4683 1342 4734 montem
1368 4675 1468 4732 Grech
1506 4732 1508 4736 ,

206 4784 237 4842 in
259 4783 370 4841 eodem
402 4783 570 4858 privilegio
604 4783 767 4856 declarate,
791 4801 846 4858 per
882 4784 1015 4841 eundem
1046 4784 1207 4842 dominum
1232 4783 1338 4840 Belam
1363 4797 1468 4854 regem

204 4891 280 4965 ipsis
303 4891 424 4948 civibus
448 4895 478 4948 et
500 4891 676 4964 hospitibus
699 4905 758 4964 pro
781 4891 1005 4948 sustentacione
1030 4889 1199 4974 eorundem
1224 4888 1335 4946 iactam
1352 4894 1382 4946 et
1398 4902 1468 4945 con-

205 5011 305 5056 cessas
328 4997 358 5054 in
382 5013 414 5054 se
437 4996 569 5072 limpide
591 4997 769 5072 exprimens
804 4995 1019 5058 confirmative
1054 4997 1211 5066 continens
1247 4995 1360 5054 tenoris
1395 4994 1466 5054 sub·
