3736 5826
658 558 732 618 Dor.
755 571 805 634 29.
831 571 880 641 30.
906 589 943 600 -
969 567 1184 634 1421-1422.

889 786 950 853 29.

292 918 304 956 .'
395 927 477 977 Anno
499 939 573 990 1421,
592 943 679 976 mense
695 926 777 992 Julio.

224 1061 251 1108 0
356 1054 492 1130 Injun'ae
514 1072 534 1111 a
556 1049 682 1128 capitulo
703 1054 821 1128 aagrab.
845 1055 952 1113 civibus
981 1053 1169 1114 Grccensibus
1191 1053 1293 1110 illatae
1315 1051 1492 1126 reseruntur.

394 1196 482 1270 Item,
506 1199 618 1272 primo,
642 1199 723 1257 circa
755 1198 869 1257 festum
900 1200 990 1258 beate
1017 1199 1213 1272 Margarethe
1241 1195 1380 1268 virginis,
1410 1197 1552 1265 ternpore

287 1309 476 1378 treugarum,
507 1304 660 1378 Georgius
694 1303 840 1364 officialis
873 1321 927 1364 seu
959 1305 1054 1364 iudex
1088 1304 1248 1379 provincie
1282 1299 1411 1376 capituli
1446 1310 1552 1370 zagra-

288 1409 404 1469 biensis
427 1426 500 1469 cum
522 1409 731 1476 familiaribus
755 1417 786 1470 et
815 1413 995 1473 hominibus
1024 1413 1096 1484 suis,
1127 1411 1278 1480 homines,
1310 1407 1402 1475 cives,
1433 1403 1551 1463 incolas

290 1521 320 1574 et
341 1516 566 1576 inhabitatores
588 1516 728 1592 predicte
751 1518 885 1578 civitatis
907 1520 992 1592 regie
1014 1517 1183 1577 maiestatis
1215 1517 1247 1574 in
1278 1513 1382 1572 medio
1412 1510 1552 1570 eiusdem

288 1621 423 1682 civitatis
456 1622 524 1681 dire
557 1623 744 1695 verberavit,
779 1624 957 1684 vulneravit
990 1628 1020 1683 et
1054 1623 1211 1699 spoliavit,
1240 1619 1378 1698 jugaque
1400 1617 1498 1675 boum
1521 1619 1557 1682 et¹

288 1743 396 1787 currus
419 1727 557 1788 desecuit
577 1735 608 1788 et
629 1729 794 1789 anihilavit
815 1731 958 1804 potencia
987 1728 1150 1788 mediante.
1187 1727 1234 1785 De
1267 1725 1327 1785 hiis
1354 1724 1459 1796 itaque
1489 1735 1552 1779 non

288 1837 448 1892 contentus
481 1833 565 1893 idem
599 1834 753 1909 Georgius
786 1837 928 1895 homines
951 1850 1005 1894 seu
1028 1835 1111 1893 cives
1134 1831 1268 1891 civitatis
1291 1827 1430 1904 predicte
1454 1826 1550 1900 capti·

289 1940 376 2011 ravit
396 1945 427 1998 et
450 1947 557 2016 captos
579 1942 611 2002 in
634 1943 760 2000 civitate
782 1943 813 2004 in
836 1943 916 2001 turn'
937 1942 989 1999 hic
1010 1941 1118 1998 habita
1140 1937 1261 1997 tamdiu
1282 1934 1415 1994 vinculis
1437 1933 1551 1990 manci·

288 2050 378 2120 patos
400 2047 507 2120 tenuit,
531 2061 692 2122 quousque
714 2062 770 2106 sue
792 2048 912 2123 placuit
934 2047 1096 2119 voluntati,
1120 2045 1216 2120 culpa
1240 2057 1348 2102 eorum
1378 2041 1443 2099 sine
1466 2039 1551 2098 omni

289 2156 319 2211 et
340 2157 448 2210 contra
469 2153 648 2212 libertatem
671 2155 813 2213 civitatis.

395 2289 585 2341 Documentum
604 2290 808 2342 transactionale.
836 2293 868 2340 In
886 2291 981 2344 archiv.
1001 2305 1058 2342 ven.
1078 2288 1161 2354 Capit.
1193 2285 1374 2350 zagrabiensis.
1402 2283 1464 2333 Act.
1488 2280 1551 2346 Cap.
1602 2284 1606 2292 ’

289 2375 340 2428 ant.
359 2377 421 2428 iaso.
442 2389 483 2429 10.
502 2393 540 2430 nr.
563 2390 602 2442 14·

465 2664 466 2669 Ν
886 2571 951 2637 ao.

396 2714 476 2763 Anno
500 2725 574 2776 1422,
597 2724 635 2777 17.
652 2712 734 2777 Junii.
753 2713 786 2760 In
804 2711 911 2764 Solnoh.

293 2841 494 2916 Srgismundus
526 2859 578 2898 sex
610 2857 705 2898 seuere
738 2839 860 2897 mandat
890 2840 1035 2910 canaliclo,
1067 2857 1102 2895 ne
1140 2837 1213 2896 cubes
1243 2836 1281 2894 ab
1311 2834 1395 2914 agtr's
1429 2831 1552 2890 colendis

852 2945 995 3020 empediat.

1012 3065 1289 3132 Commissioproprie
1306 3063 1404 3114 domini
1423 3063 1499 3126 regis.

392 3177 609 3253 sigismundus
633 3179 683 3238 dei
705 3180 810 3253 gracia
832 3180 1045 3238 Romanorum
1068 3195 1132 3251 rex,
1167 3193 1292 3253 semper
1325 3182 1482 3250 augustus,
1517 3187 1553 3232 ac

289 3284 456 3358 Hungarie,
480 3284 636 3357 Bohemie,
660 3285 830 3356 Dalmacie‚
854 3285 982 3344 Croacie
997 3291 1053 3358 etc,
1069 3301 1132 3344 rex.
1152 3284 1313 3343 Fidelibus
1328 3282 1441 3341 nostris
1456 3281 1553 3338 hono·

268 3383 442 3449 'rabilibus
464 3391 550 3462 viris,
575 3389 709 3450 dominis
732 3392 892 3466 preposito
916 3398 946 3450 et
968 3391 1106 3465 capitulo
1129 3389 1259 3449 ecclesie
1274 3387 1483 3461 zagrabiensis
1506 3400 1553 3443 sa-

287 3495 386 3556 lutem
410 3501 439 3554 et
462 3497 609 3570 graciam.
633 3496 771 3555 Gravem
794 3497 955 3570 querelam
986 3496 1091 3554 fidelis
1122 3497 1220 3554 nostri
1251 3494 1378 3569 providi
1408 3492 1551 3566 magistri

291 3601 421 3660 Fabiani
444 3601 521 3661 civis
544 3609 575 3661 et
597 3603 710 3662 notarii
741 3608 846 3662 nostre
878 3603 1012 3662 civitatis
1046 3602 1255 3676 zagrabiensis
1288 3617 1346 3674 per
1381 3601 1486 3674 ipsum
1520 3599 1552 3657 in

287 3709 428 3782 personis
450 3707 595 3767 fidelium
617 3713 796 3768 nostrorum
819 3709 1025 3784 providorum
1046 3706 1166 3784 judicis,
1181 3706 1418 3785 juratorumque
1434 3706 1552 3765 civium

288 3827 324 3871 ac
347 3814 445 3872 tocius
470 3815 704 3873 communitatis
727 3815 867 3874 eiusdem
899 3822 1004 3875 nostre
1037 3816 1172 3875 civitatis
1206 3814 1414 3888 zagrabiensis
1448 3816 1553 3872 nostre

286 3919 440 3978 maiestati
460 3919 591 3977 allatam
613 3920 826 3979 intelleximus
857 3921 1029 3980 admodum
1061 3922 1273 3996 displicenter,
1306 3919 1465 3995 quomodo
1497 3933 1552 3976 vos

287 4022 412 4083 eosdem
435 4025 519 4084 cives
535 4031 565 4084 et
587 4025 726 4100 hospites
749 4033 870 4086 nostros
893 4035 999 4086 contra
1022 4042 1129 4085 eorum
1154 4028 1314 4086 libertates
1337 4033 1368 4085 et
1391 4031 1551 4085 consuetu-

290 4130 385 4203 dines,
415 4131 529 4204 quibus
559 4132 621 4206 ipsi
644 4133 685 4190 ab
716 4134 844 4206 antiquo
868 4133 915 4190 usi
936 4133 1065 4190 fuissent
1088 4138 1117 4190 et
1140 4134 1248 4206 gavisi,
1271 4133 1444 4208 plurimum
1468 4131 1553 4190 iude·

287 4237 352 4316 bite
375 4243 406 4296 et
429 4238 531 4296 minus
553 4235 634 4315 juste
654 4237 897 4313 impedivissetis
921 4244 950 4297 et
972 4213 1127 4313 impedire
1150 4254 1212 4297 non
1235 4240 1404 4310 cessaretis,
1422 4244 1452 4296 et
1468 4237 1552 4311 quod

286 4342 412 4401 eosdem
436 4343 527 4402 terris
550 4358 659 4402 eorum
682 4343 722 4402 ad
745 4343 861 4402 dictam
884 4345 1042 4403 civitatem
1065 4349 1204 4403 nostram
1226 4345 1458 4416 zagrabiensem
1482 4359 1553 4417 per·

286 4449 454 4510 tinentibus
477 4453 508 4507 et
531 4450 611 4508 intra
635 4466 725 4509 veras
741 4455 840 4509 ructas
856 4456 887 4510 et
902 4466 1009 4509 cursus
1028 4451 1157 4508 metales
1174 4450 1313 4510 eiusdem
1337 4449 1550 4508 adiacentibus

285 4555 330 4612 uti
354 4559 384 4612 et
406 4553 470 4613 frui
491 4569 553 4613 non
576 4557 805 4630 permitteretis,
826 4571 935 4630 ymmo
957 4557 1018 4616 hiis
1034 4558 1230 4630 temporibus
1245 4557 1405 4616 retroactis
1422 4555 1551 4630 quidam

286 4675 325 4719 ex
348 4660 439 4718 vobis
463 4675 535 4719 cum
558 4675 667 4720 eorum
686 4661 896 4721 familiaribus
919 4663 1072 4738 quosdam
1088 4679 1127 4722 ex
1142 4663 1260 4722 eisdem
1276 4663 1397 4721 civibus
1412 4663 1444 4720 in
1461 4661 1551 4722 dictis

286 4780 396 4824 eorum
427 4767 519 4845 terris
548 4773 671 4826 arantes
694 4768 904 4844 repperiendo
932 4775 1071 4828 aratrum
1094 4770 1235 4844 ipsorum
1258 4769 1353 4827 simul
1377 4785 1448 4826 cum
1471 4769 1549 4826 rotis

287 4872 327 4934 ad
351 4873 435 4932 idem
458 4884 599 4935 aratrum
622 4875 706 4952 aptis·
733 4877 855 4950 penitus
889 4881 920 4934 et
942 4877 974 4934 in
1008 4881 1113 4951 partes
1147 4877 1369 4936 minutissimas
1404 4875 1551 4932 dissecari

286 4978 446 5054 fecissetis,
468 4981 612 5056 potencia
643 4979 806 5054 mediante,
828 4982 859 5039 in
882 4982 1024 5057 ipsorum
1057 4981 1265 5056 preludicium
1299 4997 1334 5039 ac
1369 4980 1553 5056 dampnum,
