3828 5822
380 415 440 492 m
724 416 1216 496 'mm-Mm

377 632 502 708 Sporar,
526 632 700 708 Stephanus
716 634 872 705 Plathnar,
892 635 1073 692 Dominieus
1092 635 1270 708 Perowych‚
1295 635 1452 694 Dionisius
1475 635 1640 711 Sypchich,

378 739 489 811 Koren,
522 739 672 813 Stelanyz,
706 742 828 798 Marcus
860 742 1005 812 Mezaros,
1040 741 1173 799 Michael
1206 740 1291 798 filius
1322 741 1487 814 Valentini,
1519 742 1638 800 Blasius

377 844 583 920 Sthenychky‚
605 847 778 905 Anthonius
800 853 909 918 sartor,
932 847 1016 904 Elias
1040 853 1249 922 campanator,
1273 847 1388 904 Paulus
1405 847 1499 918 Zabo,
1522 847 1639 922 Raday,

377 953 491 1010 Paulus
522 953 689 1026 aurifaber,
723 954 831 1012 Petrus
862 954 1001 1028 sellipar,
1026 954 1145 1023 Kelesa,
1170 953 1315 1011 Clemens
1338 959 1435 1026 sutor,
1458 953 1640 1012 Dominicus

377 1063 407 1117 et
430 1058 549 1118 Blasius
572 1061 677 1132 Varga
700 1065 730 1118 et
753 1061 838 1118 Hans
862 1059 1008 1135 frenipar,
1046 1061 1162 1134 aliique
1185 1061 1322 1118 universi
1345 1061 1428 1119 cives
1450 1066 1480 1118 et
1503 1062 1640 1134 hospites

376 1164 457 1223 dicte
492 1167 624 1226 civitatis
654 1168 767 1225 montis
798 1166 960 1224 Grecensis
995 1165 1131 1240 prelatos
1153 1167 1295 1224 homines
1318 1167 1514 1225 laboratores
1536 1168 1633 1241 ipsius

377 1272 506 1344 capituli
529 1275 709 1352 exponentis
733 1274 763 1331 in
785 1273 948 1330 laboribus
983 1273 1122 1346 ipsarum
1158 1273 1369 1331 municionum
1403 1273 1477 1331 dicti
1511 1273 1640 1346 capituli

376 1361 557 1436 constitutos
581 1380 742 1453 captivari,
758 1379 951 1452 vinculisque
974 1395 1083 1436 eorum
1107 1380 1279 1453 mancipari
1302 1379 1430 1436 minime
1453 1377 1595 1437 fecissent
1610 1384 1640 1436 et

376 1499 477 1557 neque
510 1485 630 1544 vinctos
662 1485 693 1543 in
728 1501 836 1543 eorum
873 1485 1055 1558 captivitate
1089 1490 1226 1543 tenerent
1248 1489 1278 1543 et
1299 1490 1519 1543 conservarent
1540 1500 1638 1564 usque¹

376 1590 471 1647 modo
503 1593 643 1664 potencia
674 1591 836 1662 mediante,
871 1591 928 1650 sed
961 1591 992 1649 in
1022 1591 1110 1649 totali
1133 1591 1283 1666 premissa
1307 1592 1430 1649 accione
1456 1596 1486 1648 et
1509 1591 1639 1664 acquisi-

375 1697 462 1754 cione
484 1697 580 1771 ipsius
602 1683 732 1772 capituli
749 1696 875 1769 ¹actoris,
891 1697 1067 1755 innocentes
1090 1698 1151 1754 sint
1173 1702 1204 1754 et
1224 1697 1357 1754 existant
1379 1697 1501 1770 penitus
1525 1701 1557 1753 et
1581 1695 1638 1753 im·

376 1817 483 1859 munes
506 1803 714 1862 iuramentum
737 1803 838 1861 facere
861 1809 891 1862 et
913 1809 1051 1878 prestare
1075 1803 1239 1861 tenebatur
1255 1818 1359 1861 coram
1375 1803 1476 1862 nobis.
1501 1801 1638 1860 Tandem

375 1908 445 1982 ipso
468 1910 599 1967 termino
623 1909 813 1982 adveniente,
836 1910 918 1967 idem
944 1909 1062 1968 Blasius
1084 1907 1179 1985 judex
1200 1893 1234 1967 in
1256 1925 1311 1967 sua
1334 1915 1365 1967 et
1387 1923 1522 1982 quorum
1545 1921 1640 1982 supra

376 2015 516 2089 personis
539 2017 745 2090 prescriptum
770 2031 862 2074 suum
884 2014 1094 2092 juramentum
1118 2032 1189 2074 cum
1213 2016 1359 2090 pretactis
1375 2015 1480 2090 :ipsius
1497 2015 1636 2074 coniura-

375 2120 496 2178 toribus
519 2129 611 2195 prout
634 2123 719 2180 iuxta
742 2127 883 2180 contenta
899 2121 1052 2180 dictarum
1068 2123 1204 2180 litteram
1225 2127 1363 2196 pretacte
1378 2121 1549 2196 personalis
1567 2136 1640 2195 pre·

376 2227 476 2284 sencie
506 2226 625 2285 iamfati
657 2227 774 2286 domini
805 2228 903 2286 nostri
933 2227 1014 2300 regis
1046 2226 1210 2299 debuisset,
1234 2227 1292 2286 rite
1314 2233 1344 2286 et
1368 2227 1520 2301 legittime
1543 2226 1638 2300 depo-

376 2333 437 2389 suit
460 2347 564 2390 coram
588 2334 678 2392 nobis
700 2335 876 2392 testimonio
900 2334 1095 2408 presencium
1119 2333 1283 2394 mediante.
1306 2334 1424 2392 Datum
1440 2333 1574 2391 secundo
1590 2333 1640 2390 die

376 2437 437 2495 diei
459 2435 673 2513 juramentalis
697 2439 903 2515 deposicionis
925 2445 1093 2515 prenotate.
1115 2441 1205 2498 Anno
1225 2440 1343 2500 domini
1372 2440 1542 2498 millesimo
1565 2454 1640 2512 qua·

375 2542 617 2616 dringentesimo
640 2546 867 2619 septuagesimo
890 2551 984 2604 sexto.

482 2699 615 2763 Originale
634 2701 661 2750 in
680 2700 776 2756 charta.
797 2701 824 2750 A
841 2707 913 2765 tergo
931 2701 1069 2766 vestigium
1085 2700 1204 2766 impressi
1223 2698 1311 2764 sigilli.
1332 2701 1364 2748 In
1382 2669 1498 2747 archivio
1516 2697 1563 2746 lib.
1583 2712 1636 2761 reg.

376 2787 445 2840 civit.
464 2789 564 2851 zngrab.

957 2966 1045 3033 305.

481 3126 562 3176 Anno
584 3127 658 3192 1476,
679 3128 720 3179 28.
740 3128 864 3192 Augusti.
884 3126 939 3177 Sub
957 3125 1030 3176 Bela.

377 3251 570 3324 Eustochiae,
595 3256 731 3329 fratrum
765 3256 826 3313 orei
861 3254 1101 3312 Praedicatomm
1134 3260 1327 3326 conservator,
1356 3253 1489 3328 plebanis
1521 3252 1639 3326 sagrab.

375 3359 505 3431 mandat,
520 3367 554 3417 ut
567 3359 696 3418 Paulum
712 3361 947 3422 archidiaconum
973 3369 1094 3436 propter
1115 3363 1256 3437 injuriam
1279 3360 1377 3418 ordini
1398 3360 1638 3418 praedicatorum

829 3469 943 3526 illatam
965 3469 997 3526 in
1011 3469 1067 3544 jus
1089 3474 1194 3525 vocent.

479 3609 660 3669 Eustachins
684 3613 885 3672 miseracione
908 3613 1013 3670 divina
1036 3611 1075 3670 de
1098 3611 1216 3684 Garab,
1240 3610 1398 3670 Babolcha
1419 3615 1450 3670 et
1473 3611 1547 3670 Bela
1571 3626 1637 3669 mo·

374 3715 578 3774 nasteriorum
602 3718 700 3776 abbas
723 3733 758 3778 ac
781 3718 914 3777 fratrum
931 3717 1049 3777 ordinis
1065 3701 1297 3777 Predicatorum
1313 3723 1343 3777 et
1358 3717 1498 3777 eiusdem
1522 3716 1638 3775 ordinis

374 3837 431 3896 per
454 3823 738 3883 sanctissimum'in
761 3825 885 3884 Christo
917 3832 1039 3899 patrem
1062 3830 1092 3896 et
1115 3824 1278 3884 dominum
1300 3831 1452 3899 nostrum,
1476 3824 1637 3883 dominum

374 3926 505 4002 Sixtum,
529 3929 635 3989 divina
657 3931 859 4006 providencia
882 3947 998 4006 papam
1022 3936 1177 4005 quartum,
1209 3935 1406 3990 conservator
1440 3935 1470 3990 et
1493 3935 1639 3989 executor

374 4036 579 4109 personaliter
607 4037 773 4111 deputatus
804 4054 840 4096 ac
871 4054 928 4113 per
959 4038 1077 4095 dictum
1099 4037 1240 4095 ordinem
1264 4037 1440 4111 specialiter
1462 4037 1638 4111 requisitus.

373 4141 621 4202 Honorabilibus
651 4151 681 4203 et
712 4144 852 4204 discretis
886 4145 971 4217 viris,
994 4143 1137 4216 dominis,
1161 4143 1196 4202 N.
1220 4143 1393 4202 chasmensi
1428 4147 1458 4201 et
1480 4142 1517 4202 N.
1540 4143 1637 4202 sancti

374 4247 505 4320 Martini,
537 4249 572 4307 N.
603 4257 707 4308 sancte
737 4252 939 4325 Margarethe,
972 4249 1160 4322 dombrensi,
1185 4249 1220 4307 N.
1244 4250 1341 4307 sancti
1364 4249 1497 4308 Emerici
1519 4247 1558 4307 de
1581 4249 1635 4308 Za-

373 4355 483 4426 grabia
505 4361 535 4414 et
558 4355 594 4415 N.
618 4358 715 4416 sancti
738 4359 833 4416 Marci
856 4358 970 4415 montis
1000 4355 1161 4414 Grecensis
1190 4370 1291 4430 prope
1322 4355 1507 4429 Zagrabiam
1537 4357 1635 4414 eccle·

373 4461 490 4520 siarum
512 4462 654 4537 plebanis
675 4466 808 4523 salutem
831 4466 864 4523 in
887 4463 1013 4522 domino
1029 4463 1250 4537 sempiternam
1273 4468 1304 4521 et
1322 4463 1444 4532 nostris,
1462 4463 1559 4520 immo
1582 4477 1635 4520 ve·

373 4568 438 4626 rius
466 4569 657 4644 apostolicis,
682 4570 810 4628 obedire
839 4569 1001 4630 mandatis.
1032 4569 1197 4640 Noveritis‚
1229 4568 1410 4643 quodcum
1432 4583 1489 4626 nos
1513 4567 1635 4643 pridem

373 4674 412 4732 ad
435 4675 663 4735 venerabilium
693 4682 724 4735 et
752 4677 972 4751 religiosorum
1002 4676 1152 4748 virorum,
1184 4673 1289 4733 fratris
1321 4673 1488 4746 Michaelis,
1523 4674 1636 4748 prioris

373 4781 632 4840 monasteriorum
666 4784 756 4842 beate
789 4783 956 4842 Katherine
990 4787 1020 4840 et
1050 4782 1134 4840 beati
1156 4781 1278 4840 Nicolai
1302 4779 1340 4838 de
1363 4779 1523 4854 Zagrabia,
1546 4795 1632 4840 sacre

373 4887 530 4962 theologie
552 4887 685 4963 lectoris,
708 4887 837 4964 syndici,
860 4889 1072 4964 procuratoris
1102 4887 1220 4951 ordinis
1253 4885 1493 4945 predicatorum.
1516 4899 1635 4944 necnon
