3804 5858
625 525 697 581 Dec.
716 535 790 601 345.
816 557 857 566 -
881 525 936 582 An.
961 519 1052 601 1487.
1404 535 1466 596 443

200 760 322 830 mentis,
346 757 499 833 quasdam
522 757 599 816 duas
628 759 747 816 litteras
777 757 924 832 prelibati
955 757 1074 814 domini
1098 754 1288 828 sigismundi
1310 756 1393 828 regis
1414 769 1468 814 no·

200 871 300 924 strum
323 864 520 941 judiciarium
538 863 686 939 produxit
708 865 739 922 in
756 868 963 937 conspectum.
980 862 1122 937 Quarum
1144 862 1246 936 prima
1262 877 1341 920 anno
1365 863 1469 934 gracie

201 971 371 1029 millesimo
398 969 705 1043 quadringentesimo
737 977 833 1042 sexto,
865 975 978 1043 quarto
1008 967 1157 1028 kalendas
1188 966 1353 1038 fehmarii,¹
1381 969 1468 1040 regni

199 1083 304 1135 autem
327 1078 375 1135 sui
397 1091 477 1134 anno
501 1075 622 1134 decimo
645 1081 755 1134 octavo
771 1075 1010 1150 privilegialiter
1027 1073 1118 1146 edita,
1134 1074 1245 1132 maiori
1262 1073 1466 1148 dupplicique

201 1189 231 1241 et
265 1183 419 1241 autentico
455 1183 561 1256 sigillo
592 1182 731 1244 eiusdem
766 1184 798 1240 in
831 1182 979 1257 pendenti
1013 1181 1132 1239 vallata
1153 1181 1359 1254 exprimebat,
1382 1179 1467 1253 quod

201 1288 286 1347 idem
318 1288 462 1347 dominus
493 1287 710 1362 sigismundus
741 1304 796 1346 rex
829 1289 1032 1364 prelatorum,
1063 1288 1216 1345 baronum
1246 1292 1277 1344 et
1307 1287 1468 1359 pociorum

200 1395 286 1467 regni
310 1394 357 1452 sui
381 1410 546 1468 procerum
562 1395 792 1453 communicato
808 1395 937 1453 consilio
954 1399 983 1451 et
1007 1408 1080 1451 sana
1103 1391 1332 1450 deliberacione
1355 1391 1466 1450 exinde

200 1501 364 1560 subsecuta
387 1501 419 1558 id
442 1499 604 1558 statuendo
635 1500 823 1559 decrevisset
856 1506 886 1558 et
919 1501 1036 1573 ubique
1072 1500 1104 1557 in
1134 1514 1234 1572 regno,
1260 1513 1316 1556 suo
1348 1497 1468 1557 fecisset

200 1607 327 1682 publice
346 1606 544 1680 proclamari,
565 1612 600 1664 ut
622 1607 765 1665 universe
780 1607 883 1664 littere
895 1605 1147 1665 excellentissimi
1164 1605 1313 1678 principis
1336 1603 1468 1662 condam

201 1712 320 1770 domini
352 1711 500 1770 Lodouici
523 1713 613 1785 regis,
639 1713 737 1786 patris
769 1717 800 1770 et
822 1713 921 1771 soceri
945 1713 999 1782 sui,
1025 1713 1083 1770 sub
1106 1712 1204 1784 ipsius
1226 1714 1344 1768 secreto
1363 1710 1468 1782 sigillo

200 1833 267 1882 suo
281 1817 500 1876 tantummodo
524 1834 560 1875 ac
582 1819 850 1877 serenissimarum
880 1819 1059 1892 principum
1082 1817 1281 1876 dominarum
1304 1816 1463 1904 Elizabeth

200 1925 309 1982 matris
331 1931 361 2005 et
390 1924 487 1982 Marie
514 1925 711 1996 conthoralis,
736 1925 913 1998 reginarum
937 1924 1011 1984 dicti
1035 1925 1121 1998 regni
1146 1924 1312 1996 Hungarie,
1336 1938 1465 1981 suorum

200 2031 432 2089 carissimorum
464 2029 603 2088 felicium
633 2031 888 2090 recordacionum
916 2046 1035 2090 necnon
1058 2030 1197 2089 eiusdem
1220 2029 1351 2088 condam
1375 2028 1468 2103 Sigis-

199 2136 309 2194 mundi
331 2136 413 2208 regis
425 2143 489 2194 tam
507 2137 678 2194 maioribus
696 2152 791 2209 quam
807 2138 980 2196 minoribus
996 2153 1091 2212 super
1107 2137 1196 2196 factis
1220 2137 1468 2210 quibuscumque

199 2249 229 2301 et
252 2243 417 2317 presertim
440 2243 690 2316 possessionariis
715 2287 847 2302 .....
872 2245 1012 2318 personis
1036 2243 1185 2318 dignitate
1209 2241 1319 2316 quavis
1342 2249 1372 2300 et
1395 2258 1467 2302 con-

200 2349 321 2408 dicione
351 2349 560 2422 fungentibus,
592 2348 806 2408 ecclesiasticis
838 2355 949 2425 utputa
973 2358 1003 2409 et
1025 2351 1218 2409 secularibus
1242 2363 1300 2422 pro
1324 2349 1464 2408 tollendo

200 2456 284 2513 omni
306 2455 412 2527 dubio,
443 2454 634 2514 removendo
664 2456 812 2514 scandalo
847 2465 877 2515 et
900 2456 938 2514 ad
962 2456 1107 2515 evitanda
1130 2457 1230 2514 multa
1253 2460 1347 2528 atque
1370 2457 1465 2526 varia,

199 2578 260 2635 que
294 2569 423 2636 propter
457 2563 635 2635 sigillorum
669 2564 810 2636 ipsorum
836 2563 1036 2622 dominorum
1071 2579 1182 2636 regum
1216 2561 1466 2636 deperdicionem

200 2667 401 2741 eiusdemque
424 2669 543 2728 domini
567 2667 758 2741 Sigismundi
781 2671 863 2742 regis
887 2675 951 2728 tarn
975 2671 1103 2728 minoris
1127 2684 1222 2742 quam
1245 2668 1375 2726 maioris
1399 2713 1406 2726 .
1431 2715 1465 2727 ..

199 2821 205 2832 .
230 2819 235 2832 .
260 2819 267 2833 .
289 2790 327 2832 ex
355 2775 454 2832 causis
477 2781 507 2831 et
536 2775 713 2833 racionibus
745 2776 907 2848 legittimis
930 2821 1177 2834 .........
1202 2776 1366 2848 presertim
1399 2790 1468 2848 pos·

201 2881 384 2954 sessionaria
409 2880 554 2954 dampna,
578 2881 686 2954 gravia
710 2886 740 2940 et
771 2882 945 2956 periculosa
968 2882 1153 2940 detrimenta
1176 2883 1323 2939 hactenus
1346 2882 1468 2940 evenire

200 2989 380 3062 potuissent,
405 3002 422 3043 a
446 2986 525 3044 festo
549 2988 632 3045 beati
648 2986 775 3061 Georgii
792 2989 927 3047 martiris
943 2994 1015 3046 tunc
1039 2990 1184 3062 proxime
1207 2989 1354 3061 preterito
1370 3004 1467 3062 usque

199 3093 239 3151 ad
264 3093 377 3152 festum
410 3093 548 3150 eiusdem
579 3094 725 3168 primitus
759 3099 870 3152 eotunc
901 3095 1041 3152 futurum
1064 3095 1123 3151 sub
1146 3109 1225 3167 pena
1250 3095 1467 3167 revocacionis,

198 3199 404 3262 anultaclonls
436 3209 466 3257 et
490 3199 672 3258 cassacionis
703 3200 884 3259 huiusmodi
908 3201 1082 3258 litterarum
1105 3214 1167 3257 non
1190 3199 1463 3273 producendarum

198 3321 255 3379 per
277 3307 382 3379 ipsum
406 3305 569 3364 dominum
599 3305 835 3378 sigismundum
865 3322 971 3380 regem
996 3305 1137 3378 vidende,
1159 3305 1371 3380 approbande,
1395 3321 1465 3364 exa-

197 3412 344 3470 minande
370 3454 654 3472 ..........
680 3429 733 3470 sue
765 3413 914 3471 claritatis
945 3413 1086 3470 exhiberi
1117 3412 1264 3472 deberent
1287 3413 1466 3487 conspectui

199 3525 229 3576 et
261 3520 439 3593 presentari.
482 3519 620 3576 Tandem
655 3521 704 3577 vir
737 3526 879 3577 strenuus
909 3518 1042 3577 condam
1073 3519 1221 3578 Nicolaus
1251 3519 1340 3591 Toth,
1365 3518 1464 3578 dictus

200 3625 239 3682 de
262 3625 463 3696 Zomzedvar‚
488 3641 543 3682 sua
567 3632 597 3684 et
619 3627 812 3684 honorabilis
835 3627 896 3684 viri
926 3626 1044 3684 domini
1069 3625 1286 3699 Christophori
1309 3627 1467 3700 prepositi,

199 3732 320 3802 uterini,
345 3747 380 3788 ac
414 3733 562 3814 Johannis
597 3731 655 3790 filii
687 3731 819 3790 condam
853 3733 994 3806 magistri
1025 3733 1186 3790 Laurencii
1216 3733 1359 3790 similiter
1382 3732 1463 3791 Toth

198 3837 364 3908 fratruelis
389 3837 522 3895 fratrum
546 3854 676 3896 suorum
699 3840 730 3896 in
754 3841 901 3912 personis,
925 3855 978 3896 sue
1001 3840 1169 3896 maiestatis
1192 3839 1318 3896 veniens
1341 3839 1372 3896 in
1395 3854 1467 3897 con·

199 3949 349 4018 spectum,
374 3944 563 4002 exhibuisset
583 3945 685 4002 eidem
708 3944 839 4002 condam
863 3945 991 4003 domino
1014 3943 1212 4017 Sigismundo
1228 3945 1292 4017 regi
1316 3943 1467 4017 quasdam

201 4050 277 4107 duas
306 4052 433 4121 litteras,
457 4067 552 4109 unam
575 4051 719 4109 videlicet
742 4067 831 4110 suam
867 4057 1033 4126 patentem,
1059 4052 1156 4125 priori
1179 4051 1290 4108 maiori
1313 4051 1467 4108 autentico

198 4157 303 4230 sigillo
319 4167 375 4214 suo
392 4157 532 4230 predicto
555 4158 641 4228 alias,
666 4164 698 4214 ut
721 4157 884 4232 prefertur,
904 4174 943 4216 ex
959 4157 1058 4215 causis
1082 4157 1242 4229 legittimis
1258 4155 1424 4227 confracto,
1449 4171 1467 4214 a

202 4271 289 4336 tergo
320 4265 530 4336 consignatam
559 4280 653 4338 super
684 4264 860 4337 donacione,
888 4264 1106 4338 perhempnali
1135 4263 1305 4320 collacione
1328 4261 1466 4320 eiusdem

201 4370 402 4442 possessionis
426 4369 618 4442 Petrowyna,
642 4370 705 4428 alio
735 4371 859 4429 nomine
883 4369 1106 4428 Zenth-Pether
1130 4375 1244 4439 vocate,
1269 4384 1364 4442 quarn
1387 4369 1465 4426 alias

206 4475 246 4532 ad
271 4483 406 4533 castrum
431 4492 520 4534 suum
546 4478 650 4550 regale
667 4476 761 4550 Selyn
783 4483 926 4534 vocatum
950 4477 981 4534 in
1005 4477 1152 4534 comitatu
1175 4475 1367 4548 zagrahiensi
1391 4475 1466 4532 situ-

202 4588 288 4639 atum
313 4583 506 4656 pertinuisse,
530 4599 586 4656 per
609 4585 776 4656 ipsumque
792 4582 1024 4655 Sigismundum
1042 4597 1147 4655 regem
1170 4582 1211 4639 ab
1234 4580 1342 4638 eodem
1366 4587 1467 4638 castro

199 4700 341 4761 separata
364 4694 394 4747 et
417 4688 565 4746 fidelibus
589 4690 652 4746 suis
669 4689 791 4747 civibus
803 4685 935 4746 civitatis
952 4689 1066 4746 montis
1083 4686 1245 4746 Grecensis
1258 4687 1295 4744 de
1316 4686 1467 4758 Zagrabia

201 4793 314 4852 donata
338 4811 373 4851 ac
406 4793 531 4852 tandem
554 4811 679 4852 rursum
709 4795 748 4853 ad
772 4795 854 4852 idem
878 4800 1014 4852 castrum
1037 4801 1199 4852 reannecta
1222 4809 1275 4851 seu
1298 4792 1466 4866 reaplicata

204 4899 270 4958 fore
294 4900 528 4972 dinoscebatur;
552 4907 582 4958 et
612 4901 706 4958 aliam
737 4901 930 4960 honorabilis
954 4900 1084 4974 capituli
1103 4901 1235 4958 ‘ecclesie
1257 4898 1465 4972 zagrabiensis

202 5022 301 5080 super
336 5007 489 5080 legittima
520 5008 658 5067 eiusdem
689 5007 891 5082 possessionis
914 5007 1084 5066 statucione
1109 5022 1168 5082 pro
1192 5005 1314 5081 prefato
1336 5003 1467 5063 condam
