3930 5802
739 591 812 652 Doc.
835 601 901 666 125.
928 623 967 634 -
992 589 1048 648 An.
1072 602 1163 668 1439·
1513 597 1549 660 1'7
1555 605 1571 664 3

309 812 393 867 entes
427 812 457 866 et
479 805 612 865 directas
643 821 765 864 summa
800 821 872 863 curn
902 804 1080 863 obediencia
1109 808 1285 881 recepimus
1317 807 1349 866 in
1382 807 1439 865 hec
1462 806 1574 864 verba:

313 907 398 992 (ride
419 913 494 972 Doc.
521 929 591 988 124.
614 912 653 971 de
675 927 756 971 anno
776 927 868 988 1439.
885 911 934 970 die
951 911 978 971 6.
1003 903 1098 990 maii).
1111 912 1173 972 Nos
1189 915 1293 990 itaque
1308 911 1462 972 mandatis
1479 911 1576 985 ipsius

273 1057 274 1060 ,
311 1019 431 1078 domini
454 1020 553 1078 nostri
573 1019 655 1091 regis
678 1019 710 1077 in
725 1018 871 1076 omnibus
886 1017 1016 1076 obedire
1036 1017 1205 1092 cupientes,
1219 1024 1255 1078 ut
1270 1026 1419 1090 tenemur,
1441 1033 1577 1076 unacum

307 1124 431 1199 prefato
467 1125 640 1196 Dominico,
676 1125 744 1182 filio
771 1123 917 1196 Ladislai,
952 1124 990 1181 de
1025 1123 1165 1196 predicta
1200 1124 1417 1197 Brokonowcz‚
1450 1124 1577 1182 homine

308 1231 448 1290 eiusdem
483 1231 567 1305 regie
601 1231 779 1302 maiestatis,
813 1236 955 1288 nostrum
990 1231 1150 1289 hominem
1182 1231 1375 1306 fidedignum
1406 1229 1575 1288 discretum

308 1338 414 1395 virum
437 1336 630 1412 Stephanum
653 1336 863 1411 presbiterum
887 1341 917 1394 et
948 1335 1191 1410 prebendarium
1223 1338 1310 1398 chori
1343 1336 1424 1394 dicte
1447 1335 1576 1394 ecclesie

307 1449 411 1501 nostre
434 1442 474 1500 ad
497 1443 651 1517 premissa
670 1441 806 1500 fideliter
827 1441 1004 1516 peragenda
1026 1448 1132 1500 nostro
1153 1458 1212 1517 pro
1228 1443 1404 1501 testimonio
1428 1441 1575 1500 duximus

312 1548 539 1608 destinandum.
571 1547 633 1622 Qui
655 1548 782 1607 tandem
805 1547 916 1606 exinde
939 1547 978 1605 ad
1001 1563 1057 1606 nos
1079 1547 1197 1607 reversi
1226 1549 1318 1607 nobis
1340 1563 1417 1606 voce
1440 1561 1576 1606 consona

311 1655 485 1713 retulerunt
500 1656 560 1712 isto
576 1653 680 1726 modo,
704 1653 788 1728 qnod
812 1653 952 1728 prefatus
967 1655 1063 1712 homo
1078 1654 1183 1726 regius
1204 1659 1346 1728 presente
1370 1652 1453 1711 dieto
1468 1657 1577 1710 nostro

310 1761 497 1833 testimoni0,
513 1760 646 1831 sabbati,
672 1759 721 1818 die
744 1759 890 1818 videlicet
912 1760 944 1818 in
967 1759 1075 1833 vigilia
1098 1758 1169 1820 festi
1193 1759 1415 1830 Penthecostes
1432 1759 1576 1833 proxime

309 1866 457 1941 preteriti,
474 1865 511 1923 ad
537 1865 631 1924 facies
648 1865 859 1941 predictarum
877 1865 1079 1940 possessionis
1096 1866 1273 1939 Kralyowc,
1285 1881 1403 1924 necnon
1418 1865 1575 1939 porcionis

215 1990 219 2000 ·
308 1971 550 2046 possessionarie
580 1971 613 2030 in
647 1971 820 2047 prescripta
851 1973 1044 2044 possessione
1078 1971 1194 2044 Czerye
1224 1972 1329 2030 habite
1352 1987 1388 2030 ac
1412 1972 1522 2030 tributi
1545 1972 1577 2029 in

308 2077 417 2136 eadem
440 2079 523 2152 exigi
552 2079 656 2148 soliti;
679 2079 754 2136 item
788 2079 1019 2153 possessionum
1051 2077 1206 2150 Kobylak,
1242 2077 1391 2151 Zwyblye
1414 2083 1443 2136 et
1477 2078 1576 2136 Narth

306 2182 526 2257 predictarum,
544 2191 826 2259 consequenterque
842 2184 915 2242 dicti
937 2181 1014 2259 juris
1036 2183 1115 2256 regii
1137 2184 1170 2242 in
1192 2183 1309 2242 eisdem
1331 2183 1441 2255 habiti,
1465 2183 1575 2242 vicinis

309 2293 339 2348 et
362 2291 581 2349 commetaneis
612 2289 676 2348 suis
703 2291 863 2362 universis,
887 2291 1044 2362 signanter
1071 2303 1146 2347 vero
1177 2289 1328 2346 Michaeie
1351 2287 1389 2346 de
1424 2287 1575 2362 Kysgora,

309 2403 511 2469 procuratore
544 2396 627 2455 curie
661 2397 848 2470 episcopalis
878 2395 1086 2468 zagrabiensis
1120 2401 1151 2453 et
1186 2394 1322 2454 officiale
1343 2395 1375 2453 in
1398 2394 1480 2454 dicta
1504 2411 1575 2469 pos·

308 2501 443 2560 sessione
477 2501 612 2575 Czerye‚
647 2501 750 2575 quoad
781 2501 961 2576 porcionem
996 2501 1207 2575 episcopalem
1244 2501 1428 2573 eonstitut0,
1458 2509 1576 2560 necnon

311 2607 448 2678 Nicola0‚
471 2608 612 2692 Johanne
645 2615 676 2665 et
698 2607 842 2680 Georgio‚
865 2607 940 2665 filiis
963 2606 1113 2678 Ladislai,
1135 2605 1194 2664 filii
1216 2607 1393 2664 Ladomerii
1416 2607 1454 2664 de
1476 2607 1577 2666 Rado·

308 2720 462 2772 mereret
485 2715 523 2773 de
558 2715 700 2772 Beiowar
731 2719 761 2772 et
794 2713 953 2785 Michaeie,
985 2713 1052 2772 filio
1076 2713 1157 2771 Petri
1181 2713 1327 2785 Prybych
1351 2713 1389 2770 de
1421 2714 1576 2786 Marocha‚

308 2819 443 2878 officiale
465 2821 621 2895 prioratus
644 2821 768 2878 Aurane
789 2819 822 2878 in
844 2819 1037 2892 possessione
1059 2817 1200 2891 Bosyako
1216 2819 1375 2892 appellata
1398 2820 1573 2891 constituto

308 2925 386 2984 inibi
408 2926 559 3000 legittime
589 2925 766 2984 convocatis
789 2930 819 2982 et
842 2924 1037 2999 presentibus
1053 2923 1239 2995 accedentes,
1260 2923 1481 2983 introduxisset
1504 2941 1574 3000 pre·

309 3030 406 3089 fatam
440 3031 602 3090 ecclesiam
632 3031 865 3104 zagrabiensem
892 3046 928 3088 ac
954 3030 1053 3088 altare
1079 3035 1183 3088 sancte
1216 3029 1317 3088 'crucis
1352 3031 1575 3106 supradictum,

310 3142 591 3211 consequenterque
613 3143 766 3196 rectorem
782 3137 921 3195 eiusdem
936 3137 1122 3195 modernum
1143 3137 1175 3194 in
1190 3136 1365 3194 dominium
1381 3137 1521 3212 ipsarum
1545 3147 1575 3197 et

309 3242 456 3315 eiusdem,
472 3245 689 3317 statuissetque
705 3243 829 3302 easdem
846 3249 876 3302 et
898 3242 982 3302 idem
1000 3242 1118 3301 eisdem
1131 3243 1283 3316 premisse
1298 3243 1382 3316 regie
1398 3243 1576 3302 donacionis

308 3348 401 3406 titulo
435 3353 586 3423 perpetuo
616 3348 828 3423 possidendas,
860 3349 950 3408 nullo
984 3349 1106 3424 penitus
1141 3348 1365 3407 contradictore
1399 3356 1576 3423 apparente,

308 3455 410 3514 tribus
443 3455 553 3514 diebus
587 3456 737 3515 continuis
769 3461 799 3514 et
832 3456 994 3530 legittimis
1026 3456 1113 3513 iuxta
1145 3455 1233 3528 regni
1267 3456 1521 3514 consuetudinem
1544 3457 1576 3515 in

310 3559 447 3619 faciebus
470 3560 652 3619 earumdem
674 3568 704 3619 et
726 3561 864 3619 eiusdem
895 3566 1116 3636 permanentes.
1141 3560 1175 3619 In
1198 3561 1284 3619 cuius
1315 3563 1361 3620 rei
1390 3563 1576 3620 memoriam

309 3665 552 3742 firmitatemque
575 3672 759 3742 perpetuam
788 3674 946 3742 presentes
968 3667 1088 3726 litteras
1111 3673 1231 3724 nostras
1264 3667 1477 3742 privilegiales
1501 3685 1575 3742 pen·

309 3771 409 3831 dentis
435 3773 579 3832 autentici
612 3772 709 3846 sigilli
735 3774 833 3832 nostri
866 3773 1037 3832 munimine
1064 3773 1246 3844 roboratas,
1282 3773 1452 3847 alphabeto
1481 3773 1576 3832 inter·

309 3879 396 3950 cisas,
419 3878 536 3937 eisdem
559 3879 646 3938 iuxta
668 3879 746 3952 regii
766 3885 798 3937 et
820 3879 921 3938 nostri
943 3879 1106 3937 hominum
1127 3877 1274 3937 fossiones
1298 3879 1444 3938 duximus
1468 3896 1574 3938 conce·

309 3984 435 4045 dendas.
469 3986 586 4044 Datum
609 3985 840 4060 quintodecimo
864 3986 914 4044 die
944 3985 1006 4044 diei
1027 3987 1269 4061 possessionarie
1292 3987 1472 4044 statucionis
1503 4003 1573 4061 pre·

307 4096 420 4149 notate.
444 4093 535 4149 Anno
557 4091 677 4150 domini
700 4091 889 4166 supradicto.

414 4282 438 4330 E
456 4287 617 4346 transumpto
643 4281 751 4346 capituli
779 4281 945 4340 ehamensis,
974 4279 1006 4331 de
1034 4297 1102 4332 anno
1133 4283 1207 4345 1481.
1227 4283 1259 4332 In
1284 4281 1379 4331 archiv.
1410 4298 1467 4333 ven.
1496 4282 1573 4347 capit.

308 4367 408 4430 ragrab.
428 4369 490 4417 Act.
509 4385 564 4434 cap.
583 4376 636 4421 ant.
655 4371 716 4421 fasc.
737 4381 759 4421 2.
779 4386 816 4421 nr.
838 4381 878 4435 35.
