3828 5822
370 510 436 584 382.
734 510 807 567 Boc.
825 517 903 586 307.
921 505 1000 586 308.
1025 543 1064 553 -
1090 510 1147 568 An.
1170 519 1257 589 1477.

368 729 463 799 prout
486 724 650 783 dictaverit
672 723 750 782 ordo
772 721 858 800 juris.
880 723 974 783 Secus
996 726 1092 799 igitur
1113 741 1175 785 non
1198 726 1318 785 facturi.
1341 727 1538 787 Presentibus
1560 744 1630 804 per·

368 831 465 902 lectis,
488 831 647 888 exhibenti
668 831 826 890 restitutis.
849 831 965 890 Datum
987 831 1072 890 Bude
1102 833 1233 891 sabbato
1253 834 1399 909 proximo
1421 840 1492 909 post
1514 834 1629 894 festum

367 937 568 997 sacratissimi
599 937 739 1011 corporis
768 936 892 995 Christi.
920 939 1011 996 Anno
1034 938 1173 997 eiusdem
1195 939 1365 999 millesimo
1388 939 1626 1015 quadringente·

364 1046 445 1104 simo
467 1043 695 1118 septuagesimo
717 1042 858 1117 septimo.
880 1043 1060 1117 Regnorum
1081 1050 1263 1104 nostrorum
1285 1061 1365 1106 anuo
1387 1048 1546 1122 Huugarie
1569 1052 1629 1106 etc.

366 1151 527 1225 vigesimo,
551 1149 698 1207 Bohemie
720 1164 796 1206 vero
818 1163 908 1208 nono.
1713 1127 1722 1142 ’

471 1286 612 1352 originale,
631 1291 670 1336 sat
689 1301 793 1336 exesum
811 1287 839 1336 iu
857 1286 953 1338 charta.
971 1288 1004 1336 In
1015 1288 1130 1352 margine
1142 1287 1258 1341 inferiori
1270 1295 1377 1355 apparet
1388 1289 1526 1354 vestigium
1539 1289 1628 1354 sigilli.

365 1377 398 1425 In
416 1375 531 1425 archivio
549 1373 596 1428 lib.
615 1390 667 1439 reg.
687 1375 735 1424 civ.
754 1375 936 1439 zagrablensis.

959 1587 1048 1656 307.

470 1729 547 1776 Anno
568 1738 643 1791 1477,
664 1726 704 1780 ¹18.
723 1728 848 1791 Augusti.
868 1727 1015 1791 Zagrnbiae.

585 1853 730 1912 Statutum
753 1854 787 1912 de
808 1853 916 1911 ciai'bus
939 1855 969 1910 in
993 1871 1064 1912 area
1087 1854 1250 1928 capitulari
1270 1854 1405 1913 locandis.

469 1996 560 2054 Anno
591 1994 710 2052 domini
740 1993 1030 2054 MCCCCLXXVII.
1053 1994 1130 2053 seria
1153 1993 1286 2052 secunda
1309 1993 1390 2052 iufra
1413 2001 1557 2053 octavam
1579 2011 1626 2054 as-

363 2101 554 2176 sumpcionis
566 2107 669 2159 sancte
692 2101 789 2158 Marie
811 2101 949 2174 virginis,
974 2101 1054 2160 infra
1077 2102 1244 2159 missarum
1266 2101 1439 2172 sollemnia,
1454 2101 1494 2160 ad
1510 2116 1624 2162 sonum

364 2222 475 2279 magne
499 2222 657 2281 campane,
682 2206 800 2265 domini
824 2207 1036 2281 capitulariter
1063 2208 1241 2280 congregati
1263 2212 1293 2264 et
1323 2209 1382 2264 sub
1413 2207 1501 2280 penis
1532 2207 1626 2266 inira·

357 2314 485 2389 scriptis
509 2315 733 2381 concluserunt.
764 2315 908 2374 manibus
939 2315 1076 2389 propriis
1098 2331 1130 2372 se
1153 2314 1390 2386 subscribentes,
1414 2312 1547 2372 firmiter
1569 2313 1625 2372 ob·

282 2409 285 2415 ’
361 2420 522 2478 servaturi.
545 2421 754 2492 attendentes,
778 2421 862 2495 quod
885 2423 1020 2480 municio
1043 2422 1172 2496 capituli
1187 2421 1252 2480 sine
1267 2421 1379 2496 populi
1396 2419 1625 2479 inhabitacione

361 2526 540 2584 nullatenus
569 2525 720 2586 custodiri
749 2531 780 2585 et
810 2527 934 2586 defendi
964 2528 1070 2602 possit,
1102 2526 1186 2602 quod
1219 2527 1407 2600 quicumque
1430 2541 1468 2583 ex
1491 2524 1624 2584 dominis

361 2631 431 2689 loca
453 2631 486 2690 in
508 2632 601 2690 curiis
624 2633 690 2692 sive
713 2633 790 2692 ortis
812 2649 870 2708 pro
894 2633 1100 2708 disposicione
1133 2633 1299 2691 domorum
1322 2632 1494 2690 inhabitare
1517 2631 1623 2690 volen-

361 2738 444 2796 tibus
467 2739 552 2796 iuxta
574 2739 796 2801 limitacionem
819 2744 849 2798 et
872 2740 1102 2800 ordinacionem
1125 2740 1263 2812 illorum,
1281 2738 1335 2812 qui
1352 2755 1407 2812 per
1424 2737 1566 2796 dominos
1583 2737 1624 2795 ad

360 2843 392 2902 id
416 2843 530 2902 fuerint
553 2843 694 2918 deputati
715 2845 789 2904 dare
812 2862 865 2906 seu
888 2845 1053 2905 admittere
1083 2845 1280 2917 recusaverit,
1312 2848 1367 2902 aut
1401 2843 1622 2919 quoquomodo

360 2949 589 3021 contradixerit,
624 2951 708 3025 quod
743 2969 782 3012 ex
813 2969 894 3011 nunc
924 2953 989 3012 siue
1020 2953 1105 3010 omui
1128 2951 1341 3010 misericordia
1363 2949 1567 3025 proventibus
1591 2954 1621 3008 et

359 3057 518 3115 consorcio
548 3058 778 3116 canonicalibus
809 3064 970 3131 tamquam
1000 3056 1135 3115 infidelis
1167 3061 1197 3114 et
1217 3057 1361 3130 periurus
1383 3055 1560 3130 privabitur
1583 3069 1620 3114 eo

359 3161 449 3232 facto,
473 3179 512 3220 ex
534 3179 571 3221 eo
593 3163 677 3237 quod
708 3171 814 3226 contra
844 3163 1045 3222 commodum
1069 3168 1099 3220 et
1121 3163 1288 3221 utilitatem
1311 3161 1484 3243 reipublice
1507 3161 1622 3220 iudica·

358 3269 444 3326 bitur
467 3269 628 3327 rebellare.

460 3369 595 3434 Johanues
614 3369 695 3419 lector
713 3375 739 3419 et
758 3370 904 3428 canonicus,
924 3385 1000 3418 manu
1025 3369 1135 3434 propria.
1161 3369 1289 3433 Georgius
1314 3370 1450 3434 episcopus
1474 3368 1621 3418 rosanensis

356 3472 391 3510 m.
410 3473 435 3522 p.
456 3459 603 3508 Demetrius
621 3459 781 3509 kathedralis
799 3475 831 3512 m.
851 3476 876 3526 p.
896 3460 1018 3508 Andreas
1036 3460 1233 3510 archidiaconus
1245 3460 1392 3510 dubiceusis
1404 3474 1430 3507 m
1452 3473 1477 3522 p.
1492 3457 1620 3522 Georgius

356 3545 552 3596 archidiaconus
576 3547 608 3595 de
632 3548 716 3597 Bexin
742 3563 775 3600 m.
802 3563 828 3612 p.
853 3547 990 3597 Ladislaus
1008 3555 1094 3597 custos
1112 3563 1144 3596 m.
1165 3565 1190 3614 p.
1208 3547 1290 3614 Elyas
1309 3554 1395 3598 custos
1414 3547 1572 3596 chasmensis
1592 3551 1618 3594 et

356 3649 411 3686 can.
431 3634 532 3698 zagrrm.
558 3650 591 3687 m.
617 3651 641 3700 p.
666 3636 780 3685 Thomas
804 3635 924 3702 Thompa
947 3652 981 3688 ιιι.
1000 3652 1025 3702 p.
1046 3633 1161 3688 Michael
1179 3636 1318 3704 Reyffnicz
1337 3651 1370 3687 m.
1390 3651 1416 3700 p.
1436 3635 1567 3685 Fabianus
1585 3635 1618 3684 de

357 3722 453 3772 Zinche
472 3739 504 3774 ιιι.
525 3739 549 3788 p.

469 3865 548 3914 Liber
574 3863 668 3914 rubeus
695 3880 752 3918 ven.
780 3865 887 3931 capituli
914 3865 975 3918 eccl.
1012 3867 1164 3930 zagrab.1n
1190 3865 1285 3916 archiv.
1313 3864 1375 3916 incl.
1404 3865 1488 3915 Acad.
1519 3865 1617 3914 Sciant.

356 3952 425 4006 Slav.
444 3953 534 4007 merid.

944 4131 1036 4198 308.

460 4270 542 4321 Anno
563 4281 637 4335 1477,
659 4283 699 4332 19.
718 4271 871 4324 novembris.
890 4273 988 4325 Budae.

353 4399 382 4457 A
405 4398 551 4474 Stephano
572 4399 695 4472 Bathor,
709 4400 809 4474 Jinrlr'cc
830 4403 937 4476 curiae,
960 4399 1150 4472 constituitur,
1174 4407 1209 4459 ut
1228 4419 1248 4458 a
1270 4400 1468 4458 communitate
1490 4398 1619 4457 civitatis

348 4506 539 4582 possessiones
561 4508 679 4581 capituli
702 4503 856 4582 Kobiljak,
879 4505 989 4580 Soibh'e
1011 4513 1058 4566 etc.
1077 4514 1134 4580 per
1155 4507 1296 4582 injuriam
1318 4525 1375 4563 non
1391 4523 1449 4564 esse
1464 4513 1616 4579 occupatas

539 4612 627 4670 index
649 4620 678 4670 ct
696 4613 914 4692 quinquaginta
936 4612 1010 4670 cioes
1024 4611 1224 4688 sicrejurando
1247 4611 1434 4685 obstringant.

459 4757 522 4816 Nos
554 4773 658 4816 comes
689 4755 863 4832 Stephanus
886 4756 924 4815 de
948 4755 1070 4828 Bathor,
1093 4753 1189 4832 judex
1212 4755 1297 4814 curie
1320 4755 1508 4814 serenissimi
1530 4755 1615 4830 priu-

351 4865 430 4940 cipis
453 4865 572 4924 domini
595 4864 718 4937 Mathle,
749 4863 798 4922 dei
828 4865 932 4938 gracia
960 4864 1041 4936 regis
1076 4863 1245 4936 Hungarie,
1269 4861 1426 4936 Bohemie,
1448 4861 1617 4933 Dalmacie,

352 4971 479 5030 Croacie
502 4977 557 5029 etc.
579 4971 698 5028 Damus
722 4985 780 5043 pro
804 4970 963 5042 memoria,
995 4970 1080 5044 quod
1111 4970 1202 5028 nobis
1233 4968 1471 5042 quadragesimo
1502 4974 1614 5041 quarto
