3828 5822
398 517 461 592 388
816 511 889 570 Dec.
912 523 984 587 309.
1008 542 1051 552 —
1073 509 1130 566 Aa.
1152 503 1243 585 1478.

399 743 453 788 seu
476 729 579 802 platee
601 728 634 784 in
655 726 813 799 presencia
828 724 940 800 judicis
962 725 1100 798 aliquem
1123 722 1334 782 vulneraverit
1356 721 1395 778 ad
1412 721 1587 796 periculum
1609 719 1664 778 ali-

400 834 486 892 cuius
509 832 558 891 sui
580 831 716 890 membri
748 830 940 906 principalis,
965 844 1001 888 eo
1023 830 1093 904 ipso
1116 827 1156 886 ad
1186 826 1372 886 solvendum
1395 826 1560 884 vulnerato
1589 824 1665 882 duo·

400 938 499 998 decim
524 937 657 996 tlorenos
680 936 748 994 auri
771 941 802 995 et
824 935 1019 995 tantumdem
1042 933 1138 1011 judici
1161 934 1327 1006 obligetur,
1351 933 1519 1006 statimque
1541 947 1599 1006 per
1617 929 1665 1007 ju·

401 1045 501 1104 dicem
535 1059 627 1102 suum
662 1042 836 1101 detineatur
872 1043 1003 1115 egregie,
1028 1041 1125 1099 donec
1159 1041 1262 1099 solvat
1297 1039 1483 1114 premissam
1517 1037 1663 1113 peccunie

401 1151 613 1226 quantitatem,
636 1149 688 1207 vel
723 1148 761 1206 de
783 1149 851 1222 ipsa
873 1148 1024 1208 solvenda
1046 1147 1127 1206 infra
1150 1145 1327 1220 quindecim
1358 1145 1423 1204 dies
1446 1149 1558 1204 extunc
1580 1159 1666 1202 secu·

400 1258 524 1316 ritatem
547 1255 693 1314 exhibeat
717 1239 952 1329 competentem.
976 1253 1039 1328 Qut
1062 1253 1186 1312 veroin
1208 1253 1352 1311 absencia
1373 1249 1485 1327 judicis
1508 1250 1573 1308 tale
1588 1249 1665 1323 quid

401 1362 591 1421 commiserit
613 1361 719 1420 eadem
744 1376 825 1435 pena
846 1362 877 1420 in
902 1361 991 1419 bonis
1014 1361 1169 1435 punietur,
1201 1358 1373 1417 dummodo
1404 1372 1461 1432 per
1484 1361 1576 1438 testes
1598 1356 1664 1414 ido·

400 1484 474 1528 neos
496 1468 549 1526 vel
564 1467 642 1526 alias
664 1466 743 1542 juste
766 1472 796 1526 et
819 1467 1050 1527 racionabiliter
1081 1467 1289 1526 convincatur.
1321 1463 1382 1524 Sed
1414 1465 1441 1522 si
1472 1465 1542 1538 quis
1572 1463 1666 1522 alteri

401 1575 573 1648 cuicunque
595 1574 720 1647 alapam
752 1573 880 1644 dederit,
901 1587 956 1632 seu
979 1588 1073 1646 quem
1096 1572 1293 1646 percusserit,
1315 1569 1528 1630 vulneraverit
1550 1569 1602 1628 vel
1625 1568 1664 1628 si-

401 1681 477 1739 mile
500 1679 575 1753 quid
599 1678 704 1738 fecerii
726 1679 845 1754 absque
868 1679 1009 1752 periculo
1031 1679 1079 1736 sui
1102 1678 1237 1736 membri
1259 1676 1449 1751 principalis,
1472 1681 1503 1734 et
1525 1677 1584 1734 hoc
1599 1676 1665 1734 sive

401 1786 433 1844 in
456 1786 614 1860 presencia
645 1783 756 1862 judicis
779 1784 845 1843 sive
868 1785 900 1843 in
929 1784 1082 1855 absencia,
1106 1782 1286 1854 dummodo,
1310 1788 1344 1840 ut
1367 1781 1545 1856 predicitur,
1575 1783 1665 1856 legit·

401 1893 476 1952 time
499 1891 591 1950 fuerit
607 1891 797 1963 convinctus,
820 1905 857 1950 eo
868 1891 938 1964 ipso
956 1889 995 1949 ad
1012 1889 1197 1948 solvendum
1214 1903 1305 1964 passo
1328 1886 1473 1964 injuriam
1490 1889 1665 1948 cicatricem

401 2002 456 2057 aut
478 1998 600 2069 vulnus,
617 1997 643 2056 si
660 2003 706 2056 est
721 1997 802 2055 bone
816 1995 907 2070 tame,
923 1997 1061 2070 quinque
1077 1995 1200 2056 ssorenis
1216 1996 1283 2054 auri
1299 2002 1328 2054 et
1352 1995 1546 2056 tantumdem
1569 1993 1665 2071 judici

401 2103 567 2177 obligetur,
585 2103 663 2161 alias
685 2107 791 2162 tamen
812 2103 844 2160 in
859 2117 921 2162 uno
944 2101 1062 2162 floreno
1078 2101 1257 2160 adversario
1281 2107 1311 2162 et
1334 2101 1365 2160 in
1388 2102 1451 2160 alio
1472 2100 1567 2177 judici
1584 2109 1666 2162 tene·

401 2215 478 2268 atur.
503 2207 600 2268 Casus
623 2213 728 2268 autem
751 2209 807 2268 alii
830 2208 868 2268 de
902 2210 1008 2268 verbis
1042 2208 1272 2268 contumeliosis
1302 2213 1332 2266 et
1355 2208 1553 2281 vituperiosis
1575 2207 1665 2268 redu·

318 2373 320 2378 ,
402 2320 511 2374 cantur
533 2314 573 2373 ad
597 2313 735 2374 medium
770 2315 997 2390 premissorum
1027 2314 1276 2374 consideracione
1305 2315 1413 2374 habita
1437 2313 1586 2387 diligenti,
1608 2315 1664 2374 ubi

401 2421 442 2480 sit
464 2420 624 2480 distinccio
654 2421 694 2479 de
726 2422 883 2495 presencia
907 2427 937 2480 et
959 2422 1102 2480 absencia
1129 2419 1241 2496 judicis
1263 2427 1294 2479 et
1315 2435 1448 2495 persone
1470 2421 1552 2480 bone
1574 2419 1665 2481 farne.

402 2527 512 2586 Cetera
534 2529 657 2586 minora
680 2527 747 2586 sive
763 2528 882 2586 leviora
896 2525 1061 2602 judicantis
1084 2527 1215 2586 arbitrio
1237 2527 1460 2600 relinquantur.
1483 2527 1551 2586 Hoc
1566 2527 1665 2585 eciam

401 2633 583 2706 addicimus,
607 2633 691 2706 quod
722 2634 832 2692 citatus
867 2634 1055 2708 quicumque
1089 2650 1148 2708 pro
1172 2634 1274 2707 prima
1296 2635 1364 2692 vice
1393 2649 1455 2692 non
1483 2649 1665 2708 comparens

401 2740 434 2798 in
456 2739 590 2798 denariis
613 2747 683 2798 octo
707 2745 830 2798 monete
850 2745 923 2798 tunc
946 2739 1106 2811 currentis,
1137 2755 1195 2815 pro
1218 2739 1352 2800 secunda
1377 2741 1445 2798 vice
1466 2741 1499 2799 in
1531 2739 1664 2799 denariis

402 2845 567 2904 duodecim
589 2851 620 2904 et
648 2859 707 2920 pro
743 2846 838 2904 tercia
871 2847 939 2904 rice
974 2846 1007 2904 in
1040 2846 1151 2918 viginti
1185 2846 1343 2905 solvendis
1377 2843 1474 2922 judici
1508 2847 1665 2919 obligetur

402 2950 482 3010 infra
506 2956 576 3009 octo
600 2950 675 3023 dies,
707 2966 832 3025 semper
853 2966 871 3010 a
894 2951 944 3010 die
968 2967 1029 3026 qua
1052 2967 1233 3025 comparere
1255 2952 1413 3023 debuerat,
1436 2952 1463 3011 si
1485 2967 1573 3010 suam
1595 2967 1666 3012 con-

402 3057 569 3116 tumaciam
596 3057 662 3114 sive
686 3057 864 3116 absenciam
888 3058 1119 3116 racionabiliter
1142 3073 1204 3116 non
1227 3059 1341 3132 poterit
1364 3073 1510 3117 excusare
1534 3057 1665 3131 Quando

401 3166 505 3220 autem
528 3178 567 3221 ex
598 3177 689 3220 causa
713 3163 819 3237 aliqua
843 3163 1025 3222 citacionem
1048 3179 1144 3222 unam
1175 3179 1233 3239 pro
1256 3165 1336 3222 trina
1360 3166 1572 3238 peremptoria
1594 3180 1666 3224 con-

401 3268 505 3340 tigerit
536 3269 682 3340 emanari,
714 3279 786 3327 tunc
817 3268 1060 3344 condempnacio
1090 3285 1159 3328 eam
1190 3277 1345 3344 sequatur,
1379 3285 1416 3329 ac
1438 3272 1464 3330 si
1487 3277 1534 3330 ter
1557 3271 1665 3330 luisset

402 3373 515 3446 aliquis
548 3375 666 3433 citatus.
690 3375 724 3432 ln
759 3377 868 3434 ceteris
897 3391 972 3434 vero
993 3373 1192 3450 judicialibus
1222 3377 1419 3451 processibus
1436 3378 1466 3436 in
1489 3378 1666 3438 huiusmodi

402 3479 738 3553 condempnacionibus
761 3488 902 3540 servetur
917 3480 992 3554 quid
1007 3479 1084 3556 juris
1100 3489 1146 3540 est
1161 3482 1213 3540 vel
1236 3483 1466 3542 consvetudinis
1484 3485 1665 3557 approbate

402 3585 470 3644 Hoc
484 3585 582 3644 eciam
598 3583 804 3658 adiungimus,
821 3587 905 3660 quod
921 3587 1046 3660 quando
1062 3587 1174 3661 aliquis
1190 3588 1405 3661 predictorum
1420 3589 1664 3648 inhabitatorum

402 3707 462 3766 pro
486 3691 592 3750 debito
615 3698 669 3750 aut
691 3692 752 3750 alia
777 3709 972 3767 quacumque
996 3709 1095 3764 causa,
1119 3701 1153 3752 ut
1177 3695 1366 3768 premissum
1389 3701 1444 3767 est,
1469 3694 1563 3754 fuerit
1593 3711 1664 3754 con·

402 3797 588 3871 dempnatus
621 3796 660 3856 ad
690 3798 885 3870 solvendum,
916 3814 979 3858 non
1009 3801 1106 3874 possit
1128 3799 1208 3858 infra
1231 3801 1400 3860 terminum
1423 3801 1463 3859 ad
1486 3802 1545 3860 hoc
1568 3801 1665 3876 depu-

403 3910 502 3962 tatum
526 3903 750 3977 quoquomodo
773 3905 804 3962 in
829 3907 919 3964 bonis
943 3906 995 3964 vel
1019 3907 1051 3964 in
1075 3922 1208 3980 persona
1237 3907 1392 3981 impediri,
1415 3907 1475 3966 nisi
1497 3913 1577 3966 esset
1602 3923 1667 3966 sus·

404 4017 512 4086 pectus
536 4009 575 4068 de
598 4009 680 4083 tuga,
705 4027 767 4084 quo
786 4028 857 4070 casu
874 4015 1019 4070 caucione
1036 4013 1172 4085 prestita,
1188 4029 1286 4087 usque
1309 4013 1348 4072 ad
1373 4015 1540 4072 terminum
1563 4013 1667 4072 huius·

401 4116 489 4176 modi
512 4117 570 4174 erit
601 4132 742 4188 securus;
766 4119 898 4176 termino
921 4126 1023 4177 autem
1048 4120 1164 4192 elapso,
1189 4121 1231 4178 ita
1255 4119 1365 4178 deinde
1389 4121 1420 4177 in
1443 4135 1575 4193 persona
1597 4119 1666 4194 capi

403 4224 517 4298 poterit
541 4223 568 4282 si
592 4225 726 4282 mobilia
749 4225 801 4282 vel
818 4225 995 4284 immobilia
1011 4227 1123 4284 saltem
1147 4233 1230 4284 tanta
1253 4241 1315 4284 non
1331 4226 1482 4297 habuerit,
1498 4225 1535 4284 de
1554 4227 1667 4299 quibus

402 4330 544 4388 debitum
567 4340 620 4388 aut
643 4345 754 4404 penam
779 4331 903 4389 solvere
926 4337 1045 4405 posset;
1062 4329 1157 4407 judex
1180 4340 1284 4390 autem
1306 4333 1332 4390 si
1345 4333 1533 4392 contrarium
1551 4331 1665 4402 fecerit,

400 4437 433 4495 in
456 4437 515 4494 hoc
538 4451 610 4496 casu
634 4438 666 4494 in
696 4437 770 4494 vivo
795 4437 941 4510 homagio
972 4439 1017 4495 sic
1040 4437 1174 4509 deteut0‚
1197 4454 1234 4496 eo
1257 4437 1338 4496 sacto
1361 4439 1401 4496 sit
1432 4438 1600 4511 obligatus.
1624 4437 1666 4496 Ut

401 4549 505 4602 autem
530 4543 591 4616 ipsi
613 4543 751 4616 hospites
766 4545 864 4601 nostri
888 4558 945 4616 pro
961 4544 1053 4601 tantis
1071 4543 1228 4602 beneficiis
1251 4544 1365 4602 nostris
1388 4543 1479 4602 nobis
1501 4558 1536 4600 ae
1553 4543 1666 4602 nostris

401 4650 630 4709 successoribus
662 4665 786 4724 semper
809 4651 890 4722 grati
919 4650 1058 4722 existant,
1092 4651 1237 4708 volumus
1261 4649 1343 4723 quod
1368 4664 1425 4708 nos
1448 4655 1667 4722 recognoscant

402 4772 460 4830 pro
483 4757 547 4814 suis
578 4757 713 4816 dominis
735 4757 930 4814 naturalibus
954 4763 983 4814 et
1006 4759 1152 4831 graciosis
1176 4763 1206 4814 et
1228 4758 1319 4816 nobis
1343 4762 1503 4816 teneantur
1525 4756 1667 4814 assistere

401 4879 526 4937 semper
549 4864 581 4922 in
612 4863 721 4936 vigilia
755 4869 785 4920 et
819 4863 958 4922 custodia
993 4864 1125 4922 civitatis
1159 4871 1264 4923 nostre
1299 4866 1450 4938 presentis
1484 4868 1514 4920 et
1548 4861 1665 4921 inaliis

400 4969 529 5042 agendis
563 4969 690 5027 ecclesie
724 4974 828 5026 nostre
859 4986 928 5027 cum
961 4970 1061 5028 solida
1091 4969 1242 5030 fidelitate
1265 4987 1372 5029 omnes
1395 4977 1425 5028 et
1455 4971 1571 5042 singuli
1593 4985 1665 5028 cum
