3930 5802
704 587 777 643 Doc.
801 597 865 661 135.
893 617 934 628 -
958 584 1015 642 Ari.
1040 597 1130 661 1443.
1478 587 1537 660 189

276 802 408 862 condam
446 806 534 877 pater
569 816 656 858 meus
685 799 812 858 dederat
834 798 1065 872 Syhemberger
1087 811 1146 872 pro
1169 797 1386 871 redempcione
1409 797 1541 870 predicti

276 907 452 980 Lowrandi,
475 906 600 981 quando
623 907 727 981 ipsum
750 903 961 963 Lowrandum
984 903 1142 978 predictus
1166 909 1255 978 pater
1282 919 1370 961 meus
1400 905 1442 962 ab
1471 904 1541 977 ipso

275 1013 506 1087 Syhembergar
529 1027 587 1086 pro
610 1014 686 1087 ipsis
709 1011 849 1069 ducentis
871 1009 995 1068 florenis
1018 1011 1086 1068 auri
1115 1008 1284 1068 redimerat
1307 1009 1346 1067 de
1377 1010 1541 1084 captivate,

276 1135 371 1194 super
393 1120 508 1194 quibus
536 1119 638 1177 habeo
668 1119 806 1177 litteram
829 1117 958 1190 capituli
981 1115 1110 1174 ecclesie
1144 1115 1360 1188 zagrabiensis,
1384 1130 1462 1188 quos
1486 1115 1541 1173 du·

275 1229 379 1284 centos
401 1225 533 1284 florenos
555 1226 622 1284 auri
645 1226 717 1298 lego
742 1223 809 1281 dari
833 1227 863 1281 et
886 1221 1026 1296 persolvi
1048 1220 1195 1296 predictis
1219 1221 1310 1280 uxori
1337 1227 1367 1280 et
1382 1221 1448 1280 filie
1464 1221 1541 1280 meis

277 1346 329 1390 me
350 1331 508 1390 moriente.
531 1331 610 1390 Item
632 1331 733 1390 habeo
755 1344 850 1388 unam
875 1329 990 1387 bonam
1012 1327 1144 1386 loricam
1170 1329 1250 1386 circa
1271 1327 1410 1386 nobilem
1436 1328 1542 1386 virum

274 1437 427 1521 Jacobum
443 1435 481 1494 de
495 1437 653 1510 Thosaycz
669 1437 841 1496 curiensem
856 1435 941 1493 curie
957 1433 1144 1509 episcopalis
1161 1434 1369 1506 zagrabiensis
1391 1448 1451 1508 pro
1466 1449 1541 1508 qua·

276 1547 347 1601 tuor
363 1542 485 1600 florenis
500 1542 531 1600 in
549 1543 687 1616 pignore,
705 1557 799 1616 quam
822 1539 954 1598 loricam
976 1539 1048 1614 lego
1071 1539 1137 1597 dari
1161 1544 1191 1597 et
1213 1538 1365 1598 redimere
1388 1539 1455 1598 filio
1471 1554 1541 1598 meo

275 1648 389 1706 seniori
412 1647 540 1706 Nicolao
563 1649 731 1707 nominato.
754 1647 980 1705 Execucionem
1003 1646 1108 1719 itaque
1123 1645 1274 1720 presentis
1287 1646 1352 1704 mei
1367 1646 1542 1704 testamenti

275 1755 460 1813 recommito
483 1771 578 1830 super
600 1755 772 1830 predictam
785 1753 956 1816 dominam
972 1753 1120 1810 Vrsulam
1138 1767 1265 1810 uxorem
1282 1767 1384 1811 meam
1400 1757 1430 1809 et
1448 1767 1542 1826 super

277 1860 416 1935 prefatos
439 1860 550 1919 iratres
573 1875 646 1919 suos
671 1859 810 1918 carnales
832 1857 916 1918 filios
938 1859 1057 1917 scilicet
1079 1859 1178 1932 ipsius
1207 1858 1290 1916 Petri
1320 1857 1359 1916 de
1391 1855 1541 1916 Rakonok

276 1965 448 2038 predictam
464 1982 500 2024 ac
515 1982 610 2041 super
624 1966 800 2041 predictum
822 1966 999 2039 Martinum,
1022 1963 1125 2023 filium
1155 1964 1270 2022 sororis
1293 1977 1361 2021 mee
1384 1967 1414 2021 et
1444 1963 1541 2037 ipsius

276 2071 413 2130 Ladislai
448 2072 487 2130 de
521 2063 604 2131 dicta
637 2072 786 2146 Gorycza,
822 2073 868 2130 uti
902 2073 962 2147 ipsi
994 2071 1032 2131 de
1061 2071 1207 2130 omnibus
1230 2070 1389 2143 premissis
1411 2083 1468 2143 per
1490 2085 1541 2129 me

276 2177 443 2251 prelegatis
474 2194 511 2236 ac
543 2179 614 2237 aliis
648 2179 795 2237 omnibus
829 2179 905 2253 ipsis
938 2194 996 2252 per
1030 2193 1080 2236 me
1111 2178 1298 2235 verbotenus
1331 2176 1542 2235 recommissis

277 2283 402 2357 plenam
425 2289 455 2342 et
477 2285 692 2344 omnimodam
712 2285 885 2359 exequendi
918 2291 948 2343 et
979 2284 1165 2359 disponendi
1192 2285 1327 2342 habeant
1357 2287 1542 2358 potestatem

276 2387 362 2446 iuxta
391 2391 642 2450 commissionem
673 2396 704 2451 et
732 2391 917 2466 peticionem
950 2406 1053 2448 meam
1084 2389 1220 2448 fideliter
1250 2398 1279 2447 et
1309 2390 1542 2448 conscienciose.

276 2493 404 2554 Presens
427 2511 552 2570 quoque
575 2503 793 2556 testamentum
816 2511 922 2554 meum
945 2502 1049 2554 actum
1073 2502 1103 2555 et
1133 2497 1228 2554 scribi
1261 2493 1378 2554 factum
1409 2501 1454 2554 est
1484 2511 1543 2570 per

276 2615 336 2674 me,
368 2603 564 2676 presentibus
597 2603 730 2662 discreto
765 2604 834 2661 viro
869 2601 996 2662 domino
1031 2602 1126 2661 Gallo
1161 2603 1343 2677 presbitero,
1377 2602 1541 2676 capellano

279 2707 409 2766 ecclesie
431 2709 529 2768 sancti
551 2709 647 2767 Marci
670 2709 869 2782 ewangeliste
890 2709 923 2767 in
944 2709 1068 2767 civitate
1091 2707 1230 2783 predicta
1253 2707 1387 2780 fundate,
1410 2721 1447 2767 ac
1469 2722 1541 2782 pro-

277 2812 358 2872 vidis
393 2819 424 2872 et
456 2815 593 2873 honestis
626 2815 711 2888 viris,
743 2814 881 2887 Nicotao,
906 2813 973 2873 filio
998 2815 1088 2888 Petri,
1111 2813 1213 2892 judice
1234 2813 1386 2873 moderno
1409 2815 1542 2874 civitatis

276 2919 423 2993 predicte,
457 2935 493 2978 ac
527 2920 655 2993 Marin0,
689 2919 756 2978 filio
792 2919 903 2979 Klario
938 2927 969 2979 et
1001 2922 1142 2994 Martino,
1176 2921 1244 2980 filio
1266 2921 1395 2994 Thome,
1418 2920 1542 2994 pridem

275 3021 440 3100 judicibus,
463 3026 650 3099 civibusque
673 3026 807 3084 civitatis
831 3025 978 3100 predicte,
1001 3043 1037 3086 ac
1068 3027 1137 3087 aliis
1171 3042 1266 3102 quam
1300 3027 1444 3102 pluribus
1466 3027 1542 3086 fide·

277 3129 378 3203 dignis
401 3132 531 3190 testibus
553 3131 592 3189 ad
616 3132 770 3207 premissa
792 3149 849 3207 per
871 3149 923 3193 me
946 3148 1005 3209 pro
1028 3135 1207 3193 testimonio
1229 3133 1407 3208 specialiter
1423 3135 1541 3193 vocatis

277 3243 307 3293 et
320 3236 454 3309 ¹rogatis,
487 3251 622 3310 quorum
651 3238 766 3312 sigillis
797 3240 933 3313 propriis
956 3239 1042 3298 idem
1064 3245 1284 3299 testamentum
1310 3255 1415 3298 meum
1438 3241 1469 3298 in
1493 3241 1541 3298 sui

276 3342 417 3414 margine
438 3341 578 3401 inferiori
600 3343 681 3417 pecii
703 3345 878 3417 consignari
901 3343 1002 3404 iacere
1025 3361 1082 3420 per
1105 3347 1233 3405 eosdem
1256 3347 1288 3406 in
1310 3345 1407 3405 fidem
1438 3351 1468 3404 et
1498 3351 1541 3406 te·

276 3447 459 3506 stimonium
481 3449 622 3506 omnium
645 3451 880 3524 premissorum.

381 3583 515 3649 Originale
533 3585 560 3634 in
580 3583 675 3638 charta.
694 3587 777 3635 Penes
796 3585 910 3650 sigillum
928 3587 1040 3637 civitatis
1058 3588 1183 3654 impressa
1201 3595 1260 3638 sunt
1278 3589 1362 3638 adhuc
1379 3590 1428 3639 tria
1446 3589 1541 3655 sigilla.

275 3675 308 3722 In
327 3673 423 3724 archiv.
442 3673 488 3726 lib.
507 3689 559 3738 reg.
578 3675 627 3726 civ.
645 3673 744 3740 zagrab.

871 3870 948 3938 1³5.

381 4011 462 4060 Anno
484 4023 559 4074 1443,
579 4011 602 4063 8.
620 4011 739 4076 januarii.
759 4013 907 4077 Zagrabiue.

283 4135 386 4193 Coram
402 4137 554 4214 Johanne,
575 4139 751 4198 decretorum
773 4140 885 4199 doctore
907 4147 936 4199 et
957 4142 1067 4200 vicario
1089 4143 1219 4201 ccclesiae
1241 4143 1370 4217 aegrae,
1399 4143 1543 4218 Georgius

277 4240 311 4298 de
333 4241 466 4316 Meglech
492 4243 639 4319 presbyter
668 4252 696 4303 et
716 4253 810 4304 rector
838 4247 944 4304 altaris
965 4266 987 4304 s.
1011 4247 1210 4322 Magdalenae
1241 4249 1314 4306 ciues
1336 4251 1439 4308 montis
1468 4250 1542 4310 Gre-

600 4352 689 4410 censis
712 4353 893 4428 injurebrum
909 4353 1063 4428 factarum
1086 4356 1211 4413 arcessit.

383 4491 544 4551 Universis
567 4499 597 4552 et
620 4495 750 4569 singulis
773 4498 910 4556 cuiusvis
933 4503 1038 4571 status,
1061 4499 1184 4572 gradrm,
1207 4500 1334 4574 ordinis,
1358 4505 1388 4559 et
1410 4502 1528 4574 preemi

276 4596 382 4654 nencie
415 4598 476 4654 sint
509 4605 540 4657 et
573 4601 714 4674 existant,
747 4608 903 4676 presentes
938 4604 1051 4661 visuris
1085 4619 1139 4663 seu
1171 4606 1366 4682 inspecturis,
1385 4606 1541 4690 Johannes

277 4701 472 4761 decretorum
495 4703 612 4778 doctor,
635 4709 799 4766 canonicus
820 4715 850 4767 et
873 4709 1008 4768 vicarius
1032 4710 1160 4769 ecclesie
1182 4713 1390 4785 zagrabiensis
1406 4713 1438 4770 in
1451 4713 1542 4786 spiri·

277 4807 415 4866 tualibus
437 4811 591 4882 generalis
613 4811 747 4870 salutem
763 4814 795 4872 in
810 4813 937 4874 domino
953 4817 1174 4890 sempiternam
1190 4825 1221 4876 et
1235 4819 1431 4892 presentibus
1446 4817 1543 4876 fidem

276 4911 441 4973 indubiam
463 4915 615 4975 adhiberi.
647 4917 813 4993 Noveritis,
835 4920 919 4994 quod
942 4922 1034 4980 nobis
1064 4921 1141 4982 feria
1170 4924 1265 4982 tercia
1295 4925 1440 4998 proxima
1471 4928 1544 4998 post

276 5018 390 5080 festum
413 5023 661 5098 Epiphaniarum
683 5024 812 5100 domini,
835 5027 979 5101 proxime
1000 5030 1191 5102 preteritum,
1214 5046 1274 5088 una
1296 5045 1368 5089 cum
1383 5030 1543 5089 nonnullis
