3804 5858
401 591 463 667 484
816 585 889 644 Doc.
906 581 982 661 363.
1010 617 1046 626 -
1072 583 1127 640 An.
1152 593 1243 659 1492.

399 805 526 877 antiquo
549 803 759 878 spectantibus
782 809 813 859 et
834 801 989 874 pertinere
1011 799 1204 870 debentibus,
1228 802 1400 854 memorate
1422 797 1543 869 capelle
1566 797 1672 854 sancti

399 909 526 983 spiritus
548 915 578 966 et
601 925 657 982 per
679 922 867 980 consequens
890 905 1027 963 eiusdem
1052 906 1165 963 rectori
1179 904 1366 962 remittimus
1382 907 1412 960 et
1428 903 1672 975 reassignamus,

401 1022 431 1074 et
452 1015 671 1073 nichilominus
695 1019 794 1071 totum
827 1019 857 1070 et
879 1027 971 1070 omne
993 1011 1041 1088 jus
1064 1018 1215 1083 nostrum,
1239 1012 1266 1068 si
1289 1009 1374 1083 quod
1398 1012 1429 1067 in
1452 1008 1570 1067 eisdem
1590 1024 1673 1082 qua·

401 1120 606 1193 litercumque
640 1121 835 1190 haberemus,
871 1119 972 1176 eidem
1008 1118 1128 1192 capelle
1151 1123 1181 1174 et
1215 1133 1273 1190 per
1295 1131 1483 1190 consequens
1505 1114 1672 1184 moderno,

401 1227 579 1299 cunctisque
611 1225 723 1283 futuris
753 1226 926 1282 rectoribus
948 1223 1086 1282 eiusdem
1109 1225 1141 1281 in
1163 1229 1348 1297 perpetuam
1370 1223 1589 1281 eleemosinam
1615 1221 1672 1278 de·

401 1332 513 1402 dimus,
537 1331 720 1390 donavimus
736 1338 766 1390 et
788 1333 985 1402 contulimus,
1003 1333 1101 1389 immo
1117 1331 1235 1403 damus,
1258 1329 1409 1388 donamus
1433 1336 1463 1387 et
1478 1328 1671 1387 conferimus

400 1436 468 1514 jure
491 1445 641 1511 perpetuo
664 1445 694 1496 et
710 1439 741 1496 in
749 1439 977 1512 sempiternum
993 1437 1124 1508 tenendi,
1141 1436 1320 1511 possidendi
1337 1437 1453 1510 pariter
1475 1440 1505 1494 et
1520 1435 1671 1506 habendi,

402 1545 442 1600 ab
465 1544 551 1602 omni
573 1551 603 1601 et
634 1545 744 1617 quavis
765 1543 980 1619 jurisdiccione
1003 1550 1181 1601 nostrorum
1203 1543 1373 1602 oficialium
1397 1556 1672 1618 quorumcumque

402 1650 434 1706 in
457 1649 548 1707 dictis
570 1657 671 1707 castro
693 1657 799 1708 nostro
823 1649 943 1707 Medwe
966 1657 995 1708 et
1019 1651 1142 1708 civitate
1165 1655 1271 1708 nostra
1294 1651 1409 1707 montis
1425 1648 1587 1707 Grecensis
1603 1663 1667 1720 pro

401 1760 542 1828 tempore
574 1756 745 1813 constitutis
775 1761 805 1812 et
836 1755 1122 1813 constituendorum
1146 1757 1268 1829 penitus
1291 1761 1322 1813 et
1344 1755 1471 1812 omnino
1494 1754 1668 1812 eximentes

402 1865 618 1918 stavertantes
633 1862 744 1918 harum
767 1867 952 1932 nostrarum,
984 1862 1097 1934 quibus
1120 1862 1246 1920 absente
1269 1861 1374 1934 sigillo
1404 1866 1511 1918 nostro
1544 1861 1669 1928 maiori,

401 1966 527 2023 anulare
558 1972 710 2024 secretum
732 1973 873 2024 nostrum
902 1973 949 2024 est
984 1981 1166 2040 appensum,
1190 1967 1298 2040 vigore
1321 1972 1352 2024 et
1376 1966 1551 2025 testimonio
1584 1965 1671 2024 litte-

402 2071 508 2129 rarum
521 2072 682 2130 mediante.
706 2071 822 2129 Datum
846 2072 876 2130 in
901 2072 1040 2146 predicta
1062 2079 1168 2131 nostra
1183 2073 1307 2132 civitate
1323 2074 1437 2131 montis
1449 2071 1611 2131 Grecensis
1636 2073 1670 2129 in

403 2176 481 2235 festo
497 2179 586 2235 beate
616 2179 809 2248 Margarethe
848 2177 977 2258 virginis
1004 2185 1034 2235 et
1056 2178 1200 2236 martiris.
1224 2181 1314 2236 Anno
1347 2179 1465 2237 domini
1495 2178 1672 2236 millesimo

403 2283 705 2356 quadringentesimo
727 2284 927 2356 nonagesimo
950 2285 1093 2342 secundo.

509 2438 532 2484 E
552 2442 713 2500 transumpto
735 2435 861 2486 Vladislai
874 2438 942 2500 regis
961 2439 993 2486 de
1005 2454 1072 2487 anno
1095 2451 1169 2504 1495.
1189 2440 1220 2487 In
1240 2439 1335 2490 archiv.
1355 2437 1401 2492 lib.
1421 2457 1473 2504 reg.
1493 2441 1541 2490 civ.
1564 2442 1671 2504 zagrab.

997 2686 1086 2752 363.

510 2828 590 2877 Anno
612 2841 686 2890 1492,
708 2839 738 2893 25
766 2827 840 2892 Julii.
860 2829 892 2876 In
911 2827 1043 2878 Gudovec.

403 2957 432 3013 Α
453 2956 594 3014 Ladislao
623 2957 656 3012 dc
686 2956 852 3030 Egeram,
883 2954 1040 3014 Slavonicre
1063 2954 1146 3024 bano,
1169 2950 1325 3027 capr'tulum
1347 2955 1532 3027 zagrabiense
1546 2956 1673 3028 petitur,

424 3069 459 3119 ut
477 3064 611 3120 sacellum
633 3081 654 3122 s.
677 3063 795 3135 spiritus
817 3063 847 3118 in
863 3063 1053 3135 possessiones
1066 3061 1278 3136 jobagronales,
1300 3061 1367 3116 olim
1390 3069 1499 3136 raptas,
1522 3061 1648 3122 abducat.

512 3224 627 3281 Amicis
657 3224 720 3280 suis
744 3223 929 3296 reverendis,
953 3223 1091 3297 capitulo
1115 3223 1243 3282 ecclesie
1265 3224 1480 3296 zagrabiensis,
1504 3223 1671 3282 Ladislaus

405 3328 443 3386 de
465 3329 639 3401 ligerwara,
668 3344 834 3401 regnorum
867 3329 1036 3400 Dalmacie‚
1064 3330 1191 3388 Croacie
1222 3334 1253 3387 et
1275 3329 1439 3387 Sclauonie
1462 3331 1569 3402 banus,
1592 3331 1673 3388 ami·

405 3436 513 3492 ciciam
537 3442 678 3507 paratam
702 3451 774 3494 curn
797 3437 923 3494 honore.
947 3435 1069 3493 Dicitur
1091 3437 1182 3493 nobis
1205 3437 1237 3493 in
1253 3451 1386 3510 persona
1400 3437 1591 3494 honorabilis
1609 3437 1672 3495 viri

405 3541 564 3599 Michaelis
595 3541 633 3598 de
662 3542 1005 3615 Zenthgyewrghwara,
1037 3543 1164 3600 rectoris
1189 3543 1374 3616 parochialis
1403 3543 1531 3600 ecclesie
1565 3549 1673 3600 sancte

405 3647 599 3719 Margarethe
623 3648 751 3720 virginis
774 3655 804 3706 et
828 3648 963 3706 martiris
986 3647 1025 3704 de
1047 3648 1198 3705 suburbio
1221 3649 1355 3706 civitatis
1369 3649 1482 3706 montis
1498 3647 1671 3718 Grecensis,

405 3753 562 3825 quomodo
586 3735 703 3828 ipsein
727 3754 900 3812 dominium
923 3754 1129 3828 quarumdam
1154 3761 1286 3826 quatuor
1303 3756 1474 3812 sessionum
1490 3751 1670 3830 jobagiona-

405 3859 482 3916 lium
516 3860 546 3916 in
579 3861 771 3932 possessione
803 3861 1028 3919 Chernomercz
1059 3867 1176 3930 vocata,
1208 3861 1240 3918 in
1271 3877 1404 3934 quarum
1439 3875 1498 3918 una
1537 3859 1668 3932 quidam

405 3965 557 4036 Domyan,
580 3965 612 4023 in
635 3967 769 4024 secunda
793 3966 929 4040 Mathko,
951 3968 984 4025 in
1006 3967 1099 4024 tercia
1122 3966 1239 4024 Gwrlro
1256 3973 1286 4023 et
1301 3967 1332 4024 in
1349 3973 1459 4040 quarta
1475 3967 1574 4023 Lucas
1589 3965 1667 4022 olim

404 4069 583 4146 jobagiones
606 4072 808 4132 residenciam
842 4075 1030 4144 habuissent,
1065 4071 1192 4131 omnino
1226 4073 1257 4130 in
1292 4073 1440 4130 comitatu
1473 4072 1667 4144 zagrabiensi

405 4178 617 4251 existencium,
641 4179 829 4250 habitarum,
864 4180 967 4252 ipsum
1002 4179 1164 4237 dominum
1194 4179 1378 4236 llicbaelem
1401 4185 1433 4236 et
1462 4178 1669 4252 prescriptam

406 4283 567 4340 ecclesiam
605 4289 695 4341 suam
730 4293 793 4342 tarn
829 4286 937 4358 vigore
972 4285 1148 4344 litterarum
1190 4285 1321 4344 illustris
1359 4285 1478 4342 domini
1519 4285 1668 4367 Johannis

405 4387 533 4446 Coruini
566 4387 652 4446 ducis
686 4396 741 4448 etc.
784 4407 879 4464 quam
919 4392 983 4448 alio
1027 4393 1127 4451 omnis
1161 4391 1237 4468 juris
1275 4391 1366 4449 titulo
1404 4391 1666 4462 concemencium‚

404 4495 556 4567 legittime
578 4495 696 4554 vellent
719 4497 846 4554 introire
854 4514 861 4566 ;
890 4513 986 4570 super
1008 4513 1071 4570 quo
1101 4497 1273 4555 amiciciam
1305 4501 1442 4555 vestram
1473 4496 1669 4570 presentibus

405 4601 540 4674 petimus
564 4600 737 4675 diligenter,
761 4609 911 4677 quatenus
934 4609 1075 4660 vestrum
1097 4603 1226 4662 mittatis
1241 4603 1401 4661 hominem
1417 4617 1475 4677 pro
1492 4601 1668 4660 testimonio

404 4706 609 4781 fidedignum,
643 4723 706 4782 quo
729 4713 880 4783 presente,
917 4708 1077 4766 Baithasar
1111 4709 1149 4766 de
1181 4708 1377 4782 Mykchewcz
1408 4709 1460 4766 vel
1495 4707 1670 4782 Stephanus

405 4813 525 4872 Kasnar
548 4813 586 4871 de
607 4812 797 4887 Glawnycza
819 4821 873 4872 aut
896 4813 1048 4888 Georgius
1064 4813 1103 4872 de
1119 4813 1271 4873 Schitario
1283 4815 1352 4872 aliis
1366 4813 1558 4886 absentibus,
1573 4814 1669 4871 homo

405 4924 517 4989 noster,
540 4918 580 4976 ad
611 4919 704 4978 facies
734 4920 979 4994 prescriptamm
1011 4927 1145 4994 quatuor
1169 4921 1339 4978 sessionum
1367 4917 1613 4995 jobagionalium
1637 4920 1670 4978 in

406 5031 550 5083 annotata
574 5026 764 5098 possessione
787 5025 1013 5085 Chernomercz
1036 5027 1228 5099 situatarurn,
1252 5027 1361 5084 vicinis
1385 5033 1414 5084 et
1448 5027 1669 5084 commetaneis
