3930 5802
698 578 773 639 Doc.
799 591 868 637 120.
893 609 935 621 -·
957 577 1013 636 An.
1038 571 1130 654 1438.
1479 592 1538 652 159

276 815 382 858 rerum
418 769 463 857 et·
482 798 637 856 bonorum
666 795 764 870 ipsius
787 794 916 853 ecclesie
939 799 969 852 et
991 793 1120 868 capituli
1142 793 1174 851 ln
1197 792 1306 851 eadem
1329 791 1408 849 turri
1431 791 1540 850 consti·

273 911 378 964 tutum
400 919 510 979 capere
546 909 576 962 et
598 901 774 961 interficere
796 900 977 974 satagentes,
1000 900 1110 975 positis
1131 898 1232 957 eidem
1254 897 1399 956 hincinde
1424 897 1543 957 insidiis

273 1011 420 1087 pluribus
444 1010 566 1082 diebus,
592 1008 717 1068 eosdem
740 1007 935 1082 spoliassent,
958 1012 988 1064 et
1009 1011 1045 1065 ut
1066 1007 1151 1080 ipsos
1174 1005 1335 1064 canonicos
1365 1004 1463 1078 ipsius
1492 1019 1541 1063 ca·

273 1117 366 1192 pituli
397 1117 516 1191 absque
551 1131 627 1174 sono
662 1129 813 1189 campane
846 1119 876 1171 et
910 1114 974 1171 sine
998 1113 1128 1187 strepitu
1151 1111 1298 1170 clamoris
1322 1111 1485 1169 hominum
1509 1111 1540 1168 in

275 1223 422 1282 domibus
455 1237 564 1281 eorum
599 1223 737 1280 incautos
772 1220 910 1294 reperire
933 1221 1114 1293 potuissent,
1139 1224 1241 1276 erecto
1265 1217 1383 1275 vexillo
1407 1218 1439 1275 in
1461 1217 1540 1274 turri

274 1331 403 1389 ecclesie
436 1330 534 1388 sancti
565 1329 662 1388 Marci
696 1329 728 1386 in
763 1327 846 1385 dicta
868 1331 972 1384 monte
996 1325 1142 1384 Grecensi
1165 1325 1280 1395 habita,
1304 1339 1412 1382 omnes
1434 1323 1541 1381 unani·

273 1437 367 1495 miter
400 1437 513 1495 armati
547 1435 587 1494 ad
618 1434 829 1494 invadendum
864 1433 982 1490 dictum
1006 1433 1181 1506 capitulum
1202 1430 1331 1490 luissent
1354 1431 1541 1504 congregati,

274 1548 304 1601 et
324 1543 384 1601 nisi
407 1542 490 1601 idem
515 1542 679 1601 Ladislaus
703 1540 904 1599 de‘Davvoch
927 1540 1152 1597 concanonicus
1175 1553 1284 1596 eorum
1304 1538 1336 1596 in
1359 1536 1441 1595 dicta
1463 1537 1543 1595 turri

273 1647 372 1722 ipsius
406 1649 536 1724 capituli
571 1649 713 1720 existens
748 1661 907 1706 rumorem
942 1645 1053 1720 populi
1087 1651 1117 1702 et
1151 1643 1326 1702 discursum
1349 1647 1543 1702 armatorum

273 1755 437 1813 hominum
460 1761 490 1814 et
512 1756 695 1828 sagittarum
716 1752 860 1812 hincinde
883 1767 940 1826 per
955 1752 1040 1810 vicos
1064 1755 1093 1809 et
1109 1750 1228 1824 plateas
1257 1765 1366 1808 eorum
1392 1749 1540 1822 senciens,

275 1865 377 1920 erecto
401 1875 505 1936 panno
521 1861 605 1922 lineo
621 1862 731 1919 inuno
755 1859 869 1918 baculo
891 1859 995 1932 ligneo
1018 1858 1094 1932 ipsis
1117 1857 1270 1915 canonicis
1293 1862 1323 1914 et
1345 1857 1429 1915 clero
1444 1857 1542 1932 ipsius

275 1967 404 2026 ecclesie
426 1967 635 2042 zagrabiensis
659 1966 698 2025 de
721 1966 800 2024 turri
822 1967 947 2038 signum
970 1963 1113 2034 dedisset,
1137 1969 1167 2020 et
1197 1963 1258 2036 ipsi
1281 1963 1340 2021 hoc
1362 1964 1450 2036 signo
1473 1963 1542 2021 viso

276 2079 306 2131 et
329 2073 486 2132 intellecto
510 2089 581 2131 cum
604 2074 698 2131 rebus
721 2077 751 2130 et
774 2072 864 2129 bonis
887 2086 995 2130 eorum
1019 2069 1058 2128 ad
1089 2070 1252 2128 ecclesiam
1274 2069 1491 2128 kathedralem
1513 2074 1543 2128 et

276 2180 395 2237 curiam
418 2179 631 2253 episcopalem
653 2177 844 2250 affugissent,
867 2177 1000 2251 predicti
1022 2177 1106 2234 cives
1129 2181 1160 2233 et
1182 2176 1320 2250 hospites
1343 2191 1453 2235 eorum
1476 2191 1541 2234 ma-

278 2285 399 2358 lignum
430 2286 628 2359 propositum
658 2285 766 2357 utique
797 2298 891 2357 opere
921 2282 1179 2355 complevissent;
1209 2287 1239 2340 et
1262 2283 1335 2356 quia
1357 2283 1415 2340 hoc
1437 2283 1543 2356 ipsum

277 2406 336 2466 pro
361 2398 432 2450 tunc
454 2391 555 2450 tacere
577 2405 639 2449 non
663 2391 844 2464 potuissent,
867 2391 908 2448 ob
932 2389 991 2446 hoc
1014 2389 1127 2447 iterum
1150 2389 1265 2446 habitis
1288 2389 1367 2446 inter
1389 2405 1422 2446 se
1445 2389 1542 2447 collo·

278 2498 359 2572 quiis
381 2503 410 2555 et
434 2496 638 2555 fraudulentis
661 2496 882 2568 occasionibus,
905 2495 1190 2568 excogitationibus,
1213 2494 1254 2552 ad
1276 2495 1434 2569 quoddam
1455 2497 1544 2555 terri·

275 2604 391 2662 torium
414 2603 489 2662 dicti
510 2602 640 2676 capituli
662 2601 788 2674 Croogh
812 2607 965 2672 vocaturn,
988 2607 1072 2658 retro
1094 2601 1266 2659 claustrum
1289 2602 1386 2660 sancti
1419 2601 1542 2661 Nicolai

276 2709 409 2768 fratrum
433 2709 666 2768 Predicatorum
688 2709 840 2780 habitum,
864 2707 896 2766 in
918 2707 1005 2766 cuius
1028 2706 1158 2780 pacifico
1180 2706 1319 2765 dominio
1339 2708 1444 2781 ipsum
1460 2709 1543 2782 capi·

276 2816 379 2874 tulum
401 2815 509 2874 fuisset
531 2831 550 2873 a
570 2823 696 2873 centum
717 2815 804 2872 annis
827 2814 880 2872 vel
903 2814 979 2872 citra
995 2812 1131 2886 pacifice,
1150 2812 1303 2887 quosdam
1331 2829 1440 2872 eorum
1468 2829 1539 2872 con·

277 2924 361 2980 cives
385 2937 456 2980 curn
480 2923 575 2979 armis
599 2927 629 2978 et
650 2921 770 2994 sagittis
793 2919 988 2991 desthtantes,
1010 2919 1178 2977 nonnullos
1193 2920 1334 2978 homines
1350 2921 1543 2980 honorabilis

276 3029 337 3087 viri
361 3027 479 3086 domini
502 3027 617 3085 Mathie
640 3031 751 3085 extunc
774 3027 925 3101 prepositi
943 3026 1041 3100 ipsius
1064 3026 1192 3085 ecclesie
1213 3027 1429 3102 zagrabiensis,
1452 3043 1544 3102 quos-

278 3134 406 3208 quidem
430 3150 501 3192 cum
524 3134 626 3191 bobus
649 3139 679 3190 et
701 3139 806 3190 aratro
828 3132 867 3190 ad
891 3133 1009 3190 dictum
1033 3133 1224 3191 territorium
1253 3133 1291 3190 ad
1314 3133 1467 3192 arandum
1491 3135 1542 3193 de·

276 3241 427 3313 stinasset,
450 3256 522 3298 cum
545 3240 638 3298 minis
661 3245 691 3296 et
713 3239 877 3314 vituperiis
900 3239 938 3296 de
961 3239 1030 3312 ipso
1053 3239 1209 3297 territorio
1233 3240 1446 3314 expullissent‚
1471 3242 1541 3300 aliis

279 3361 389 3404 eorum
424 3345 605 3404 concivibus
635 3344 769 3402 invicem
798 3345 942 3404 similiter
965 3360 1036 3402 cum
1059 3345 1155 3403 armis
1177 3354 1319 3419 preterea
1342 3348 1543 3420 congregatis,

277 3459 312 3510 ut
334 3453 361 3510 si
384 3452 450 3526 ipse
474 3451 651 3525 prepositus
666 3451 719 3508 vel
754 3451 927 3524 capitulum
949 3451 1073 3524 aliquos
1095 3465 1204 3508 eorum
1238 3449 1410 3510 familiares
1433 3453 1473 3510 ad
1496 3469 1543 3512 re·

276 3559 439 3633 pellendos
462 3559 561 3616 dictos
577 3559 727 3630 concives,
739 3547 885 3616 videlicet
907 3573 985 3632 quos
1008 3557 1048 3615 ad
1071 3557 1240 3616 iritandum
1255 3565 1286 3616 et
1309 3559 1544 3633 provocandum

277 3666 441 3737 misissent,
464 3665 654 3736 destinasset,
687 3670 721 3723 ut
755 3665 860 3723 subito
882 3680 990 3722 omnes
1012 3665 1199 3722 unanimiter
1218 3663 1432 3738 supradictum
1461 3667 1544 3740 capi·

277 3773 379 3831 tulum
403 3772 521 3845 absque
544 3771 640 3829 dubio
663 3771 831 3829 irruissent
855 3771 933 3830 Item
949 3772 1044 3830 iidem
1067 3772 1150 3830 cives
1172 3779 1202 3829 et
1224 3772 1362 3846 hospites
1385 3773 1487 3832 adhuc
1509 3779 1544 3832 ut

279 3893 388 3936 eorum
421 3879 596 3950 malignum
631 3877 829 3951 propositum
864 3883 971 3936 contra
1005 3877 1125 3936 dietum
1155 3879 1330 3951 capitulum
1353 3894 1371 3936 a
1395 3879 1448 3937 diu
1472 3895 1544 3937 con·

281 3991 408 4059 ceptum
430 3960 605 4058 adimplere’
638 3984 818 4057 potuissent,
854 3985 1028 4042 occasiones
1062 3985 1205 4058 nequiter
1228 3985 1457 4057 excogitandas,
1493 3985 1543 4044 die

280 4089 436 4148 dominico
459 4091 605 4164 proximo
628 4095 698 4148 ante
722 4088 836 4147 testum
859 4090 948 4149 beate
971 4092 1165 4163 Margarethe
1190 4092 1318 4163 virginis
1348 4099 1378 4150 et
1408 4093 1544 4152 martiris

278 4201 351 4254 tunc
375 4197 567 4271 preteritum,
590 4203 708 4254 ceteros
731 4211 840 4254 eorum
863 4198 1004 4254 concives
1027 4195 1173 4254 videlicet
1196 4197 1387 4256 Anthonium
1412 4198 1450 4256 de
1474 4199 1543 4256 Flo·

279 4303 382 4362 rencia
405 4310 435 4361 et
457 4303 658 4362 Valentinum
682 4302 800 4360 dictum
823 4302 965 4362 Giubech
988 4317 1060 4360 cum
1090 4303 1161 4360 aliis
1191 4303 1291 4360 tribus
1326 4304 1378 4361 vel
1411 4309 1545 4377 quatuor

277 4409 318 4467 ad
341 4409 481 4467 medium
503 4408 703 4467 dominorum
725 4407 763 4466 de
787 4409 869 4467 dicto
892 4409 1038 4484 capitulo,
1055 4409 1110 4466 ubi
1132 4409 1193 4482 ipsi
1216 4409 1247 4466 in
1263 4410 1401 4468 sacristia
1417 4409 1544 4468 ecclesie

280 4529 388 4573 eorum
412 4514 587 4573 kathedrali
609 4521 680 4588 post
702 4517 829 4573 missam
852 4515 1066 4589 capitulariter
1089 4513 1218 4573 fuissent
1240 4517 1427 4589 congregati,
1451 4515 1544 4574 desti·

276 4628 393 4692 nantes,
410 4637 467 4694 per
490 4620 615 4678 eosdem
638 4621 714 4695 ipsis
737 4621 871 4679 dominis
894 4637 1039 4695 expresse
1061 4621 1262 4694 intimassent,
1292 4622 1377 4695 quod
1407 4623 1467 4696 ipsi
1490 4621 1545 4680 do-

277 4729 354 4786 mini
377 4727 415 4786 de
439 4728 580 4802 capitulo
603 4729 643 4787 ad
666 4733 825 4787 metendas
848 4729 952 4802 fruges
975 4743 1084 4786 eorum
1106 4729 1138 4786 in
1161 4727 1243 4786 dicto
1266 4729 1421 4787 territorio
1437 4744 1546 4787 eorum

279 4833 385 4908 Crogh
408 4840 519 4892 vocato
542 4835 709 4892 seminatas
732 4841 761 4893 et
785 4842 858 4893 tunc
879 4833 919 4892 ad
949 4849 1082 4891 messem
1113 4839 1237 4907 paratas
1267 4835 1407 4893 homines
1436 4850 1545 4893 eorum

278 4941 368 4998 nullo
392 4939 486 4998 modo
510 4940 642 4998 debeant
666 4939 828 5012 destinare,
852 4939 994 4998 addendo
1013 4945 1043 4996 et
1067 4938 1198 4997 dicendo
1222 4941 1266 4998 eis
1296 4941 1432 5015 publice,
1461 4940 1545 5015 quod

278 5047 305 5106 si
341 5062 430 5105 secus
464 5046 608 5120 facerent,
640 5052 752 5104 extunc
782 5046 844 5122 ipsi
874 5047 993 5106 vellent
1014 5049 1098 5122 ipsas
1122 5046 1226 5122 fruges
1249 5063 1344 5106 manu
1362 5053 1482 5106 armata
1504 5048 1545 5106 ab
