3932 5806
676 512 1127 627 ’ΜΨ-ΜΨ·
1489 566 1548 626 mo

285 775 347 827 tate
369 769 516 840 notarius,
539 767 613 839 quia
635 765 859 841 premissamm
883 765 1057 824 litterarum
1081 763 1326 838 apostolicarum
1349 763 1547 834 exhibicioni,

286 875 520 950 presentacioni‚
555 872 761 946 requisicioni‚
796 869 1037 942 confirmacioni,
1083 871 1288 942 roboracioni,
1327 868 1482 950 interdicti
1517 875 1547 926 et

284 981 497 1057 suspensionis
520 978 683 1038 sensenciis
707 977 842 1036 ¹lacionis
866 1021 871 1036 .
896 1021 902 1037 .
928 1021 936 1036 .
960 984 990 1034 et
1012 977 1143 1050 singulis
1178 977 1347 1052 premissis,
1383 974 1459 1032 dum
1493 975 1547 1044 sic,

291 1093 326 1145 ut
348 1087 548 1161 premittitur,
572 1102 628 1160 per
650 1083 806 1160 prelatum
831 1083 993 1142 dominum
1016 1083 1166 1142 Mathiam
1201 1083 1348 1141 abbatem
1383 1082 1545 1140 commisa-

283 1194 367 1252 rium
390 1198 420 1250 et
450 1200 646 1251 executorem
670 1192 796 1250 unicum
817 1190 927 1249 fierent
950 1197 980 1248 et
1003 1195 1175 1263 agerentur,
1210 1203 1343 1247 unacum
1377 1188 1547 1262 prenotatis

286 1299 416 1358 testibus
439 1313 566 1373 presens
589 1297 715 1356 interlui
738 1313 835 1371 eaque
869 1298 974 1355 omnia
997 1303 1026 1354 et
1049 1297 1173 1369 singula
1197 1295 1240 1353 sic
1263 1295 1331 1354 fieri
1354 1294 1420 1354 vidi
1444 1299 1474 1352 et
1497 1309 1549 1353 au-

284 1405 358 1476 divi,
374 1405 445 1463 ideo
467 1411 625 1480 presentes
649 1405 767 1462 litteras
790 1419 844 1462 seu
868 1397 939 1483 (hoc
962 1394 1139 1480 publicum)
1163 1402 1403 1460 instrumentum
1420 1401 1480 1459 sub
1494 1377 1549 1476 ap·

286 1513 433 1588 pensione
456 1513 553 1586 sigilli
577 1513 674 1588 ipsius
698 1511 818 1570 domini
843 1511 957 1568 Mathie
980 1510 1103 1568 abbatis
1138 1509 1344 1568 commissarii
1381 1513 1411 1568 et
1442 1493 1567 1566 execu?

285 1619 361 1678 toris
384 1619 576 1691 roboratum,
600 1633 650 1676 me
673 1617 764 1676 certis
787 1621 995 1691 preoccupato
1019 1615 1162 1688 negociis,
1186 1631 1243 1690 per
1278 1615 1377 1672 alium
1415 1614 1550 1673 fideliter

283 1726 435 1800 scriptum
457 1740 493 1783 ac
517 1724 554 1783 de
578 1724 724 1783 mandato
746 1723 858 1797 prelati
892 1723 1010 1782 domini
1042 1723 1157 1782 Mathie
1192 1722 1314 1780 abbatis
1346 1722 1550 1780 commissarii

283 1836 314 1890 et
336 1832 507 1892 executoris
531 1824 725 1912 (supradicti)
749 1832 780 1890 in
801 1832 881 1890 hanc
904 1831 1065 1904 publicam
1088 1828 1223 1888 formam
1245 1827 1351 1901 redegi
1374 1831 1403 1885 et
1426 1827 1477 1885 hic
1499 1843 1550 1885 me

284 1953 381 1996 manu
403 1939 533 2012 propria
555 1938 734 2010 subscripsi,
750 1937 900 2010 signoque
921 1943 951 1994 et
973 1937 1097 1994 nomine
1121 1937 1198 1994 meis
1220 1935 1320 1993 solitis
1344 1941 1374 1991 et
1397 1935 1550 1992 consuetis

289 2045 477 2118 consignavi.
500 2049 627 2118 rogatus
650 2050 680 2102 et
703 2043 869 2117 requisitus
891 2044 923 2100 in
945 2042 1042 2100 fidem
1065 2051 1094 2100 et
1122 2042 1333 2100 testimonium
1356 2041 1497 2098 omnium
1521 2046 1551 2098 et

284 2150 480 2224 singulorum
503 2149 736 2225 premissorum.
1120 2165 1122 2168 ·

388 2287 412 2335 E
431 2300 525 2335 coaevo
543 2291 703 2350 transumpto
722 2284 829 2350 capituli
847 2284 993 2342 casalensis,
1006 2283 1082 2334 valde
1100 2285 1192 2338 lacero.
1211 2287 1244 2334 In
1262 2283 1376 2334 archivio
1395 2299 1452 2337 ven.
1466 2282 1549 2348 Capit.

292 2374 394 2438 zagrab.
412 2377 474 2427 Act.
495 2375 558 2440 Cap.
577 2381 629 2427 ant.
649 2375 710 2426 fasc.
730 2385 772 2440 75.
792 2390 829 2426 nr.
850 2385 890 2439 35.

878 2605 956 2675 175.

389 2731 469 2778 Anno
491 2740 565 2796 1453,
587 2741 627 2795 25.
647 2729 768 2780 octobris.
787 2729 936 2793 Zagrabiae.

282 2866 311 2924 Α
333 2866 491 2936 Frz'den’co,
520 2866 611 2924 G'liae
633 2866 732 2924 comite
754 2872 783 2924 ct
802 2865 886 2936 bano,
909 2865 967 2923 dies
997 2867 1027 2921 ἐκ
1058 2882 1156 2936 causa,
1188 2883 1262 2940 quae
1291 2868 1368 2924 inter
1398 2868 1550 2926 communi-

282 2979 367 3030 tatem
398 2972 526 3031 civitatis
557 2980 585 3029 et
612 2972 779 3045 Heningum
810 2972 844 3028 a'e
875 2969 969 3029 Susad
995 2972 1098 3045 agimr
1127 2971 1160 3030 dc
1189 2971 1294 3030 tributo
1317 2973 1463 3047 expendo,
1486 2991 1549 3032 con-

848 3078 988 3135 stituetur.

387 3223 451 3280 Nos
474 3221 651 3281 Fridericus
674 3223 724 3281 dei
746 3224 849 3296 gracia
873 3222 960 3294 Cilie,
984 3222 1200 3296 Ortemburge,
1224 3223 1414 3298 Zagorieque
1446 3240 1550 3284 comes

282 3335 337 3386 etc.
370 3344 489 3387 necnon
523 3329 610 3402 regni
644 3327 807 3387 Sclauonie
842 3329 949 3394 banus.
984 3329 1135 3387 Memorio
1170 3329 1433 3404 commendamus,
1465 3332 1549 3405 quod

282 3434 372 3492 nobis
394 3433 426 3491 in
449 3433 566 3491 octavis
590 3433 660 3492 testi
682 3435 766 3492 beati
785 3434 943 3493 Michaelis
966 3435 1143 3508 archangeli
1177 3450 1310 3494 unacum
1345 3439 1432 3510 regni
1462 3439 1550 3496 nobi·

281 3540 366 3598 libus
388 3553 448 3615 pro
471 3537 612 3598 faciendo
635 3539 829 3598 moderativo
851 3538 964 3616 judicio
988 3541 1185 3599 causancium
1207 3543 1239 3600 in
1269 3541 1341 3600 sede
1368 3549 1474 3602 nostra
1503 3515 1550 3619 ju·

284 3645 412 3705 dician'a
436 3645 629 3719 zagrabiensi
652 3646 838 3718 sedentibus,
856 3646 980 3722 providi
1004 3648 1072 3720 viri,
1095 3647 1216 3707 Blasius
1239 3649 1316 3708 alias
1331 3647 1425 3726 judex
1440 3655 1470 3708 et
1486 3665 1550 3708 ma·

282 3753 379 3825 gister
408 3751 541 3809 Mathias
573 3749 693 3827 juratus
722 3753 854 3811 civitatis
885 3755 999 3812 montis
1030 3752 1192 3812 Grecensis
1214 3756 1247 3813 in
1269 3757 1409 3830 personis
1431 3754 1550 3831 judicis,

283 3855 458 3933 Juratorum
482 3872 518 3914 ac
541 3858 759 3916 universorum
781 3859 897 3917 civium
921 3875 976 3916 seu
999 3860 1159 3934 hospitum
1183 3859 1263 3919 dicte
1286 3861 1420 3920 civitatis
1436 3863 1550 3921 montis

282 3962 448 4021 Grecensis
471 3962 511 4020 ad
534 3968 672 4022 nostram
696 3965 852 4022 venientes
875 3967 1072 4039 presenciam
1094 3982 1151 4040 per
1170 3966 1299 4025 modum
1316 3969 1550 4042 protestacionis

282 4069 374 4127 nobis
396 4068 571 4142 significare
595 4077 741 4128 curarunt
763 4071 794 4128 in
817 4072 899 4128 hunc
922 4072 1068 4131 modum:
1093 4073 1177 4146 quod
1201 4074 1274 4132 licet
1295 4075 1362 4148 ipse
1391 4073 1484 4150 judex
1515 4091 1550 4132 ac

283 4173 385 4250 jurati,¹
402 4177 557 4250 ceterique
573 4177 656 4234 cives
672 4176 822 4236 antedicte
838 4178 971 4236 civitatis
986 4179 1166 4253 nuperrime
1182 4179 1338 4252 quandam
1356 4195 1480 4238 causam
1496 4195 1549 4238 seu

281 4281 370 4340 litem
385 4283 526 4356 ipsorum
549 4299 619 4341 cum
643 4285 767 4356 egregio
791 4285 965 4358 Hennyngh
981 4284 1020 4342 de
1035 4284 1235 4344 Zomzedwar
1250 4287 1373 4345 racione
1388 4286 1549 4345 cuiusdam

269 4388 393 4463 ‚tributi
409 4403 462 4446 seu
475 4390 647 4447 exaccionis
663 4389 800 4447 eiusdem
816 4390 956 4450 habitam
970 4396 1001 4449 et
1023 4391 1102 4448 inter
1125 4391 1209 4465 ipsos
1232 4397 1415 4464 vertentem,
1438 4397 1549 4467 utputa

280 4495 366 4553 iuxta
389 4496 612 4553 continenciam
636 4495 812 4555 litterarum
835 4502 1013 4555 nostrarum
1035 4495 1339 4570 adiudicatoriarum,
1375 4499 1406 4556 in
1430 4500 1549 4557 curiam

280 4602 407 4675 regiam,
430 4599 603 4676 judicisque
622 4601 761 4660 eiusdem
784 4604 816 4660 in
839 4604 1031 4677 presenciam
1065 4604 1380 4663 transmissionalium
1402 4619 1548 4678 prosecu-

280 4707 360 4766 cioni
382 4713 413 4765 et
436 4709 651 4782 procuracioni
685 4711 782 4785 ipsius
816 4725 907 4768 cause
945 4710 1084 4792 Johanni,
1118 4709 1185 4768 filio
1211 4711 1368 4794 Johannis,
1395 4711 1455 4769 filit
1485 4711 1548 4770 Viti

279 4811 318 4871 de
341 4813 502 4886 Corbawa,
526 4815 571 4872 uti
593 4815 735 4888 ipsorum
758 4815 911 4890 legittimo
946 4817 1138 4890 procuratori
1172 4816 1416 4892 demandassent,
1449 4815 1549 4876 dedis·

280 4924 408 4992 sentque
432 4925 463 4978 et
484 4922 704 4994 assignassent;
728 4929 831 4982 tamen
855 4923 927 4996 quia
949 4923 1016 4997 ipse
1037 4923 1192 5006 Johannes
1226 4939 1336 4983 eorum
1366 4927 1550 4998 procurator

281 5027 486 5100 prescriptam
510 5042 635 5087 causam
658 5044 712 5086 seu
735 5030 824 5088 litem
847 5030 989 5104 ipsorum
1012 5028 1051 5086 ad
1075 5035 1231 5103 presentes
1264 5035 1397 5103 octavas,
1432 5037 1467 5088 ut
1498 5029 1548 5088 de-
