3930 5802
706 596 780 656 Doc.
803 609 872 654 120.
896 629 939 640 -
963 597 1018 656 An.
1043 590 1134 673 1438.
1498 599 1554 658 161

240 865 241 868 ,
288 828 415 873 rumore
431 814 579 888 perieriti,
596 813 634 872 de
656 813 726 887 ipso
748 827 950 886 vesperarum
974 809 1086 883 officie,
1111 811 1151 870 ad
1174 812 1259 884 quod
1282 811 1411 872 fuissent
1433 828 1559 885 congre·

289 921 361 992 gati,
385 918 425 978 ad
448 920 622 978 sacristiam
643 917 791 991 fugiendo
814 933 847 976 se
870 918 1068 976 reclusissent
1089 923 1119 976 et
1141 924 1316 977 ceterorum
1338 918 1559 976 hominumue

291 1025 497 1084 familiarium
520 1025 653 1083 condam
675 1025 818 1098 Dyonisii
841 1025 915 1083 bani
937 1040 973 1082 ac
996 1024 1159 1084 reverendi
1181 1025 1213 1082 in
1237 1024 1360 1082 Christo
1384 1025 1480 1098 patris
1504 1023 1558 1082 do-

288 1131 366 1190 mini
401 1132 540 1206 episcopi
574 1131 702 1190 ecclesie
742 1131 957 1204 zagrabiensis,
991 1131 1075 1204 regie
1110 1135 1139 1188 et
1176 1130 1324 1203 reginalis
1359 1131 1557 1188 maiestatum

288 1238 427 1312 sumpmi
451 1236 637 1309 cancellarii,
660 1237 857 1310 aliorumque
880 1236 1104 1294 nonnullorum
1135 1237 1308 1310 proborum
1340 1241 1370 1294 et
1399 1236 1556 1296 nobilium

291 1345 442 1415 virorum,
477 1343 532 1416 qui
566 1342 607 1401 ad
637 1343 828 1416 premissum
856 1341 961 1400 iorum
988 1341 1121 1400 annuale
1144 1343 1365 1413 convenissent,
1388 1341 1558 1401 furibundo

289 1449 445 1507 dictorum
469 1449 585 1506 civium
609 1463 738 1506 occursu
761 1463 794 1506 se
816 1447 950 1506 viriliter
973 1447 1202 1522 opponencium
1226 1447 1362 1522 presidio
1385 1452 1416 1506 et
1438 1449 1557 1507 auxilio

291 1553 421 1614 luissent
444 1553 601 1626 defensati,
625 1569 733 1612 omnes
756 1553 786 1612 in
810 1553 918 1611 eadem
943 1553 1070 1612 ecclesia
1093 1555 1211 1626 pariter
1232 1555 1403 1612 extitissent
1417 1552 1558 1629 jugulati.

291 1660 329 1718 Et
350 1675 413 1718 non
432 1661 567 1718 contenti
591 1659 724 1734 predicti
746 1660 829 1718 cives
852 1665 882 1716 et
904 1661 1042 1732 hospites
1065 1665 1095 1718 et
1126 1660 1299 1734 presertim,
1328 1665 1362 1718 ut
1392 1659 1557 1734 prefertur,

289 1769 322 1825 in
344 1767 449 1840 platea
471 1770 614 1826 sutorum
636 1765 815 1838 residentes,
838 1765 978 1839 sequenti
1001 1764 1059 1835 die,
1090 1765 1236 1824 videlicet
1267 1763 1343 1823 feria
1368 1767 1462 1824 tercia
1484 1781 1557 1840 pro·

290 1873 377 1930 xima
410 1877 484 1946 post
515 1871 630 1932 festum
665 1871 841 1946 predictum
874 1873 965 1929 beate
998 1871 1194 1942 Margarethe
1229 1871 1359 1944 uirginis
1381 1871 1420 1929 ad
1444 1887 1557 1930 sonum

290 1993 449 2052 campane,
479 1983 514 2036 ut
544 1979 784 2048 consuevissent,
814 1976 854 2034 ad
884 1977 1049 2035 consilium
1080 1977 1259 2050 congregati
1292 1978 1473 2048 extitissent,
1497 1978 1556 2036 nisi

289 2100 346 2159 per
380 2083 458 2142 alios
492 2085 610 2157 probos
632 2084 781 2156 homines,
805 2083 920 2157 quibus
943 2082 1028 2141 mala
1050 2082 1229 2140 huiusmodi
1253 2082 1491 2158 displicuissent,
1515 2084 1556 2141 ab

289 2205 399 2248 eorum
433 2191 595 2265 proposito
630 2189 759 2248 fuissent
793 2189 954 2264 prohibiti,
988 2189 1136 2247 unimiter
1170 2187 1209 2246 ad
1240 2188 1358 2247 dictum
1381 2189 1556 2262 capitulum

291 2295 437 2355 irruendo
469 2295 578 2354 domos
613 2301 644 2356 et
677 2295 798 2355 edificia
832 2295 1060 2366 canonicorum,
1092 2296 1190 2353 immo
1213 2299 1244 2352 et
1267 2295 1370 2369 ipsam
1393 2295 1555 2354 ecclesiam

289 2401 406 2461 furioso
441 2403 561 2477 impetu
583 2401 773 2474 invaderent,
807 2417 921 2475 resque
954 2407 984 2460 et
1018 2403 1100 2459 bona
1134 2417 1170 2460 ac
1203 2401 1323 2460 litteras
1360 2405 1390 2459 et
1427 2400 1555 2475 privile·

290 2508 341 2581 gia
363 2515 429 2566 tam
452 2506 533 2566 dicte
563 2507 693 2566 ecclesie
724 2513 851 2581 tamque
884 2507 1038 2566 nobilium
1075 2513 1105 2564 et
1134 2507 1267 2566 aliorum
1289 2507 1453 2564 bominum
1476 2507 1555 2564 inibi

290 2614 436 2687 reposita,
460 2615 611 2687 sacrilega
633 2629 727 2672 manu
750 2614 868 2672 auffere
891 2619 920 2671 et
943 2619 1103 2687 asportare
1126 2627 1162 2672 ac
1184 2617 1284 2670 totum
1300 2611 1420 2670 clerum
1450 2612 1553 2670 interi·

287 2735 373 2777 mere
406 2719 599 2790 voluissent,
633 2719 775 2793 potencia
813 2717 990 2790 mediante,
1025 2719 1056 2776 in
1090 2717 1298 2792 preiudicium
1335 2717 1433 2791 ipsius
1471 2717 1553 2792 capi·
1637 2791 1641 2802 ι

287 2825 347 2885 tuli
380 2831 410 2884 et
444 2825 617 2900 dampnum
648 2826 722 2883 satis
754 2825 879 2898 grande.
917 2825 1007 2884 Unde
1041 2824 1124 2882 iacta
1146 2823 1327 2882 huiusmodi
1349 2824 1552 2896 inquisicione

269 2911 350 3006 'ipsi
372 2931 482 2990 eodem
513 2931 563 2990 die
594 2930 750 3005 predictos
780 2930 982 3005 Stephanum,
1014 2931 1117 2990 filium
1147 2930 1317 3002 Michaelis,
1349 2929 1450 3004 proad
1480 2937 1553 2988 tunc

284 3036 427 3113 judicem,
451 3052 486 3096 ac
508 3038 702 3110 Michaelem,
732 3037 836 3096 filium
858 3035 1041 3110 Sebastiani,
1072 3037 1236 3108 Briccium,
1260 3036 1362 3094 filium
1386 3035 1550 3108 Benedicti,

286 3140 478 3202 Anthonium
500 3144 651 3216 Italicum,
684 3143 854 3216 Georgium
885 3151 1054 3217 sartorem,
1091 3144 1169 3202 alias
1206 3141 1339 3218 judices;
1377 3143 1550 3201 Fabianum

285 3251 465 3322 litteratum,
499 3249 628 3322 Fryche,
663 3248 842 3322 Georgium,
867 3249 1156 3333 filiumFrancisci‚
1180 3247 1451 3320 Blasium,filiu1u
1476 3249 1552 3322 wy-

286 3355 416 3428 thezych
450 3353 569 3430 juratos
603 3360 633 3412 et
666 3356 746 3413 alios
780 3356 942 3413 universos
965 3361 995 3413 et
1018 3355 1176 3428 quoslibet
1199 3356 1282 3412 cives
1306 3361 1336 3412 et
1357 3352 1493 3429 hospites
1516 3370 1552 3413 ac

285 3466 384 3519 totam
407 3461 663 3520 communitatem
686 3460 805 3535 prefate
828 3461 962 3520 civitatis
985 3462 1100 3520 montis
1122 3461 1283 3519 Grecensis
1306 3463 1338 3520 in
1371 3462 1479 3519 eadem
1510 3463 1551 3520 ci·

284 3568 380 3626 vitate
414 3568 527 3627 montis
559 3566 720 3626 Grecensis
753 3573 861 3626 contra
893 3573 1075 3626 annotatum
1098 3568 1272 3641 capitulum
1296 3567 1424 3626 ecclesie
1446 3583 1551 3640 zagra·

286 3674 401 3732 biensis
425 3673 464 3732 ad
487 3677 612 3732 octavas
636 3672 706 3732 sesti
729 3674 813 3731 beati
836 3673 962 3746 Georgii
979 3674 1124 3746 martiris,
1141 3679 1213 3731 tunc
1237 3679 1389 3745 venturas,
1412 3675 1444 3732 in
1467 3675 1550 3747 regie

285 3781 456 3838 serenitatis
469 3783 631 3838 vocassent
645 3781 847 3854 presenciam,
868 3781 1023 3838 racionem
1047 3779 1086 3838 de
1108 3780 1268 3854 premissis
1290 3779 1476 3840 reddituros.
1500 3779 1551 3838 Ad

286 3887 493 3960 quasquidem
524 3891 649 3944 octavas
676 3885 745 3944 festi
772 3887 856 3945 beati
884 3887 1042 3944 Michaelis
1069 3887 1247 3958 archangeli
1280 3883 1342 3961 dec)
1372 3885 1484 3959 prefati
1518 3887 1550 3945 in

283 4007 409 4050 causam
428 3991 550 4050 attracti
574 4007 629 4066 per
652 3997 833 4050 annotatum
856 3998 1089 4066 procuratorem
1113 3993 1188 4050 dicti
1211 3993 1340 4065 capituli
1363 3993 1395 4050 in
1418 4007 1549 4066 persona

283 4098 427 4171 congruis
450 4097 560 4156 diebus
583 4099 722 4172 ipsarum
746 4104 928 4157 octavarum
944 4113 1049 4157 coram
1065 4098 1175 4157 eodem
1199 4099 1310 4156 comite
1334 4099 1474 4156 Matheus
1497 4115 1549 4156 ex-

283 4204 407 4278 pectati,
424 4203 562 4262 eiusdem
585 4205 618 4262 in
640 4205 833 4278 presenciam
857 4220 919 4262 non
936 4207 1098 4278 venisseut,
1121 4220 1221 4278 neque
1244 4205 1407 4275 misissent,
1429 4221 1462 4262 se
1485 4220 1549 4262 me·

288 4309 445 4368 diantibus
469 4310 539 4368 aliis
561 4310 672 4369 litteris
696 4311 833 4370 eiusdem
856 4309 1056 4386 judicialibus
1079 4311 1199 4370 exinde'
1213 4309 1358 4368 confectis
1381 4311 1412 4368 in
1434 4308 1549 4386 judicio

284 4416 450 4489 aggravari
480 4417 702 4490 permittentes,
734 4417 894 4491 postulans
928 4417 1066 4492 prelatus
1100 4423 1284 4491 procurator
1314 4417 1388 4474 dicti
1419 4417 1549 4490 capituli

282 4522 384 4580 eidem
415 4539 453 4580 ex
475 4529 565 4597 parte
587 4529 833 4582 memoratorum
856 4525 888 4582 in
911 4539 1036 4582 causam
1065 4529 1267 4582 attractorum
1291 4539 1348 4598 per
1371 4524 1475 4596 ipsum
1498 4537 1547 4581 co-

281 4628 391 4686 mitem
414 4629 555 4687 Matheus
577 4630 609 4688 in
632 4631 792 4704 premissis
815 4628 893 4705 juris
916 4631 1084 4704 equitatem
1108 4629 1271 4702 impertiri.
1303 4630 1340 4686 Et
1371 4631 1444 4702 quia
1475 4645 1546 4702 pre·

282 4733 339 4792 fati
362 4734 394 4792 in
428 4749 553 4792 causam
587 4737 710 4793 attracti
744 4735 783 4794 ad
817 4737 970 4810 premissa
1004 4737 1072 4794 vice
1107 4735 1288 4794 secundaria
1309 4735 1458 4792 evocandi
1482 4733 1548 4793 lore

283 4839 413 4899 fuissent
436 4841 504 4913 visi,
519 4857 578 4916 pro
598 4857 635 4900 eo
650 4848 788 4900 uestram
803 4843 977 4902 amiciciam
992 4843 1075 4901 idem
1091 4859 1195 4901 comes
1211 4842 1350 4900 Matheus
1366 4841 1548 4899 litteratorie

281 4947 426 5022 peciisset
449 4947 622 5021 diligenter,
646 4953 796 5022 quatenus
820 4955 960 5008 vestrum
977 4950 1106 5008 mittatis
1122 4949 1281 5008 hominem
1297 4963 1356 5022 pro
1371 4947 1547 5006 testimonio

280 5052 483 5127 fidedignum,
508 5070 570 5128 quo
594 5063 745 5130 presente,
780 5056 875 5114 homo
899 5057 1002 5129 regius
1027 5055 1108 5114 inira
1131 5054 1335 5114 declarandus
1358 5059 1546 5112 memoratos

1463 5175 1497 5218 rt
