3932 5806
550 555 625 616 Doc.
650 569 718 612 221.
742 568 813 612 222.
836 568 905 630 ²23·
931 585 971 596 -
995 553 1050 612 Are
1075 547 1293 631 1461-1462.
1371 580 1374 586 ·
1451 505 1542 613 ι381Ι

324 849 325 854 Ν
787 739 794 752 ’
872 764 951 831 aar.

384 856 465 906 Anno
486 856 562 919 1461.
594 885 601 894 ·

384 985 758 1045 Cessatoriocessionales
788 985 821 1043 in
849 984 986 1058 capitulo
1009 982 1201 1057 zagrablensi
1224 981 1406 1052 celebratae,
1430 980 1545 1055 quibus

278 1090 487 1152 mediantibus
517 1091 628 1150 fratres
654 1091 782 1150 claustri
810 1090 840 1150 b.
866 1089 988 1149 Nicolai
1017 1087 1210 1161 contessoris,
1240 1085 1358 1147 ordinis
1385 1085 1545 1154 Praedica-

278 1202 383 1256 torum
398 1195 549 1270 Zagrabie
564 1197 694 1271 fundati,
710 1198 824 1258 virtute
839 1197 930 1255 isthic
951 1197 1138 1256 insertarum
1163 1193 1281 1254 ordinis
1304 1193 1353 1252 sui
1367 1192 1399 1252 P.
1415 1190 1544 1252 Provin-

277 1303 365 1362 cialis
394 1303 708 1378 plenipotentialium,
738 1303 827 1362 litem
857 1303 941 1376 ipsos
971 1303 1052 1361 inter
1082 1307 1114 1360 et
1144 1301 1315 1360 claustrum
1339 1298 1544 1359 Paulinorum

281 1409 486 1469 Remethense
519 1410 632 1470 intuitu
655 1409 857 1485 possessionis
873 1409 978 1468 Blizna
993 1407 1185 1480 ventilatam,
1207 1421 1358 1466 unacum
1381 1403 1544 1479 quibusvis

277 1515 453 1574 literalibus
475 1516 687 1576 instrumentis
716 1515 749 1574 in
770 1516 830 1574 hoc
852 1515 964 1574 merito
986 1515 1137 1574 emanatio
1159 1512 1315 1583 cassando,
1338 1512 1440 1586 ipsam
1471 1523 1545 1584 pos·

277 1620 445 1680 sessionem
469 1621 610 1696 praefato
633 1621 836 1681 Paulinorum
858 1622 993 1680 claustro
1016 1625 1169 1696 perpetuo
1190 1617 1410 1694 possidendam
1425 1615 1545 1674 cedunt.

383 1757 446 1812 net.
474 1759 547 1810 Mon.
572 1759 693 1810 Remete.
719 1759 793 1808 Fasc.
812 1759 865 1811 ΠΙ.
885 1774 921 1808 nr.
945 1770 985 1811 η.
1010 1759 1042 1807 Iu
1060 1757 1155 1809 archiv.
1174 1756 1246 1820 regni
1265 1755 1350 1806 Croat.
1370 1753 1438 1805 Slav.
1458 1751 1544 1802 Dalm.

872 1987 956 2054 222.

383 2075 464 2126 Anno
485 2075 561 2139 1461.

393 2205 575 2281 Appellatio
591 2206 715 2265 nomine
738 2205 977 2266 Kamenslrensis
1000 2212 1030 2266 et
1053 2205 1266 2264 Remethensis
1282 2202 1399 2263 ordinis
1414 2217 1440 2262 s.
1456 2199 1545 2271 Pauli

283 2312 304 2371 Ι.
328 2311 497 2370 heremitae
519 2311 737 2387 claustrorum,
760 2316 867 2371 oontra
885 2311 1098 2372 Winnandum
1123 2312 1271 2370 abbatem
1293 2307 1474 2368 monasterii
1496 2322 1544 2364 za·

287 2418 460 2492 grabiensis
489 2423 620 2492 propter
650 2419 837 2477 sentenciam
867 2419 1022 2478 interdicti
1052 2425 1081 2477 et
1111 2417 1340 2492 aggravationis
1370 2415 1406 2473 in'
1433 2412 1545 2472 iratres

229 2499 233 2506 ⁸
282 2521 528 2583 Kamenslrenses
543 2523 708 2598 illegitime
718 2523 830 2596 latam;
845 2524 990 2585 similiter
1005 2533 1036 2584 et
1049 2531 1155 2584 contra
1172 2523 1335 2582 canonicos
1353 2519 1541 2580 cathedralis
1605 2565 1609 2574 .

280 2629 428 2689 ecclesiae
447 2631 654 2705 zagrabiensis
670 2630 755 2690 velut
778 2609 946 2705 sacrilep'os
962 2632 993 2692 in
1011 2632 1176 2706 quospiam
1192 2629 1304 2688 fratres
1326 2628 1545 2687 Remethenses

278 2737 437 2796 invasores
453 2751 524 2795 cum
540 2737 720 2813 interposita
742 2739 963 2813 protestatione
978 2753 1084 2797 coram
1100 2737 1228 2813 publico
1239 2736 1360 2795 notario
1382 2733 1422 2793 ad
1438 2732 1543 2792 sedem

278 2842 486 2926 apostolicam
509 2839 621 2904 iacta.'

382 2979 444 3032 Act.
470 2979 542 3029 Mon.
568 2980 689 3054 Remete.
715 2982 789 3030 Fasc.
813 2981 865 3031 111.
885 2997 922 3032 ur.
945 2981 1037 3045 13.1u
1054 2981 1150 3032 archiv.
1170 2981 1243 3047 regui
1262 2981 1349 3034 Croat.
1368 2978 1437 3032 Slnv.
1457 2978 1544 3033 Dalm.

871 3227 958 3296 222.

373 3369 464 3450 ,Anno
485 3369 560 3432 1462,
582 3381 621 3432 19.
640 3371 709 3424 maii.
728 3369 868 3424 Remethe.

190 3503 192 3508 '
278 3495 433 3567 Antonius,
455 3497 583 3555 vicantes
602 3498 735 3574 ffatmn
757 3499 972 3562 Remetensium.
996 3501 1160 3571 assentitur,
1175 3507 1209 3558 ut
1221 3499 1381 3576 Dionysius
1404 3496 1544 3578 Vodopija

189 3581 193 3588 ⁸
276 3604 347 3662 ct'vt's
368 3601 463 3674 vineti,
485 3621 573 3678 quam
596 3605 626 3662 in
648 3605 821 3664 monasterii
840 3605 1013 3664 Ronetensis
1035 3605 1180 3665 territorio
1198 3607 1273 3677 emit,
1287 3607 1461 3666 monasterio
1475 3607 1544 3666 obli·

790 3718 879 3786 gatus
893 3709 1029 3788 smutur.

382 3853 490 3912 Frater
520 3853 705 3926 Anthonius,
728 3855 862 3932 vicarius
893 3853 1027 3914 fratrum
1049 3823 1281 3914 Heremitarum
1304 3843 1431 3915 claustri
1454 3857 1543 3915 beate

72 3955 75 3962 '
184 3957 190 3967 ‘
276 3959 374 4017 Marie
390 3959 520 4032 virginis
545 3959 584 4016 de
600 3961 815 4034 promontorio
830 3962 1033 4036 zagrabiensi,
1051 3965 1195 4035 totusque
1211 3967 1380 4020 conventus
1404 3962 1542 4022 eiusdem

276 4065 463 4123 monasterii
496 4065 646 4123 Memorie
679 4065 926 4126 commedamus.
948 4071 1053 4126 tenore
1088 4068 1283 4141 presencium
1324 4067 1542 4142 significantes,

277 4169 392 4242 quibus
420 4170 545 4245 expedit
576 4172 745 4244 universis,
769 4173 855 4247 quod
877 4175 1030 4250 providus
1052 4179 1083 4233 et
1104 4175 1251 4233 honestus
1274 4175 1323 4232 vir
1346 4174 1542 4248 Valenthych

276 4278 413 4348 vocatus,
435 4283 590 4350 protunc
604 4275 699 4353 judex
715 4279 848 4339 civitatis
864 4281 979 4339 montis
1002 4279 1182 4340 Greczensis
1205 4280 1257 4348 ab,
1268 4293 1338 4352 una,
1362 4286 1451 4355 parte
1466 4295 1542 4339 vero

275 4381 317 4440 ab
339 4381 438 4440 altera
459 4383 603 4443 similiter
625 4385 675 4443 vir
692 4385 844 4459 providus
866 4391 897 4445 et
915 4385 1062 4446 honestus
1083 4380 1429 4461 Dionysius'Vodopya
1456 4386 1542 4460 apel·

275 4487 366 4560 latus,
396 4487 474 4547 civis
504 4489 543 4548 de
574 4489 683 4550 eadem
706 4497 812 4550 monte
835 4491 932 4552 Grecz
955 4507 1062 4551 coram
1084 4493 1176 4551 nobis
1199 4492 1405 4567 personaliter
1431 4493 1543 4552 consti·

276 4594 342 4668 tuti,
373 4610 430 4669 per
460 4595 593 4654 eundem
624 4597 820 4670 Valenthych
854 4597 1029 4658 confessum
1059 4599 1160 4658 extitit
1190 4599 1308 4673 pariter
1338 4603 1368 4656 et
1390 4599 1541 4658 relatum:

276 4698 360 4774 quod
381 4701 450 4776 ipse
472 4701 629 4775 quandam
652 4703 777 4762 vineam
800 4718 890 4762 suam
913 4705 945 4763 in
968 4706 1123 4764 territorio
1147 4709 1255 4764 nostro
1278 4705 1359 4764 inter
1381 4703 1460 4762 duas
1475 4705 1542 4764 vias

275 4805 419 4880 publicas
442 4806 481 4866 de
504 4806 643 4883 predicto
666 4809 803 4868 claustro
828 4825 937 4869 versus
953 4809 1139 4884 Zagrabiam
1158 4809 1327 4883 tendentes,
1350 4810 1542 4883 existentem,

237 4897 241 4904 ’
275 4926 347 4970 cum
371 4911 507 4986 quadam
531 4913 685 4989 particula
699 4915 779 4973 silve
801 4931 896 4990 penes
917 4916 1048 5000 eandem
1064 4917 1188 4976 vineam
1211 4917 1326 4988 habite,
1349 4915 1450 4974 eidem
1467 4917 1541 4976 Dio·

274 5017 372 5092 nysio,
402 5017 558 5096 Vodopya
584 5026 704 5096 vocato,
728 5020 767 5082 de
789 5028 895 5083 monte
917 5021 1023 5096 Grecz,
1047 5029 1078 5082 et
1098 5039 1155 5100 per
1177 5038 1251 5082 eum
1273 5023 1337 5084 suis
1359 5021 1536 5097 heredibus,
