3828 5822
659 588 732 648 Doc.
754 581 828 662 296.
852 619 896 630 -
920 586 975 644 An.
999 594 1089 664 1475.
1432 586 1492 662 365

231 807 350 879 absque
385 806 469 878 quod
500 803 629 878 aliquod
664 803 871 877 preiudicium
905 807 958 859 aut
988 800 1160 875 dampnum
1191 799 1327 874 inferret,
1360 801 1443 873 quod
1467 801 1498 859 iu

231 913 330 970 nostri
365 912 508 970 absencia
542 910 671 968 minime
704 909 906 966 observatum
941 912 995 978 est,
1018 923 1057 964 ex
1092 920 1154 980 quo
1188 907 1295 980 utique
1327 897 1415 966 'aliud
1437 921 1500 965 non

232 1018 338 1090 vultis,
362 1028 457 1091 quam
479 1015 672 1074 serenissime
694 1013 778 1086 regie
800 1012 968 1072 maiestatis
992 1013 1148 1070 civitatem
1171 1011 1292 1088 juribus
1315 1013 1441 1086 privare
1469 1019 1498 1071 et

232 1124 316 1196 ipsos
340 1121 584 1195 condempnare;
607 1120 710 1178 sciatis
733 1119 874 1188 firmiter,
898 1133 969 1176 cum
999 1119 1085 1190 regia
1114 1119 1258 1176 maiestas
1288 1119 1379 1176 nobis
1410 1118 1500 1176 illam

232 1234 418 1303 potestatem
442 1228 581 1300 contulit,
604 1241 661 1284 nos
684 1226 769 1298 ipsos
793 1223 958 1283 defendere
988 1229 1018 1282 et
1040 1223 1162 1299 juribus
1185 1225 1326 1298 ipsorum
1350 1226 1432 1284 veris
1455 1232 1498 1284 te·

233 1350 306 1393 nere
329 1333 477 1392 volumus
500 1371 754 1392 .........
779 1347 834 1389 vos
856 1331 933 1404 ipsis
956 1330 1129 1404 dampnum
1151 1329 1332 1403 transfertis,
1348 1331 1500 1405 nobisque

234 1439 346 1514 fatigas
370 1455 498 1514 magnas
521 1438 679 1514 impeditis
705 1481 955 1496 .........
979 1435 1063 1510 quod
1086 1436 1212 1495 omnino
1237 1451 1292 1494 vos
1316 1483 1499 1496 .......

231 1547 330 1606 nostri
364 1545 568 1616 detinuerunt,
604 1545 659 1602 tali
693 1543 788 1601 modo
822 1543 976 1615 corrigere
1010 1543 1165 1614 volumus,
1188 1549 1223 1600 ut
1246 1543 1360 1601 amodo
1392 1542 1499 1616 sciant,

233 1652 391 1727 quomodo
421 1653 579 1710 civitatem
610 1651 693 1722 regie
722 1649 890 1708 maiestatis
922 1649 1019 1723 ipsius
1049 1646 1171 1724 juribus
1201 1649 1380 1723 privabunt,
1412 1657 1442 1708 et
1474 1651 1501 1708 si

233 1761 340 1832 utique
365 1758 623 1832 tranquillitatem
646 1763 750 1815 tenere
772 1755 942 1826 nolueritis,
966 1771 1005 1813 ex
1028 1761 1101 1814 tunc
1124 1754 1162 1813 de
1174 1755 1280 1828 litigiis
1303 1762 1333 1813 et
1349 1756 1501 1829 tranquil·

234 1857 322 1923 litate
356 1854 522 1922 sufficienti
557 1863 649 1921 vobis
680 1860 933 1935 providebimus;
971 1877 1042 1919 cum
1080 1865 1184 1920 tamen
1222 1861 1372 1920 libencius
1409 1862 1501 1919 vobis

235 1977 342 2030 nostra
365 1971 514 2044 obsequia
538 1983 760 2044 precassemus,
782 1968 809 2025 si
831 1974 918 2040 grate
940 1974 1101 2041 acceptare
1124 1967 1307 2026 voluissetis.
1330 1967 1447 2025 Datum
1469 1969 1502 2026 in

235 2081 336 2135 castro
368 2076 567 2150 Chalrtornya
598 2075 675 2134 feria
703 2073 837 2132 secunda
860 2075 892 2132 in
915 2073 1134 2132 festivitatibus
1157 2074 1380 2134 Penthecostcs.
1412 2078 1501 2132 Anno

237 2181 459 2241 MCCCCLXX
490 2182 606 2256 quinto,
645 2180 889 2254 christophorus
923 2179 1131 2253 Hochburger
1162 2181 1339 2254 capitaneus
1369 2181 1502 2239 civitatis

235 2289 442 2362 zagrabiensis
462 2295 518 2347 etc.

342 2397 383 2464 (A
402 2397 498 2464 tergo.)
522 2393 761 2454 Venerabilibus
784 2393 860 2452 viris
883 2393 1018 2452 dominis
1042 2384 1226 2472 (prepo)sito
1249 2399 1280 2452 et
1302 2393 1430 2452 ecclesie
1453 2409 1502 2452 za·

231 2501 408 2573 grabiensis
429 2501 651 2574 concanonicis,
673 2499 781 2558 amicis
805 2496 1000 2558 honorandis.

265 2649 270 2655 ’
340 2653 473 2718 Originale
491 2656 519 2704 in
537 2654 633 2712 charta,
653 2659 692 2702 sat
710 2653 834 2703 attritum.
858 2654 892 2702 In
918 2653 1033 2703 archivio
1051 2669 1109 2707 ven.
1134 2654 1218 2720 Capit.
1239 2655 1301 2706 eccl.
1320 2655 1502 2720 zagrablensis.

234 2746 297 2798 Act.
316 2743 380 2810 Cap.
398 2751 450 2794 aut.
469 2746 530 2796 fasc.
550 2743 575 2795 6.
594 2739 632 2794 nr.
654 2752 694 2808 17.

820 2939 909 3006 296.

341 3082 423 3130 Auno
445 3093 519 3147 1475,
540 3081 564 3132 8.
581 3081 664 3145 Junii.
683 3081 782 3133 Budae.

240 3191 387 3288 Mathias,
412 3210 589 3284 Hungarz'ae
611 3217 659 3267 etc.
683 3229 745 3284 rex,
769 3210 897 3280 mandat,
920 3217 954 3268 ut
974 3210 1019 3280 lis,
1033 3228 1108 3285 quac
1130 3216 1172 3267 est
1192 3209 1225 3266 de
1242 3209 1307 3266 rivo
1323 3207 1502 3284 dtedvctdak,

560 3317 792 3395 quamprimum
816 3317 847 3373 in
861 3316 975 3393 sitdicio
997 3323 1190 3390 componatur.

999 3455 1041 3504 De
1059 3455 1239 3504 commissione
1258 3453 1356 3504 domini
1374 3455 1451 3519 regis.

345 3566 478 3624 Mathias
502 3566 552 3625 dei
575 3567 679 3639 gracia
694 3583 750 3625 rex
773 3567 941 3639 Huugarie,
967 3567 1112 3626 Bohemie
1132 3573 1187 3626 etc.
1210 3565 1371 3626 Fidelibus
1393 3567 1506 3626 nostris

244 3671 376 3743 egregiis
398 3671 528 3730 Nicolao
551 3672 590 3730 de
612 3673 738 3746 Posega,
755 3673 904 3732 vicebano
928 3674 1015 3746 regni
1031 3675 1129 3732 nostri
1152 3671 1315 3750 Sclauonie
1338 3688 1373 3731 ac
1389 3673 1504 3732 Cristo·

238 3775 307 3833 foro
331 3755 497 3849 capetaneo
521 3778 655 3836 civitatis
678 3785 782 3837 nostre
804 3779 1020 3852 zagrabiensis,
1043 3780 1177 3837 salutern
1202 3785 1232 3838 et
1255 3780 1401 3852 graciam.
1425 3778 1505 3837 Cou-

242 3887 414 3956 queruntur
444 3889 548 3942 nostre
580 3885 734 3943 maiestati
756 3883 866 3944 fideles
889 3886 987 3943 nostri
1021 3885 1105 3943 cives
1135 3885 1221 3943 illius
1244 3885 1377 3944 civitatis
1400 3891 1504 3944 nostre

239 3988 456 4060 zagrabieusis,
488 3990 647 4063 quomodo
677 3990 850 4065 capitulum
882 3991 967 4048 illius
990 3991 1052 4048 loci
1086 3989 1242 4064 quendam
1265 3989 1397 4048 fluvium
1420 3989 1504 4048 Med·

238 4109 346 4165 wevyz
369 4100 523 4166 vocatum,
547 4097 601 4169 qui
623 4095 701 4156 alias
727 4097 807 4156 inter
822 4097 910 4154 illam
927 4097 1085 4155 civitatem
1100 4102 1239 4154 nostram
1262 4101 1292 4153 et
1315 4095 1506 4154 territorium

239 4199 337 4272 ipsius
370 4201 498 4274 capituli
529 4200 706 4260 defluxisset
736 4209 766 4260 et
789 4218 847 4277 pro
870 4203 977 4260 metali
1000 4201 1197 4260 distinctione
1222 4207 1324 4259 tentus
1347 4200 1456 4260 fuisset
1478 4205 1508 4259 et

241 4305 376 4380 habitus,
401 4305 439 4364 de
466 4321 541 4365 vero
568 4308 628 4365 situ
652 4315 682 4368 et
709 4324 801 4367 cursu
824 4309 994 4383 excepisset
1017 4313 1047 4366 et
1067 4307 1107 4365 ad
1130 4307 1309 4366 molendina
1326 4307 1508 4366 eorumdem

244 4410 361 4468 civium
384 4417 562 4470 nostrorum
584 4413 718 4472 defluere
741 4431 803 4472 non
819 4415 1018 4488 permitteret,
1036 4414 1068 4471 iu
1091 4411 1298 4486 preiudicium
1322 4413 1506 4472 eorumdem

240 4517 356 4574 civium
387 4523 565 4576 nostrorum
596 4525 626 4577 et
650 4519 830 4594 dampnum.
863 4521 900 4578 Et
931 4521 1004 4593 quia
1036 4519 1166 4592 dignum
1198 4525 1251 4591 est,
1282 4524 1316 4577 ut
1348 4534 1404 4577 nos
1426 4519 1507 4577 iuter

231 4626 358 4680 ceteras
391 4639 480 4682 curas
516 4630 645 4696 nostrae,
681 4625 810 4699 privatis
845 4625 943 4685 eciam
978 4625 1069 4683 bonis
1102 4625 1216 4684 nostris
1247 4624 1443 4684 intendamus
1477 4631 1507 4684 et

242 4727 324 4785 bona
346 4735 452 4788 nostra
474 4731 591 4803 regalia
607 4732 639 4789 in
661 4731 724 4790 suis
746 4728 867 4806 juribus
891 4729 1047 4790 defectum
1070 4732 1136 4806 pati
1158 4746 1221 4790 non
1242 4734 1411 4806 paciamur,
1427 4730 1504 4790 fide·

239 4833 321 4892 litati
343 4834 438 4907 igitur
460 4843 563 4894 vestre
585 4838 697 4895 harum
721 4839 800 4896 serie
823 4836 956 4896 firmiter
977 4839 1183 4913 precipientes
1208 4837 1401 4912 mandamus,
1432 4854 1507 4913 qua·

239 4944 329 4997 tenus
359 4943 490 5015 receptis
520 4943 725 5016 presentibus,
754 4943 873 5002 dictum
903 4943 1034 5003 fluvium
1066 4945 1183 5003 eteius
1214 4959 1326 5003 verum
1359 4945 1453 5004 situm
1477 4949 1507 5004 et

240 5061 365 5103 cursum
389 5062 538 5106 unacum
561 5049 630 5106 aliis
653 5049 770 5123 probis,
787 5057 851 5108 tam
874 5066 932 5125 per
946 5051 1030 5127 ipsos
1046 5052 1129 5110 cives
1151 5061 1275 5111 nostros
1299 5067 1394 5126 quam
1411 5052 1509 5110 eciam
