3930 5802
394 491 453 552 166
804 495 877 554 Doc.
901 507 968 552 122.
991 529 1034 538 -
1058 496 1114 552 An.
1139 491 1230 573 1438.

388 709 539 780 Italicum,
563 709 725 779 Briccium,
761 709 931 784 Georgium
966 715 1118 769 sartorem
1149 716 1194 772 et.
1208 711 1372 770 Nicolaum
1407 712 1484 772 alias
1517 712 1651 790 judices;

388 815 462 874 item
486 817 660 874 Fabianum
683 817 863 890 litteratum,
886 819 1014 892 Fryche,
1035 817 1214 891 Georgium,
1238 819 1340 876 filium
1364 819 1519 880 Francisci
1537 827 1568 882 et
1583 822 1653 880 Bla-

388 923 478 994 sium,
502 922 605 981 filium
630 922 820 996 Wytheaych
837 929 867 982 et
889 925 968 982 alios
990 922 1107 999 juratos
1125 927 1208 983 cives
1224 930 1254 983 et
1274 929 1372 984 totam
1395 929 1653 988 communitatem

388 1028 521 1087 civitatis
544 1030 658 1087 montis
688 1029 850 1088 Grecensis
874 1029 912 1088 de
935 1031 1020 1089 iuxta
1044 1031 1239 1103 Zagrabiam‚
1266 1031 1420 1106 quasdam
1443 1034 1562 1094 litteras
1585 1050 1653 1093 ves·

389 1139 453 1194 tras
475 1135 685 1208 inquisitorias
708 1142 739 1194 et
762 1138 952 1195 evocatorias
976 1137 1103 1196 domino
1127 1135 1327 1210 Sigismundo
1350 1138 1475 1214 pridem
1508 1142 1576 1214 regi
1610 1140 1651 1198 ad

388 1257 480 1300 suurn
502 1243 623 1314 regium
646 1242 866 1301 litteratorium
888 1243 1070 1301 mandatum
1094 1245 1270 1318 rescriptas,
1293 1251 1463 1304 asserentes
1494 1247 1651 1306 accionem

388 1351 419 1405 et
441 1349 691 1422 proposicionem
714 1349 788 1406 dicti
812 1349 941 1423 capituli
963 1349 1075 1408 litteris
1098 1350 1246 1408 contineri
1269 1351 1301 1408 in
1324 1349 1449 1422 eisdem,
1478 1351 1580 1410 eidem
1603 1368 1653 1412 co-

390 1455 459 1514 miti
482 1455 617 1512 Mathius
641 1461 845 1528 presentasset
869 1454 1076 1514 declarando:
1107 1455 1192 1528 quod
1223 1456 1351 1528 blasius,
1382 1456 1466 1514 filius
1497 1457 1654 1518 Benedicti

390 1562 428 1622 de
451 1560 667 1634 Therzthenylr
688 1563 799 1636 regius,
823 1577 859 1619 ac
886 1561 1035 1620 discretus
1058 1562 1107 1620 vir
1130 1560 1283 1634 Georgius
1305 1563 1459 1636 presbiter
1482 1564 1569 1623 chori
1599 1581 1649 1624 ec·

389 1669 481 1728 clesie
504 1672 607 1726 vestre
630 1667 769 1742 predicte
792 1667 1017 1742 prebendarius
1039 1671 1150 1738 vester,
1181 1667 1322 1726 homines
1344 1668 1377 1726 in
1399 1667 1518 1726 eisdem
1540 1669 1654 1729 litteris

388 1775 571 1834 nominatim
588 1775 763 1848 conscripti,
778 1774 818 1832 ad
841 1775 1024 1847 regiumque
1040 1773 1260 1832 litteratorium
1273 1773 1456 1834 mandatum
1469 1777 1653 1849 transmissi,

289 1876 300 1896 '
388 1881 465 1940 feria
487 1885 599 1954 quarta
621 1882 765 1954 proxima
787 1885 859 1955 post
881 1880 1071 1938 dominicam
1104 1879 1392 1954 Ramispalmarum
1416 1882 1451 1940 in
1472 1881 1556 1942 dicto
1573 1898 1653 1942 anno

391 1989 582 2062 preteritam,
606 1988 637 2044 in
661 1988 809 2045 comitatu
831 1987 1023 2059 zagrabiensi
1055 1986 1151 2044 simul
1183 1985 1394 2060 procedentes,
1430 1989 1471 2046 ab
1506 1990 1652 2048 omnibus

389 2093 503 2168 quibus
526 2091 679 2151 decuisset
701 2099 731 2152 et
745 2095 883 2152 licuisset
899 2093 1006 2167 palam
1018 2098 1048 2151 et
1063 2093 1183 2150 occulte
1196 2093 1360 2166 diligenter
1383 2094 1421 2152 de
1443 2094 1651 2169 infrascriptis

387 2199 571 2272 inquirendo
596 2200 692 2258 talem
723 2201 885 2258 scivissent
906 2200 1089 2258 veritatem:
1114 2199 1272 2272 quomodo
1306 2199 1445 2273 prefatus
1476 2201 1652 2260 anthonius

387 2305 512 2363 Italicus
533 2304 638 2381 judex,
662 2306 806 2372 Briccius‚
830 2305 983 2378 Georgius
1005 2311 1116 2378 sartor,
1146 2306 1231 2388 Jaxe,
1266 2305 1350 2364 filius
1381 2306 1561 2380 Bolethych,
1596 2309 1653 2366 Mi·

389 2411 487 2482 chael,
508 2410 594 2469 filius
617 2411 799 2484 Sebastiam,
813 2413 962 2470 Martinus
985 2426 1111 2486 parvus,
1126 2411 1289 2494 Johannes,
1312 2409 1415 2488 jurati,
1438 2413 1554 2486 aliique
1570 2415 1653 2473 cives

388 2523 418 2576 et
440 2519 579 2593 hospites
601 2521 736 2578 civitatis
759 2520 874 2578 montis
907 2518 1070 2577 Grecensis
1094 2519 1125 2576 in
1147 2533 1227 2576 anno
1250 2519 1337 2576 cuius
1359 2524 1432 2577 tunc
1455 2525 1565 2594 quarta
1582 2537 1653 2595 pre·

387 2615 507 2683 terisset
528 2625 703 2684 revollucio
733 2628 815 2685 circa
847 2625 962 2684 festum
996 2625 1219 2696 penthecostes,
1250 2629 1323 2682 tunc
1346 2626 1539 2700 preteritum,
1576 2643 1650 2685 curn

389 2731 630 2805 quampluribus
653 2733 811 2806 equitibus
833 2738 863 2790 et
885 2732 1042 2806 peditibus
1064 2745 1160 2789 manu
1178 2735 1298 2789 armata
1321 2731 1360 2788 ad
1381 2731 1541 2805 quoddam
1557 2732 1651 2792 fenile

387 2837 485 2912 ipsius
508 2839 637 2912 capituli
660 2855 759 2914 prope
781 2839 916 2897 insulam
939 2837 1042 2896 Rodes
1067 2837 1210 2896 habitum
1233 2838 1394 2910 irruentes,
1417 2838 1570 2897 fossatum
1601 2841 1650 2914 ip*

387 2946 451 3004 sius
474 2945 576 3003 senilis
599 2961 671 3004 cum
694 2947 841 3004 maximis
865 2945 1028 3003 laboribus
1052 2949 1082 3003 et
1104 2944 1246 3018 expensis
1269 2945 1301 3002 in
1325 2945 1453 3018 antiquo
1470 2945 1535 3004 eius
1558 2962 1651 3004 cursu

387 3057 572 3110 renovatum
594 3053 716 3127 replere
739 3057 769 3110 et
791 3068 863 3110 curn
885 3051 1050 3125 superficie
1072 3056 1155 3109 terre
1176 3050 1281 3108 taliter
1313 3049 1463 3124 adequari
1498 3050 1651 3126 fecissent,

386 3163 421 3216 ut
439 3174 496 3216 nec
518 3159 668 3216 fossatum
691 3159 736 3217 ibi
758 3158 852 3217 fuisse
875 3158 1079 3232 apparuisset.
1102 3157 1140 3214 Et
1162 3155 1288 3214 tandem
1312 3171 1425 3230 pecora
1448 3162 1479 3215 et
1510 3158 1646 3232 pecudes

388 3266 487 3339 ipsius
509 3267 643 3324 civitatis
674 3268 706 3324 in
729 3267 834 3340 ipsum
858 3265 951 3324 fenile
982 3265 1106 3338 impelli
1129 3269 1159 3322 et
1193 3265 1251 3322 sub
1285 3269 1478 3322 armatorum
1513 3265 1653 3323 custodia

388 3371 533 3445 pluribus
556 3372 666 3431 diebus
688 3377 718 3431 et
740 3374 883 3432 noctibus
906 3373 992 3446 pasci
1023 3371 1172 3443 iecissent,
1208 3387 1264 3444 per
1298 3369 1382 3443 quod
1417 3371 1522 3445 ipsum
1559 3370 1652 3429 fenile

389 3477 611 3538 destruxissent
634 3485 664 3538 et
686 3479 933 3538 annichilassent.
963 3478 1011 3535 De
1050 3491 1111 3551 quo
1148 3492 1210 3535 non
1247 3477 1383 3534 contenti
1413 3475 1527 3550 prefati
1549 3474 1653 3553 jurati,

386 3601 504 3644 necnon
528 3586 674 3646 Nicolaus
694 3585 790 3664 judex
812 3591 841 3645 et
864 3587 971 3644 Petrus
994 3585 1168 3658 Hungarus,
1191 3584 1336 3642 similiter
1357 3581 1460 3658 judex,
1483 3599 1552 3641 cum
1578 3585 1650 3644 aliis

388 3693 486 3767 ipsius
510 3694 644 3752 civitatis
664 3695 786 3752 civibus
801 3695 834 3752 in
849 3707 929 3752 anno
945 3698 1018 3750 tunc
1034 3692 1177 3765 proxime
1194 3695 1348 3748 transacto
1364 3689 1512 3764 preterito
1528 3689 1560 3748 in
1587 3706 1653 3748 ma-

387 3798 486 3876 jorem
502 3799 616 3874 prefati
638 3801 766 3874 capituli
789 3800 1025 3874 obpressionem
1047 3813 1174 3872 gregem
1197 3797 1296 3870 ipsius
1319 3797 1453 3854 civitatis
1473 3811 1530 3870 per
1553 3801 1652 3854 totam

387 3911 515 3966 estatem
539 3906 663 3981 inipso
687 3906 775 3965 senili
797 3907 941 3964 similiter
963 3907 1022 3963 sub
1056 3903 1195 3962 custodia
1220 3902 1527 3976 quamplurimorum
1550 3918 1651 3961 arma·

387 4021 492 4072 torum
519 4015 606 4088 pasci
629 4014 771 4072 fecissent
794 4019 824 4072 et
846 4012 1004 4079 custodiri,
1022 4011 1228 4086 disponentes,
1251 4015 1286 4067 ut
1309 4009 1334 4066 si
1358 4009 1427 4082 quis
1451 4009 1546 4067 homo
1569 4011 1653 4086 capi·

386 4121 446 4178 tuli
461 4121 493 4178 in
508 4122 577 4195 ipso
599 4121 686 4180 senili
700 4123 888 4196 reperiretur
902 4119 1022 4179 ibidem
1036 4117 1268 4188 interficeretur,
1292 4131 1426 4189 quorum
1443 4123 1527 4174 metu
1546 4118 1652 4176 nullus

387 4229 483 4286 homo
505 4229 634 4302 capituli
657 4229 697 4286 ad
731 4230 834 4302 ipsum
868 4227 961 4286 fenile
996 4241 1053 4300 pro
1089 4225 1154 4283 eius
1189 4223 1413 4282 reformacione
1447 4227 1477 4279 et
1512 4223 1653 4282 custodia

387 4336 433 4392 ire
466 4334 638 4406 debuisset,
661 4350 724 4408 quo
757 4337 801 4394 sic
835 4337 897 4393 iam
931 4339 976 4392 tot
1011 4331 1130 4390 vicibus
1164 4330 1319 4388 destructo
1350 4334 1380 4386 et
1401 4329 1570 4387 anichilato
1593 4345 1653 4403 per

387 4442 566 4501 huiusmodi
589 4443 729 4516 ipsorum
753 4447 838 4500 metu
871 4447 901 4498 et
924 4435 1071 4499 tirranide
1095 4439 1212 4497 dictum
1237 4436 1330 4495 fenile
1353 4437 1393 4494 ab
1416 4437 1485 4509 ipso
1510 4437 1653 4510 capitulo

388 4549 519 4607 alienari
542 4553 572 4606 et
592 4549 653 4606 sibi
684 4549 759 4622 ipsis
783 4547 998 4622 potencialiter
1020 4544 1224 4620 appropriare
1258 4545 1478 4601 conarerentur
1512 4541 1653 4614 potencia

387 4655 544 4714 mediante
568 4657 600 4713 in
622 4656 720 4730 ipsius
744 4653 874 4729 capituli
898 4649 1104 4726 preludicium
1128 4655 1157 4708 et
1181 4650 1354 4723 dampnum
1377 4647 1471 4706 valde
1494 4663 1653 4722 magnum.

388 4761 478 4822 Unde
502 4761 582 4820 tacta
599 4763 777 4820 huiusmodi
795 4761 996 4834 inquisicione
1013 4758 1122 4816 eadem
1146 4757 1195 4815 die
1218 4755 1429 4830 inquisicionis
1444 4761 1653 4813 memoratum

387 4869 588 4944 Stephanum.
614 4867 716 4926 filiurn
730 4869 897 4937 Michaelis,
914 4873 986 4924 tunc
998 4863 1142 4941 judicem,
1161 4864 1308 4935 Blasium,
1330 4862 1434 4920 filium
1449 4861 1652 4933 Wythezych,

386 4975 580 5047 Michaelem,
605 4975 707 5032 filiurn
746 4974 926 5044 Sebastiani,
963 4973 1155 5031 Anthonium
1191 4971 1344 5041 Italicum,
1379 4967 1532 5026 Briceium
1555 4967 1652 5024 Doru-
