3948 5804
413 531 454 592 74
845 517 917 575 Dec.
943 517 993 594 64.
1016 552 1060 561 —
1083 520 1139 577 An.
1163 533 1244 597 1433

410 747 442 790 se
465 732 540 790 dicit
562 731 627 790 tior.
654 747 723 791 too.
747 733 922 793 Portionem
946 751 1036 792 suam
1058 735 1168 793 tributi
1189 736 1220 794 in
1243 737 1396 808 Thersycz
1420 751 1477 809 per
1506 736 1674 808 quemdam

410 839 555 896 comitem
578 837 741 896 Nicolaum
764 840 792 897 ei
815 846 846 898 et
869 841 933 899 eius
957 841 1047 900 fratri
1077 841 1321 915 impignoratam
1343 843 1474 900 remittit
1497 841 1607 900 eidem.
1634 873 1672 884 —-

410 944 594 1003 Executores
617 945 756 1016 nominat
772 945 941 1004 Henricum
957 948 1140 1021 episcopum
1155 947 1518 1020 quinqueecclesiensem,
1541 947 1671 1007 fratrem

410 1065 510 1120 suum,
533 1051 683 1134 Joannem
707 1057 864 1110 cantorem
897 1054 1048 1112 vicarium
1072 1070 1173 1124 suum,
1204 1054 1421 1112 Eberhardum
1453 1055 1601 1114 lectorem
1626 1071 1675 1113 ca·

410 1157 555 1215 nonicum
577 1157 817 1230 zagrabiensem,
841 1159 1011 1217 Henricum
1034 1159 1073 1217 de
1089 1161 1261 1233 Plomberg
1277 1167 1479 1233 capetaneum
1496 1161 1526 1218 in
1543 1161 1675 1220 Kemlek

410 1268 464 1321 etc.
486 1263 601 1335 Testes,
632 1262 743 1322 fratres
765 1265 910 1336 canonici,
942 1266 1041 1339 aliqui
1072 1267 1414 1340 quinqueecclesienses.
1449 1265 1586 1326 Thomas
1608 1267 1675 1342 ple·

409 1370 508 1427 banus
531 1368 569 1426 de
592 1369 734 1427 Dombro
757 1371 919 1430 canonicus
942 1373 1158 1444 zagrabiensis,
1191 1373 1325 1456 Joannes
1347 1371 1386 1430 de
1409 1371 1559 1432 Ralronolr
1582 1387 1671 1431 cano-

409 1475 495 1533 nicus
518 1475 732 1548 zagrabiensis.

515 1629 539 1676 E
558 1630 665 1692 regestis
684 1630 790 1692 Georgii
810 1629 975 1683 Marcelovie.
995 1632 1027 1680 In
1040 1631 1159 1684 biblioth.
1173 1631 1234 1682 eccl.
1254 1631 1366 1683 cathedr.
1380 1631 1481 1694 zagrttb.
1503 1643 1543 1696 37.
1559 1645 1583 1694 3.
1598 1631 1673 1684 eont.

411 1715 533 1765 Krdelid:
553 1718 655 1770 Histor.
674 1718 786 1770 cathedr.
806 1719 867 1771 eccl.
887 1721 908 1771 1.
929 1736 986 1785 pag.
1009 1720 1056 1786 165
1099 1721 1154 1774 166.
1175 1749 1208 1759 —-
1227 1719 1334 1770 Farilati
1354 1718 1418 1769 Illir.
1444 1719 1513 1769 Sacr.
1539 1721 1613 1772 Tom.
1639 1721 1672 1771 V.

412 1821 469 1870 rae·
489 1805 548 1868 467.

1013 1988 1076 2052 64.

516 2144 595 2192 Anno
619 2157 692 2209 1433,
714 2157 755 2208 23·
774 2145 864 2210 aprilis
894 2131 1009 2198 Casmne.

415 2270 577 2344 Cirpr'tnlum
608 2273 756 2342 lesinensi,
780 2280 932 2346 postquam
955 2273 1012 2330 vim
1035 2273 1144 2330 civium
1167 2272 1397 2345 zugrnbimsium
1422 2272 1597 2346 possessioni
1625 2290 1671 2329 cn-

497 2379 590 2452 pituli
610 2380 729 2452 zograb.
753 2379 850 2436 Rurici
871 2379 984 2435 illatam
1008 2379 1172 2452 exquisivit,
1194 2377 1378 2450 Sigismumio
1400 2379 1464 2452 regi
1483 2376 1583 2454 refert.

513 2522 715 2582 Serenissimo
738 2525 873 2599 principi
896 2524 1023 2582 domino
1047 2523 1247 2596 Sigismundo
1270 2523 1319 2581 dei
1341 2523 1444 2596 gracia
1460 2523 1671 2582 Romanorum

408 2631 483 2703 regi,
507 2646 631 2704 semper
654 2639 794 2704 augusto,
818 2645 854 2688 ac
876 2631 1044 2701 Hungarie,
1070 2629 1224 2701 Bohemie,
1256 2629 1425 2698 Dalmacie,
1456 2629 1584 2687 Croacie
1613 2639 1672 2690 etc.

407 2737 481 2810 regi,
516 2736 643 2795 domino
677 2738 820 2811 ipsorum
854 2737 1001 2808 naturali,
1038 2735 1210 2809 capitulum
1242 2735 1371 2793 ecclesie
1393 2736 1581 2794 chasmensis
1604 2751 1672 2794 ora·

408 2842 531 2900 cionum
555 2843 703 2916 suffragia
726 2843 919 2901 devotarum.
944 2842 1055 2900 Vestra
1078 2842 1201 2898 noverit
1232 2841 1388 2913 serenitas,
1411 2841 1496 2914 quod
1520 2856 1575 2899 nos
1599 2843 1672 2900 obe·

409 2949 529 3006 diencia
552 2964 614 3022 qua
637 2949 740 3007 decuit
763 2949 897 3023 receptis
921 2949 1032 3006 litteris
1057 2947 1170 3005 vestris
1193 2947 1378 3006 annualibus
1409 2961 1467 3020 pro
1496 2947 1673 3006 honorabili

408 3055 545 3128 capitulo
578 3055 706 3113 ecclesie
740 3054 957 3128 zagrabiensis,
980 3053 1020 3111 ad
1044 3053 1272 3126 inquisiciones,
1295 3054 1503 3124 evocaciones,
1528 3053 1668 3126 prohibi·

407 3162 510 3220 ciones
533 3161 629 3219 acad
654 3161 758 3219 omnia
783 3161 853 3228 alia,
877 3177 937 3234 que
961 3161 1046 3218 iuxta
1068 3159 1157 3231 regni
1174 3160 1268 3216 vestri
1284 3157 1538 3217 consuetudinem
1556 3159 1673 3218 talibus

408 3269 439 3326 in
474 3268 671 3342 processibus
705 3267 774 3326 fieri
808 3271 1033 3325 consveverunt
1067 3264 1227 3336 iacienda,
1263 3263 1408 3323 confectis
1443 3272 1473 3324 et
1495 3267 1670 3338 emanans,

408 3368 573 3448 eidemque
588 3390 645 3448 per
661 3381 797 3433 vestram
814 3375 1006 3432 maiestatem
1027 3371 1067 3428 ad
1084 3372 1155 3429 anni
1179 3371 1370 3430 curriculum
1392 3373 1531 3445 graciose
1547 3373 1627 3430 datis
1643 3379 1673 3431 et

408 3481 569 3550 concessis,
593 3481 683 3538 nobis
704 3480 898 3554 preceptorie
920 3477 1052 3548 directis,
1077 3478 1104 3535 ei
1129 3478 1214 3535 iuxta
1237 3477 1420 3536 earumdem
1446 3481 1671 3538 continenciam

407 3603 541 3644 unacum
576 3585 686 3658 Blasio,
724 3585 790 3642 filio
825 3584 980 3642 Benedicti
1019 3583 1057 3640 de
1092 3583 1295 3656 Therztenyk,
1331 3585 1455 3643 homine
1489 3593 1602 3657 vestro,
1638 3586 1670 3644 in

409 3692 526 3749 eisdem
563 3692 674 3749 litteris
697 3691 808 3748 vestris
832 3690 1025 3761 annualibus,
1061 3691 1140 3748 inter
1163 3691 1242 3748 alios
1265 3691 1406 3748 homines
1430 3697 1550 3748 vestros
1570 3692 1669 3750 nomi·

409 3799 505 3856 natim
529 3799 713 3870 conscripto,
736 3803 878 3854 nostrum
901 3797 1069 3867 hominem,
1094 3796 1240 3855 videlicet
1278 3797 1460 3856 discretum·
1478 3797 1582 3855 virum
1611 3796 1672 3856 Ge·

408 3905 532 3977 orgium
555 3904 764 3978 presbiterum
788 3903 874 3961 chori
898 3903 1025 3960 ecclesie
1049 3909 1152 3960 nostre
1176 3902 1314 3977 predicte
1349 3903 1599 3978 prebendarium,
1631 3903 1670 3962 ad

407 4010 619 4084 infrascriptas
642 4009 877 4083 inquisicionem
901 4015 932 4066 et
954 4010 1171 4066 evocacionem
1193 4007 1350 4067 iaciendas
1374 4014 1479 4067 vestro
1503 4025 1561 4084 pro
1585 4011 1670 4068 testi·

408 4119 513 4174 monio
538 4109 766 4174 transmisimus
789 4115 852 4172 fide
877 4114 1023 4187 dignum;
1039 4116 1094 4187 qui
1117 4113 1242 4172 tandem
1266 4115 1378 4173 exinde
1400 4115 1441 4174 ad
1464 4131 1520 4174 nos
1542 4116 1668 4188 reversi,

408 4223 497 4281 nobis
532 4222 728 4281 uniformiter
762 4223 943 4292 retulerunt,
978 4220 1061 4294 quod
1098 4220 1238 4295 prefatus
1274 4223 1368 4280 homo
1403 4227 1504 4280 vester
1527 4231 1669 4296 presente

407 4328 490 4387 dicto
513 4337 619 4386 nostro
641 4330 826 4400 testimoni0,
852 4327 927 4386 teria
951 4333 1060 4401 quarta
1084 4327 1228 4400 proxima
1251 4333 1324 4401 post
1339 4327 1528 4386 dominicam
1549 4329 1670 4386 Ramis-

407 4436 593 4507 palmarum,
630 4437 773 4510 proxime
807 4435 996 4508 preteritam,
1020 4435 1061 4490 ab
1094 4434 1248 4506 omnibus,
1284 4434 1440 4508 aquibus
1463 4433 1615 4492 decuisset
1639 4439 1669 4492 et

408 4542 544 4598 licuisset
568 4543 673 4615 palam
697 4551 726 4599 et
750 4541 870 4599 occulte
894 4540 1059 4612 diligenter
1079 4539 1118 4597 de
1141 4539 1346 4613 infrascriptis
1362 4539 1555 4613 inquirendo,
1574 4541 1669 4597 talem

408 4648 547 4705 scivisset
582 4649 753 4719 veritatem,
789 4646 947 4719 quomodo
982 4647 1156 4704 Anthonius
1187 4647 1321 4718 Italicus,
1351 4644 1454 4722 judex,
1486 4645 1669 4704 Benedictus

408 4754 614 4824 dombrensis,
650 4753 802 4826 Georgius
836 4761 945 4823 sartor,
979 4753 1065 4836 Jaxa,
1100 4753 1185 4811 fitius
1222 4753 1378 4825 Boletych,
1412 4753 1554 4824 Michael,
1585 4751 1670 4810 filius

407 4858 589 4930 Sebastiani,
613 4861 763 4918 llartinus
782 4861 909 4931 Parvus,
932 4860 1087 4943 Johannes
1112 4859 1246 4931 Peronis,
1270 4857 1372 4936 jurati,
1396 4859 1512 4932 aliique
1530 4859 1614 4916 cives
1638 4863 1670 4915 et

406 4967 546 5042 hospites
570 4967 703 5024 civitatis
725 4967 839 5024 montis
862 4965 1048 5024 Grechensis
1071 4967 1102 5023 in
1125 4979 1205 5024 anno
1229 4967 1315 5024 cuius
1339 4966 1402 5024 iam
1425 4964 1521 5023 tercia
1542 4966 1670 5023 instaret
