3948 5804
727 583 1160 662 ·Mm-uma
1540 603 1578 664 m

315 799 428 871 fuerit;
448 806 551 858 tamen
574 762 866 875 ipse⁸postmodum
891 807 1012 858 matura
1036 802 1067 859 in
1090 817 1123 858 se
1154 800 1380 860 deliberacione
1420 803 1583 875 prehabita

313 911 343 963 et
367 921 441 964 usus
464 905 594 964 consilio
617 907 745 978 saniore,
761 906 870 964 nolens
893 907 990 964 eciam
1013 907 1158 964 ultimam
1182 909 1279 981 ipsius
1302 907 1432 966 condam
1465 907 1584 966 domini

318 1011 458 1086 episcopi
481 1009 586 1070 fratris
609 1013 657 1070 sui
680 1011 874 1070 voluntatem
897 1017 927 1070 et
951 1026 995 1082 ea,
1019 1027 1079 1085 que
1110 1028 1167 1086 per
1201 1014 1305 1086 ipsum
1339 1012 1378 1072 ad
1410 1015 1478 1088 pios
1510 1029 1583 1072 usus

316 1121 388 1175 sunt
412 1116 580 1174 salubriter
603 1115 753 1191 disposita
775 1116 943 1192 infringere
966 1117 1018 1174 vel
1033 1117 1236 1191 aliquomodo
1253 1118 1413 1193 impedire,
1430 1118 1583 1178 mediante

231 1295 239 1314 .
315 1221 536 1280 nichilominus
560 1223 788 1298 composicione
804 1223 966 1282 reverendi
981 1224 1013 1280 in
1036 1222 1160 1281 Christo
1182 1225 1280 1298 patris
1303 1222 1421 1282 domini
1435 1225 1583 1308 Johannis

317 1329 456 1404 episcopi
471 1330 618 1401 tyniensis
641 1334 672 1388 et
693 1330 909 1402 gubernatoris
925 1331 1121 1404 prepositure
1144 1329 1182 1388 de
1196 1329 1351 1403 syenykq
1367 1331 1583 1406 nobiliumque

315 1439 345 1492 et
369 1437 565 1508 egregiorum
589 1434 716 1508 Georgii
739 1434 778 1492 de
801 1433 943 1508 Byhzaad
965 1441 995 1492 et
1017 1435 1165 1518 Johannis
1192 1435 1274 1493 Thot
1303 1434 1342 1494 de
1374 1435 1584 1496 Zvvmzedwar

316 1555 352 1597 ac
375 1541 510 1599 aliorum
532 1541 687 1600 nobilium
722 1545 751 1599 et
774 1541 947 1614 proborum
981 1542 1123 1599 virorum
1159 1557 1217 1615 per
1258 1543 1342 1615 ipsas
1372 1539 1476 1616 partes
1500 1557 1583 1601 com-

314 1647 449 1704 muniter
470 1647 650 1719 electorum,
665 1662 800 1706 unacum
823 1647 1000 1705 honorabili
1020 1648 1089 1704 viro
1106 1647 1232 1705 domino
1247 1647 1386 1730 Johanne
1410 1653 1533 1708 cantore
1553 1655 1583 1707 et

316 1753 462 1810 canonico
484 1754 664 1827 vicarioque
687 1752 759 1810 sede
783 1759 911 1811 vacante
935 1752 1016 1811 dicte
1039 1753 1246 1825 zagrabiensis
1277 1754 1405 1812 ecclesie
1428 1755 1460 1814 in
1489 1755 1580 1828 spiri·

315 1858 453 1916 tualibus
475 1859 621 1931 generali,
644 1863 807 1917 executore
830 1859 949 1917 scilicet
970 1859 1146 1917 testamenti
1169 1858 1300 1934 predicti
1317 1860 1449 1918 condam
1462 1859 1583 1918 domini

314 1963 463 2046 Johannis
486 1965 633 2039 episcopi,
656 1965 796 2023 omnium
820 1963 955 2022 aliorum
978 2008 1138 2024 ......
1163 1967 1277 2023 virtute
1299 1965 1376 2024 dicti
1408 1967 1583 2025 testamenti

313 2073 552 2144 representante,
572 2085 691 2129 necnon
714 2069 843 2144 prefatis
866 2070 1000 2128 dominis
1023 2069 1061 2127 de
1093 2070 1231 2145 capitulo
1254 2072 1445 2144 zagrabiensi
1468 2073 1582 2131 sanatis

316 2176 438 2250 penitus
461 2181 492 2234 et
514 2175 628 2234 sedatis
651 2191 687 2234 ac
710 2175 858 2250 depositis
893 2176 1039 2234 omnibus
1074 2177 1292 2234 controversiis
1333 2182 1362 2234 et
1383 2176 1493 2236 litibus
1525 2179 1580 2236 hu·

318 2297 433 2355 eusque
455 2283 535 2340 inter
557 2297 590 2340 se
612 2281 727 2341 habitis
749 2282 790 2340 ad
813 2283 909 2341 talem
933 2283 1019 2357 pacis
1042 2287 1073 2340 et
1097 2281 1260 2340 concordie
1291 2281 1485 2342 devenissent
1515 2285 1582 2342 uni·

314 2402 422 2446 onem:
443 2388 527 2462 quod
550 2390 617 2462 ipse
639 2387 793 2446 Rodoltus
823 2395 940 2448 rectam
957 2393 987 2446 et
1011 2387 1154 2461 equalem
1178 2387 1376 2446 medietatem
1400 2387 1480 2447 dicte
1509 2391 1583 2448 civi·

316 2495 387 2552 tatis
409 2494 591 2568 Kaproncza
614 2499 645 2552 et
668 2496 761 2554 castri
776 2494 1011 2569 leraproncza
1028 2499 1218 2565 vocatarum,
1241 2496 1444 2568 omniumque
1460 2509 1581 2569 posses·

314 2599 447 2673 sionum,
470 2601 631 2673 villarum,
655 2601 853 2674 tributorum,
869 2602 1040 2672 vinearum,
1055 2600 1217 2669 silvarum,
1232 2615 1405 2671 nemorum,
1430 2607 1582 2660 terrarum

312 2706 490 2778 arabilium,
514 2707 673 2764 moncium
705 2713 735 2765 et
762 2708 979 2781 terragiorum,
1010 2705 1193 2779 tenetorum,
1224 2711 1395 2782 pratorum,
1430 2708 1582 2780 aquarum

312 2817 343 2870 et
364 2811 540 2884 fluviorum,
562 2812 814 2871 molendinorum
838 2819 868 2871 et
891 2813 1128 2887 piscaturarum,
1150 2819 1393 2886 cunctorumque
1425 2819 1454 2871 et
1477 2815 1581 2888 singu·

311 2918 416 2976 lorum
438 2917 573 2976 aliorum
596 2923 815 2992 proventuum,
837 2919 1122 2976 emolumentorum
1136 2959 1139 2967 .
1152 2923 1183 2975 et
1206 2917 1378 2976 utilitatum
1410 2919 1581 2992 quomodo·

312 3039 446 3096 cumque
470 3039 508 3081 ex
532 3022 649 3082 eisdem
672 3030 702 3082 et
726 3024 764 3082 de
787 3023 904 3083 eisdem
928 3025 1181 3100 proveniencium
1213 3031 1243 3082 et
1274 3027 1439 3098 provenire
1468 3025 1582 3084 deben-

312 3129 403 3202 cium,
427 3130 607 3204 realemque
631 3136 661 3188 et
684 3129 879 3206 corporalem
913 3133 1139 3206 possessionem
1170 3132 1268 3205 ipsius
1299 3131 1472 3190 medietatis
1508 3133 1582 3190 civi·

311 3237 382 3294 tatis
399 3236 581 3311 Kaproncza
595 3251 714 3296 necnon
730 3239 831 3310 castri,
848 3240 1139 3312 possessionumque
1163 3244 1192 3295 et
1209 3237 1366 3310 villarum,
1379 3238 1470 3296 illam
1493 3239 1578 3296 vide·

311 3343 383 3400 licet
419 3348 550 3418 partem,
589 3358 685 3418 quam
716 3343 855 3418 prelatus
884 3345 1017 3404 condam
1045 3345 1190 3404 dominus
1225 3345 1379 3427 Johannes
1418 3347 1582 3420 episcopus

311 3454 383 3522 post
406 3448 591 3508 divisionem
616 3449 690 3508 dicti
713 3451 806 3508 castri
829 3456 858 3508 et
883 3452 1113 3526 possessionum
1137 3452 1216 3509 inter
1238 3452 1323 3526 ipsos
1352 3451 1429 3508 alias
1467 3451 1581 3510 factam

310 3663 462 3721 annotatis
493 3661 626 3721 dominis
661 3662 699 3721 de
741 3665 879 3738 capitulo
920 3665 1113 3738 zagrabiensi
1148 3669 1309 3738 tamquam
1345 3663 1578 3722 coadiutoribus

311 3766 403 3826 huius
427 3767 617 3827 saluberime
640 3771 832 3829 execucionis
848 3771 1075 3829 testamentarie
1093 3769 1309 3844 disposicionis
1325 3771 1422 3845 ipsius
1445 3768 1578 3829 condam

310 3873 428 3932 domini
450 3876 588 3950 episcopi
612 3892 689 3950 pure
713 3881 743 3934 et
765 3878 949 3952 simpliciter
965 3877 1145 3950 remisisset,
1162 3875 1331 3934 relaxasset
1348 3880 1377 3934 et
1394 3876 1581 3950 reliquisset,

309 3980 408 4038 immo
437 3995 543 4038 coram
573 3982 664 4040 nobis
685 3983 813 4056 remisit,
836 3983 989 4041 relaxavit
1013 3989 1042 4040 et
1073 3983 1207 4056 reliquit,
1239 3981 1407 4041 secundum
1439 3984 1580 4056 vigorem

311 4084 386 4144 dicti
408 4090 583 4147 testamenti
606 4095 636 4147 et
659 4088 898 4164 disposicionem
918 4090 1032 4164 prelati
1056 4090 1187 4148 condam
1221 4089 1339 4146 domini
1354 4089 1502 4171 Johannis
1518 4089 1581 4162 epi·

311 4193 398 4266 scopi
421 4193 461 4251 ad
485 4193 636 4253 fabricam
670 4196 750 4254 dicte
786 4197 913 4254 ecclesie
944 4197 1041 4254 sancti
1073 4196 1154 4268 regis
1185 4194 1333 4270 Stephani
1363 4195 1578 4268 zagrabiensis,

311 4313 368 4372 per
391 4298 517 4358 eosdem
542 4301 757 4376 dispensanda,
781 4301 968 4361 annectenda
1001 4310 1030 4359 et
1065 4301 1280 4372 convertenda,
1315 4302 1373 4359 hoc
1404 4300 1580 4375 specialiter

311 4403 477 4477 declarato,
501 4406 586 4480 quod
609 4408 641 4464 in
664 4415 784 4480 eventu,
819 4425 882 4482 quo
920 4408 1060 4483 prelatus
1091 4407 1235 4465 dominus
1257 4415 1362 4466 noster
1400 4408 1578 4481 imperator,

309 4511 372 4568 vita
396 4512 457 4569 sibi
480 4514 601 4584 comite,
617 4521 670 4571 aut
693 4513 806 4587 aliquis
826 4530 936 4588 regum
958 4515 1125 4587 Hungarie‚
1143 4528 1300 4572 successor
1315 4529 1397 4584 suus,
1422 4514 1576 4588 prescrip·

313 4622 379 4674 tam
411 4618 568 4676 civitatem
604 4619 785 4693 Kaproncza
819 4635 936 4678 necnon
968 4621 1144 4694 predictum
1175 4625 1312 4678 castrum
1343 4619 1577 4693 Kwkaproncza

310 4722 507 4798 appellatum
531 4739 589 4798 pro
613 4726 773 4798 premissis
796 4741 851 4784 sex
874 4725 1017 4784 millibus
1040 4731 1163 4784 centum
1187 4726 1345 4799 sexaginta
1369 4743 1422 4784 sex
1452 4724 1574 4782 florenis

310 4829 379 4888 auri
401 4845 437 4888 ac
459 4833 602 4889 trecentis
625 4829 843 4907 jobagionibus
868 4833 964 4890 vellet
987 4833 1139 4891 redimere
1162 4833 1212 4890 vel
1236 4832 1396 4890 redimerit
1425 4831 1463 4889 de
1487 4830 1578 4903 facto,

309 4940 421 4992 extunc
445 4936 589 4995 similiter
611 4943 694 4996 recta
718 4945 748 4995 et
771 4939 890 5012 equalis
914 4939 1063 4997 medietas
1086 4946 1151 4998 tam
1172 4939 1310 5014 predicte
1333 4953 1454 4996 summe
1490 4937 1579 4995 flore·

308 5055 421 5099 norum
447 5057 541 5115 quam
566 5041 721 5102 dictorum
745 5051 952 5103 trecentorum
975 5043 1176 5120 jobagionum
1208 5045 1246 5102 ad
1272 5044 1443 5120 predictam
1473 5060 1578 5118 zagra·

1476 5165 1491 5222 7

221 3559 223 3564 '
309 3555 467 3614 habuisset
489 3561 520 3614 et
538 3557 693 3629 tenuisset,
718 3556 838 3631 prelato
861 3557 988 3616 domino
1011 3559 1137 3630 cantori,
1160 3565 1321 3632 tamquam
1345 3559 1510 3630 executori,
1542 3573 1578 3616 ac
1669 3561 1672 3566 '

1602 4115 1618 4142 δ
