3804 5858
379 604 443 665 434
798 584 871 641 Doc.
889 593 964 659 345.
990 615 1028 625 -
1054 583 1111 640 An.
1135 575 1226 658 1487.

376 802 486 859 teralia
509 816 565 858 sua
587 801 800 870 instrumenta,
824 799 850 856 si
873 814 950 870 quas
973 809 1079 870 etque
1103 799 1134 854 in
1158 795 1240 853 tacto
1257 794 1501 868 prescriptarum
1526 806 1645 865 posses·

362 908 498 965 sionum
533 907 724 976 Petrowyna,
759 903 969 975 Sylalrowyna
999 909 1029 961 et
1058 902 1215 974 Hrazthya
1248 905 1428 958 vocatarum
1465 899 1642 972 postherate

377 1012 530 1072 contectas
553 1019 583 1069 et
606 1014 748 1068 emanata
771 1009 802 1066 in
825 1009 942 1066 octavis
966 1007 1036 1066 festi
1059 1008 1142 1065 beati
1164 1005 1291 1078 Georgii
1314 1005 1459 1074 martiris,
1483 1011 1556 1061 tunc
1571 1019 1644 1061 ven·

376 1120 463 1190 turiS,
485 1120 518 1178 in
548 1116 630 1176 dicta
661 1116 746 1174 curia
775 1115 861 1187 regia
892 1129 962 1172 cum
994 1112 1177 1188 deponendo
1209 1110 1323 1186 judicio
1347 1112 1442 1168 trium
1466 1124 1642 1168 marcarum

377 1239 482 1283 coram
506 1225 576 1298 ipso
607 1223 735 1281 domino
757 1220 888 1280 condam
912 1221 1064 1279 Michaele
1087 1219 1226 1294 palatino
1249 1216 1421 1292 producere
1444 1223 1473 1275 et
1497 1216 1644 1274 exhibere

376 1331 504 1390 deberet
524 1335 555 1389 et
578 1335 733 1388 teneretur
756 1334 862 1386 contra
886 1327 1047 1385 dominum
1072 1333 1213 1384 nostrum
1235 1339 1351 1397 regem,
1374 1332 1509 1381 actorem
1533 1335 1643 1396 preno-

376 1441 485 1508 tatum‚
509 1442 544 1496 ut
575 1436 623 1494 his
658 1435 732 1493 visis
763 1434 847 1492 idem
867 1433 1013 1491 dominus
1036 1433 1166 1490 Michael
1192 1431 1349 1504 palatinus
1372 1427 1523 1504 judicium
1546 1433 1576 1484 et
1597 1424 1644 1503 ju-

374 1544 496 1601 sticiam
519 1542 619 1600 facere
635 1541 766 1599 valleret
788 1541 868 1598 inter
889 1547 993 1613 partes
1008 1540 1040 1597 in
1063 1537 1223 1611 premissis
1247 1537 1381 1594 dictante
1404 1533 1480 1610 Juris
1496 1534 1643 1607 equitate.

375 1648 457 1722 Quia
478 1655 581 1707 autem
604 1647 757 1706 antelatus
779 1647 933 1730 Johannes
948 1645 986 1704 de
1002 1646 1171 1703 Orehowcz
1194 1645 1225 1702 in
1250 1657 1380 1718 persona
1394 1641 1468 1700 dicti
1492 1640 1640 1724 Johannis

332 1729 337 1740 Ι
375 1755 558 1828 Hennyngh,
574 1755 606 1812 in
621 1769 746 1812 causam
770 1753 899 1821 attracti,
923 1752 1041 1810 dictum
1057 1750 1209 1827 judicium
1234 1751 1328 1808 trium
1352 1765 1529 1808 marcarum
1552 1749 1642 1807 dictis

376 1859 510 1918 dominis
532 1860 664 1919 condam
680 1860 824 1918 Michaeli
842 1860 980 1934 palatino
993 1865 1022 1916 et
1035 1859 1141 1916 comiti
1158 1857 1325 1930 Stephano,
1341 1859 1489 1930 partique
1512 1855 1642 1913 adverse

375 1967 578 2040 persolverat,
610 1966 680 2024 ideo
703 1965 788 2024 idem
819 1966 962 2022 dominus
994 1964 1125 2022 condam
1150 1964 1282 2020 Michael
1304 1963 1461 2037 palatinus
1485 1967 1515 2020 et
1539 1976 1642 2019 comes

374 2071 548 2147 Stephanus
571 2072 703 2129 eundem
735 2071 907 2154 Johannem
938 2071 1114 2143 Hennyngh
1137 2085 1232 2144 super
1255 2069 1413 2127 solucione
1436 2068 1511 2126 dicti
1532 2065 1639 2144 judicii

374 2179 469 2236 trium
505 2191 682 2236 marcarum
717 2178 857 2250 quietum
884 2175 1087 2234 reddiderunt
1121 2183 1151 2233 et
1187 2174 1376 2249 expeditum.
1398 2173 1477 2249 Ipsis
1509 2174 1641 2248 denique

374 2284 491 2341 octavis
531 2281 600 2341 festi
624 2283 708 2341 beati
745 2282 871 2354 Georgii
904 2282 1041 2340 martiris
1077 2282 1279 2348 instantibus,
1314 2279 1454 2355 prefatus
1486 2281 1642 2362 Johannes

373 2389 559 2462 Hennyngh‚
583 2391 615 2448 in
638 2404 763 2447 causam
788 2393 946 2458 attractus,
971 2405 1027 2463 per
1050 2393 1229 2446 annotatum
1254 2388 1440 2460 magistrum
1462 2387 1638 2470 Johannem

374 2494 517 2567 Possgay,
532 2495 722 2568 legittimum
739 2501 971 2568 procuratorem
996 2495 1069 2552 dicti
1093 2493 1211 2551 domini
1228 2493 1325 2551 nostri
1346 2493 1436 2565 regis,
1452 2493 1485 2550 in
1506 2508 1638 2567 persona

374 2600 512 2658 eiusdem
548 2601 692 2673 congruis
729 2599 839 2657 diebus
874 2601 1014 2674 ipsarum
1049 2606 1231 2656 octavarum
1265 2613 1371 2656 coram
1406 2599 1489 2657 dicto
1513 2599 1641 2658 domino

373 2706 524 2764 Michaele
548 2707 686 2780 palatino
703 2711 892 2779 expectatus,
907 2705 940 2763 in
955 2705 1145 2782 presenciam
1163 2704 1301 2763 eiusdem
1316 2719 1377 2762 non
1400 2711 1526 2763 venerat
1541 2721 1641 2778 neque

374 2812 508 2884 miserat,
532 2828 565 2870 se
595 2812 804 2870 mediantibus
827 2813 896 2870 aliis
919 2812 1032 2870 litteris
1062 2812 1161 2884 ipsius
1183 2811 1315 2869 condam
1338 2811 1457 2870 domini
1481 2812 1640 2870 Michaelis

374 2916 505 2990 palatini
526 2915 728 2994 judicialibus
751 2919 862 2978 exinde
885 2919 1039 2990 confectis,
1063 2921 1094 2976 in
1117 2917 1233 2994 judicio
1257 2919 1423 2990 aggravari
1447 2920 1639 2993 permiserat,

371 3022 533 3096 postulans
550 3023 688 3098 prelatus
712 3031 895 3098 procurator
918 3024 992 3082 dicti
1008 3023 1127 3082 domini
1143 3025 1238 3082 nostri
1256 3025 1346 3096 regis,
1362 3024 1464 3083 eidem
1495 3042 1533 3084 ex
1550 3032 1637 3100 parte

370 3129 536 3187 memorati
558 3130 589 3187 in
614 3146 739 3188 causam
756 3131 885 3200 attracti,
910 3146 967 3204 per
990 3131 1093 3204 ipsum
1110 3129 1242 3188 condam
1267 3130 1429 3188 dominum
1453 3131 1637 3190 Michaelem

371 3235 546 3308 palatinum
575 3235 607 3294 in
640 3237 799 3310 premissis
833 3234 910 3311 juris
941 3237 1109 3309 equitatem
1134 3236 1305 3310 impertiri;
1328 3241 1358 3294 et
1382 3237 1454 3310 quia
1478 3237 1561 3296 idem
1582 3238 1638 3321 Jo-

370 3341 486 3399 hannes
509 3341 692 3414 Hennyngh,
715 3333 747 3399 in
768 3356 893 3399 causam
917 3347 1074 3414 attractus,
1097 3341 1137 3398 ad
1162 3342 1313 3416 premissa
1330 3343 1454 3400 evocari
1478 3342 1637 3414 debuerat,

370 3461 428 3520 pro
452 3461 488 3505 eo
511 3447 595 3505 idem
616 3447 748 3505 condam
771 3448 904 3506 Michael
921 3448 1076 3522 palatinus
1098 3454 1235 3506 vestram
1251 3449 1427 3506 amiciciam
1451 3449 1635 3508 litteratorie

370 3552 506 3625 pecierat
536 3552 711 3626 diligenter,
739 3558 889 3628 quatenus
918 3559 1058 3612 vestrum
1089 3555 1252 3612 mitteretis
1283 3555 1442 3613 hominem
1472 3571 1530 3628 pro
1553 3555 1635 3613 testi·

369 3657 475 3715 monio
504 3657 706 3731 fidedignum‚
738 3675 800 3734 quo
835 3665 976 3734 presente
999 3660 1093 3717 homo
1124 3675 1198 3716 suus
1221 3661 1407 3733 palatinalis,
1430 3660 1510 3719 intra
1534 3661 1636 3719 decla·

369 3762 493 3834 randus,
517 3763 662 3822 decuria
686 3765 771 3838 regia
787 3780 844 3839 per
869 3765 1001 3823 eundem
1025 3765 1065 3823 ad
1088 3764 1120 3822 id
1143 3766 1319 3838 specialiter
1341 3767 1548 3838 transmissus,
1572 3782 1636 3824 me·

368 3878 526 3926 moratum
546 3870 719 3952 Johannem
742 3871 918 3944 Hennyngh
942 3871 980 3929 de
1004 3871 1223 3929 Zomzedwara
1247 3873 1434 3946 prescriptas
1467 3873 1586 3930 litteras
1608 3879 1638 3930 et

367 3975 514 4032 litteralia
538 3990 593 4033 sua
616 3976 820 4034 instrumenta
836 3977 1059 4048 exhibiturum,
1081 3991 1117 4034 ac
1143 3977 1180 4035 de
1202 3975 1318 4053 judicio
1341 3978 1437 4036 trium
1460 3993 1636 4036 marcarum

367 4079 469 4138 eidem
492 4081 625 4140 condam
656 4082 783 4140 domino
807 4083 944 4156 palatino
966 4091 995 4140 et
1019 4083 1102 4156 parti
1124 4082 1254 4141 adverse
1277 4083 1507 4141 satisfacturum
1530 4090 1637 4143 contra

366 4187 538 4244 antelatum
568 4186 731 4246 dominum
761 4195 903 4247 nostrum
936 4203 1041 4261 regem
1073 4195 1210 4246 actorem
1242 4187 1282 4246 ad
1305 4195 1431 4247 octavas
1462 4188 1533 4247 festi
1557 4190 1637 4248 beati

366 4292 527 4350 Michaelis
557 4294 743 4367 archangeli,
775 4301 849 4352 tunc
873 4300 1029 4366 venturas,
1053 4295 1152 4367 ipsius
1182 4294 1315 4352 condam
1337 4294 1454 4354 domini
1478 4296 1637 4353 Michaelis

365 4398 497 4473 palatini
518 4406 661 4457 evocaret
683 4400 716 4458 in
738 4401 940 4473 presenciam,
964 4405 994 4458 et
1019 4407 1088 4474 post
1111 4401 1167 4458 hec
1190 4398 1283 4476 hujus
1310 4401 1502 4460 evocacionis
1525 4402 1636 4459 seriem

365 4519 436 4562 cum
461 4505 586 4562 nomine
609 4508 738 4580 evocati,
760 4512 885 4564 octavas
910 4506 950 4564 ad
974 4507 1137 4580 predictas,
1162 4506 1244 4565 dicto
1268 4507 1401 4565 condam
1424 4506 1550 4565 domino
1579 4509 1636 4565 Mi·

367 4611 468 4668 chaeli
491 4611 631 4684 palatino
653 4613 873 4670 rescriberetis.
910 4615 938 4670 A
961 4611 1204 4686 quibusquidem
1229 4613 1347 4670 octavis
1371 4611 1442 4670 festi
1475 4613 1557 4671 beati
1581 4613 1636 4671 Mi·

366 4717 483 4776 chaelis
499 4718 677 4792 archangeli
699 4720 871 4793 prescripta
894 4718 1138 4778 instrumentalis
1161 4719 1314 4777 exhibicio
1338 4725 1442 4792 partes
1465 4719 1544 4777 inter
1565 4733 1636 4793 pre·

366 4824 464 4883 dictas
487 4824 626 4882 seriebus
649 4825 824 4883 litterarum
849 4823 924 4883 dicti
947 4825 1079 4882 condam
1093 4825 1212 4884 domini
1236 4825 1395 4884 Michaelis
1419 4826 1548 4899 palatini
1565 4840 1635 4899 pro·

364 4932 521 5005 rogatorie
544 4931 747 5003 ventillanda,
775 4930 814 4988 ad
839 4937 965 4989 octavas
997 4929 1067 4988 festi
1090 4930 1337 5004 Epiphaniamm
1362 4930 1479 4990 domini
1504 4931 1535 4989 in
1555 4945 1635 4990 anno

365 5037 485 5096 domini
506 5037 678 5096 millesimo
701 5036 1006 5111 quadringentesimo
1022 5037 1233 5109 octuagesimo
1250 5035 1393 5107 secundo,
1410 5037 1559 5110 preteriti,
1583 5036 1635 5095 de·
