3948 5804
832 526 904 584 Duc.
928 538 979 602 40.
1002 558 1045 568 —
1068 525 1124 582 An.
1148 535 1239 603 1425,

499 743 578 800 Item
601 742 713 816 primo,
737 740 846 800 eadem
869 741 1076 801 communitas
1100 741 1234 800 civitatis
1265 740 1410 798 videlicet
1441 741 1555 799 montis
1586 738 1663 798 Gre-

396 849 495 908 censis
518 848 557 907 de
579 846 667 924 juxta
690 847 876 920 Zagrabiam
898 848 1013 919 statuit,
1036 853 1071 905 ut
1093 847 1226 921 quilibet
1249 847 1451 906 stacionarius
1474 861 1529 904 seu
1551 852 1658 922 apote-

396 956 496 1014 carius
519 969 609 1013 veras
630 960 661 1012 et
683 951 780 1029 justas
803 969 964 1012 mensuras
987 967 1023 1012 ac
1045 953 1150 1012 lances
1171 969 1227 1012 nec
1256 968 1318 1012 non
1347 953 1439 1011 ulnas
1470 958 1534 1012 tam
1565 954 1661 1028 panni

396 1076 491 1135 quam
514 1060 575 1120 tele
602 1065 704 1118 tenere
727 1065 758 1118 et
779 1075 904 1118 servare
928 1065 1076 1134 teneatur,
1099 1065 1130 1118 et
1152 1061 1178 1119 si
1209 1075 1245 1118 ea
1280 1058 1467 1130 falsificaret
1503 1075 1553 1118 res
1584 1075 1662 1134 quas

397 1167 503 1225 vendit
525 1165 776 1224 mercimoniales
799 1179 858 1239 pro
881 1181 1008 1224 excessu
1030 1165 1211 1224 huiusmodi
1234 1165 1365 1240 perdere
1380 1165 1499 1224 debeat
1522 1165 1561 1224 Et
1577 1164 1662 1240 quod

396 1289 452 1332 nec
474 1287 613 1346 pannum
636 1286 708 1329 cum
731 1271 805 1330 ulna
828 1271 898 1344 tele,
921 1288 977 1331 nec
1009 1273 1104 1331 telam
1135 1287 1207 1330 cum
1241 1272 1316 1330 ulna
1353 1271 1447 1344 panni
1481 1285 1661 1330 mensurare

396 1383 564 1454 presumat,
588 1379 667 1436 etsi
690 1377 729 1435 de
751 1378 811 1436 hoc
834 1377 1004 1451 excederet,
1032 1394 1169 1452 pannum
1192 1383 1223 1436 et
1246 1377 1341 1436 telam
1364 1377 1518 1438 ammitat.

503 1483 588 1556 Item,
611 1498 705 1558 super
727 1498 788 1542 una
812 1481 899 1542 sunta
923 1499 977 1542 seu
1001 1484 1117 1542 talento
1140 1485 1210 1557 olei,
1233 1498 1295 1542 non
1317 1483 1390 1559 plus
1412 1483 1472 1541 nisi
1500 1483 1578 1541 duos
1609 1482 1661 1541 de·

396 1591 499 1649 uarios
533 1604 591 1664 pro
627 1595 769 1666 tempore
802 1595 959 1648 currentes
993 1591 1109 1650 lucrari
1134 1590 1242 1666 possit,
1268 1591 1327 1649 sub
1358 1589 1558 1648 ammissione
1583 1590 1662 1648 eius·

398 1697 470 1754 dem
493 1696 566 1755 olei.

502 1802 588 1874 Item,
612 1801 753 1876 pistrices
776 1817 895 1876 panum
918 1817 1012 1876 super
1028 1817 1125 1861 unum
1140 1803 1292 1861 eubulum
1309 1799 1465 1874 frumenti,
1481 1817 1542 1860 non
1560 1802 1659 1875 magis

397 1909 455 1967 uisi
490 1907 693 1980 quadraginta
725 1907 875 1980 denarios
899 1905 1034 1966 furfures
1066 1907 1261 1979 includendo,
1295 1907 1411 1966 lucrari
1445 1907 1579 1968 valeant.
1616 1907 1661 1965 Ita

399 2013 483 2087 quod
495 2013 636 2087 quelibet
648 2011 828 2071 earumdem
840 2012 996 2071 fornacem
1013 2015 1139 2088 habens,
1155 2015 1309 2091 precellos
1321 2015 1435 2088 pistare
1451 2019 1481 2072 et
1496 2013 1661 2072 duodecim

398 2119 551 2193 precellos
575 2133 632 2193 pro
654 2133 715 2176 uno
739 2133 869 2177 nummo
892 2136 946 2178 seu
970 2119 1096 2180 denario
1120 2119 1194 2179 dare
1217 2125 1364 2191 teneatur,
1396 2136 1456 2194 que
1479 2120 1589 2178 sinon
1613 2119 1661 2194 pi-

398 2225 534 2296 starerit,
558 2229 630 2282 tunc
653 2225 793 2298 quelibet
816 2225 928 2284 talium
949 2226 980 2284 in
1003 2225 1069 2284 LX.
1093 2225 1226 2284 denariis
1249 2227 1456 2285 convincetur.

503 2331 589 2403 item,
613 2331 746 2404 quilibet
768 2337 854 2388 sutor
876 2347 973 2389 unum
997 2347 1055 2405 par
1078 2331 1263 2390 sotularIum
1287 2332 1441 2390 maiorum
1464 2345 1522 2406 pro
1547 2345 1662 2389 merce·

398 2439 491 2496 nariis
514 2439 756 2518 necessariorum
780 2454 837 2513 pro
861 2439 1021 2496 decentet
1055 2444 1124 2497 octo
1155 2438 1303 2507 denariis;
1337 2439 1440 2496 miuus
1469 2443 1574 2495 autem
1605 2453 1663 2511 par

398 2544 582 2602 sotularium
604 2559 663 2617 pro
686 2545 921 2618 quatuordecim
956 2545 1098 2617 denariis,
1121 2559 1182 2602 non
1205 2544 1315 2618 carius,
1338 2543 1471 2602 vendere
1495 2547 1661 2618 presumat

502 2651 562 2708 Pro
586 2651 840 2709 circumsuicione
864 2667 939 2710 vero
962 2652 1162 2724 antiquorum
1185 2650 1361 2708 calceorum
1392 2665 1447 2708 seu
1477 2647 1661 2707 sotularium

397 2771 458 2814 non
483 2756 554 2830 plus
577 2757 636 2814 nisi
659 2763 721 2814 tres
744 2732 887 2816 denarios
910 2759 1049 2832 recipere
1071 2757 1191 2814 debeat.

504 2863 565 2922 Ubi
599 2877 674 2921 vero
709 2869 797 2921 sutor
830 2878 912 2922 nova
943 2865 1045 2938 capita
1068 2867 1099 2920 et
1121 2862 1261 2920 subsolia
1284 2876 1340 2919 sua
1363 2861 1492 2936 propria
1515 2861 1568 2918 uni
1592 2875 1662 2919 con-

396 2976 506 3040 sueret,
541 2969 777 3042 quatuordecim
811 2969 954 3029 denarios
989 2969 1117 3043 recipiat
1151 2969 1210 3027 sub
1245 2968 1443 3026 ammissione
1476 2966 1664 3025 sotularium

398 3074 618 3149 predictorum.

506 3181 592 3252 Item,
615 3182 793 3256 piscatores,
817 3183 916 3255 pisces
940 3182 1052 3241 crudos
1075 3182 1106 3240 iu
1129 3197 1223 3239 curru
1253 3181 1440 3240 adducentes
1464 3181 1495 3239 in
1518 3181 1664 3240 domibus

397 3285 552 3360 deponere
574 3301 635 3345 nou
660 3291 885 3360 presummant,
909 3288 967 3345 nisi
991 3289 1023 3346 in
1039 3287 1107 3346 soro
1122 3287 1232 3346 stando
1248 3304 1346 3362 usque
1362 3287 1501 3346 triduum
1518 3288 1661 3348 vendant.

397 3392 459 3465 Qui
482 3407 557 3450 vero
580 3393 611 3450 in
635 3392 772 3467 pondere
795 3400 962 3467 portarent,
988 3395 1065 3452 tales
1088 3410 1186 3468 usque
1209 3394 1336 3468 pulsum
1368 3409 1479 3467 magne
1511 3409 1661 3469 campane

397 3499 428 3556 in
452 3497 706 3572 Quadragesima,
730 3499 799 3556 aliis
822 3505 926 3557 autem
950 3500 1144 3574 temporibus
1175 3500 1255 3558 insra
1286 3501 1460 3572 meridiem,
1486 3501 1660 3559 vendicioni

399 3619 554 3678 exponere
577 3611 744 3662 teneantur.

505 3711 604 3768 Pisces
628 3717 741 3781 autern,
766 3689 819 3783 qui
842 3713 1046 3770 remanserint
1068 3713 1152 3770 ultra
1175 3719 1299 3787 tempus
1331 3713 1517 3787 predictum,
1549 3713 1664 3771 talibus

398 3816 535 3890 piscibus
558 3815 691 3873 decanus
713 3813 888 3890 juratorum
912 3833 969 3892 per
993 3833 1158 3890 preconem
1189 3820 1420 3878 communitatis
1452 3819 1566 3878 caudas
1600 3835 1665 3876 am·

398 3923 501 3996 putari
525 3921 626 3980 facere
649 3927 795 3980 teneatur.

503 4029 589 4099 Item,
612 4027 789 4087 venditores
813 4043 1003 4100 cancrorum,
1027 4029 1065 4088 de
1089 4033 1207 4090 cancris
1231 4031 1403 4089 maioribus
1427 4029 1601 4103 duodecim,
1626 4029 1665 4088 de

400 4133 575 4192 minoribus
599 4149 674 4192 vero
697 4135 821 4192 XXIIII.
846 4149 903 4209 pro
927 4150 989 4193 uno
1016 4135 1141 4194 denario
1165 4136 1239 4194 dare
1262 4142 1423 4196 teneantur
1446 4144 1477 4194 et
1499 4136 1590 4195 aliter
1621 4135 1666 4194 ia·

399 4239 512 4298 cientes
536 4240 662 4298 eosdem
687 4256 813 4298 cancros
836 4241 1022 4300 ammittant.

503 4347 579 4406 Item
604 4349 772 4422 piscatores
795 4349 826 4405 in
850 4348 982 4418 civitate,
1006 4349 1175 4407 residentes
1199 4350 1317 4408 exista
1342 4357 1430 4424 parte
1453 4349 1539 4408 fluvii
1564 4349 1662 4421 Zawe,

397 4453 497 4528 pisces
521 4455 580 4511 sub
603 4455 801 4512 ammissione
826 4453 1007 4512 eorumdem
1041 4455 1175 4530 piscium
1206 4471 1309 4513 emere
1339 4471 1401 4514 non
1432 4459 1662 4529 presummant;

397 4559 450 4618 sed
474 4561 602 4634 ipsimet
632 4575 767 4634 quorum
797 4567 876 4632 sunt,
907 4560 1033 4618 eosdem
1064 4562 1221 4635 inportent
1256 4567 1287 4620 et
1309 4562 1467 4637 inportare
1491 4567 1661 4621 teneantur.

503 4665 589 4736 Item,
613 4667 768 4740 penestice
791 4682 889 4740 usque
913 4666 1077 4726 meridiem
1098 4667 1202 4725 nullas
1232 4683 1282 4726 res
1317 4682 1487 4742 conparare
1520 4667 1662 4740 debeant,

397 4773 447 4844 ita,
472 4771 556 4845 quod
581 4772 669 4846 prius
693 4773 776 4831 cives
798 4789 855 4846 per
877 4789 910 4830 se
933 4773 985 4830 vel
1009 4789 1117 4832 eornm
1142 4773 1284 4833 homines
1306 4775 1439 4834 debeant
1462 4773 1600 4833 forizare.
1630 4773 1665 4832 Si

397 4885 500 4936 autern
523 4879 630 4953 aliqua
653 4895 761 4938 earum
785 4879 938 4953 premissa
961 4880 1237 4954 transgrederetur,
1263 4881 1333 4939 talis
1356 4882 1511 4956 penestica
1542 4895 1575 4939 re
1607 4895 1663 4955 per

397 5001 466 5042 eam
489 4992 595 5060 empta
620 5002 676 5060 per
700 4983 818 5061 juratos
842 4985 995 5059 privetur.
