3764 5924
638 561 711 620 Doc.
728 573 805 638 392.
832 593 869 604 -
894 561 951 619 An.
973 557 1068 638 1498.

808 769 894 838 392.

323 913 404 964 Auno
425 913 491 976 1498
521 925 562 975 24.
576 912 701 976 Augusti.
719 912 816 962 Budas.

227 1039 399 1111 Vlodr'slous,
421 1041 597 1114 Hongorrbe
619 1055 665 1100 etc.
689 1058 752 1110 rex,
774 1040 902 1096 omnibus
924 1039 1064 1097 nobilibus
1086 1047 1115 1097 et
1134 1041 1380 1098 communitatibus
1402 1060 1484 1098 man·

371 1146 473 1204 datae
495 1165 514 1203 a
536 1146 645 1204 civibus
666 1146 783 1219 nogrob.
798 1153 859 1220 pro
881 1163 970 1204 merce
992 1146 1130 1204 tributum
1145 1154 1239 1219 porro
1260 1155 1370 1221 cogant.

916 1283 1072 1334 Commissio
1091 1284 1196 1348 propria
1215 1284 1313 1336 domini
1331 1286 1408 1350 regis.

322 1431 516 1492 Wladislaus
548 1431 598 1491 dei
628 1432 732 1505 gracia
754 1446 810 1490 rex
840 1431 998 1505 Hungarie
1020 1435 1051 1489 et
1073 1429 1221 1490 Bohemie
1243 1437 1300 1488 etc.
1325 1429 1485 1490 Fidelibus

219 1540 334 1599 nostris
360 1539 511 1598 universis
534 1545 565 1596 et
587 1537 718 1612 singulis
734 1537 871 1612 prelatis,
895 1535 1073 1608 baronibus,
1097 1537 1272 1610 comitibus,
1295 1535 1482 1608 castellanis,

216 1646 386 1717 nobilibus,
409 1645 612 1718 ipsorumque
643 1641 849 1714 officialibus;
872 1642 948 1700 item
970 1641 1157 1714 civitatibus,
1181 1641 1307 1716 oppidis
1330 1647 1361 1702 et
1384 1641 1481 1713 villis,

217 1751 463 1826 earumdemque
484 1750 667 1820 rectoribus,
689 1747 845 1826 judicibus
868 1747 987 1806 scilicet
1009 1752 1040 1806 et
1062 1747 1186 1819 villicis,
1208 1762 1328 1806 necnon
1351 1747 1481 1805 tributa·

218 1859 274 1918 riis
296 1874 332 1916 ac
366 1858 557 1917 tributorum
590 1861 621 1915 et
654 1856 864 1915 theloniorum
895 1853 1093 1913 exactoribus
1123 1855 1162 1911 et*
1176 1853 1324 1912 omnibus
1346 1853 1480 1911 subditis

217 1964 341 2034 nostris,
364 1969 522 2038 presentes
545 1962 668 2034 visuris,
696 1961 830 2020 salutern
854 1966 885 2019 et
906 1959 1056 2034 graciam.
1081 1957 1161 2017 Cum
1184 1957 1259 2035 justi
1281 1973 1341 2034 pro
1363 1958 1485 2018 iniustis

217 2075 248 2128 et
268 2069 386 2128 innoxii
420 2083 478 2142 pro
512 2082 639 2128 reorum
664 2067 842 2126 excessibus
864 2081 928 2126 non
952 2065 1086 2124 debeant
1108 2065 1304 2140 aliquatenus
1327 2064 1482 2140 impediri,

216 2175 287 2234 ideo
309 2173 517 2233 fidelitatibus
540 2175 652 2232 vestris
675 2181 706 2232 et
728 2172 895 2231 cuiuslibet
915 2177 1055 2231 vestrum
1079 2171 1158 2230 serie
1180 2172 1376 2245 presencium
1397 2172 1485 2243 stric-

215 2281 333 2340 tissime
364 2278 557 2352 mandamus,
593 2284 744 2354 quatenus
777 2278 854 2338 dnm
884 2285 914 2337 et
946 2277 1230 2351 quocienscumque
1251 2276 1362 2336 fideles
1384 2277 1485 2335 nostri

217 2385 386 2464 prudentes
410 2390 441 2445 et
463 2385 680 2459 circumspecti
695 2383 790 2460 judex
813 2391 843 2443 et
864 2382 966 2460 jurati,
987 2383 1143 2457 ceterique
1166 2385 1250 2442 cives
1273 2389 1303 2442 et
1326 2383 1481 2442 inhabita·

217 2499 299 2552 tores
322 2492 456 2551 civitatis
478 2497 584 2550 nostre
606 2491 814 2564 zagrabiensis
837 2491 951 2548 montis
981 2487 1143 2548 Grecensis
1166 2489 1218 2548 vel
1241 2489 1356 2564 aliquis
1371 2503 1482 2547 eorum

216 2600 283 2658 sive
320 2599 503 2669 servitores,
542 2597 746 2670 hominesque
781 2603 811 2654 et
848 2595 1019 2654 familiares
1057 2595 1249 2667 eorumdem,
1272 2595 1484 2670 presencium

216 2704 334 2762 scilicet
356 2703 554 2775 exhibitores,
577 2717 649 2760 cum
682 2702 777 2760 rebus
819 2706 849 2759 et
883 2701 1040 2759 mercibus
1078 2701 1220 2775 ipsorum
1254 2700 1378 2760 diversa
1414 2701 1485 2760 loca

217 2810 304 2883 regui
326 2809 424 2868 nostri
447 2809 613 2866 lustrantes
635 2806 674 2866 ad
698 2812 816 2865 vestras
839 2812 945 2877 terras,
968 2811 1081 2878 tenuta,
1101 2808 1318 2880 possessiones,
1341 2808 1484 2879 honores,

216 2913 403 2976 officiolatus
436 2919 490 2972 aut
517 2914 613 2972 vestri
633 2913 665 2972 in
688 2911 826 2972 medium
849 2911 904 2970 sed
927 2921 958 2972 et
987 2912 1186 2985 tributorum,
1209 2913 1482 2986 theloniorumque

217 3025 392 3080 vestrorum
409 3019 479 3078 loca
491 3018 697 3094 pervenerint,
720 3018 806 3092 ipsos
828 3017 869 3076 ad
884 3017 1068 3092 quorumvis
1083 3018 1265 3078 instanciam
1286 3019 1318 3078 iu
1340 3018 1481 3092 personis

216 3125 353 3186 iudicare
383 3126 435 3184 vel
458 3140 533 3186 vero
556 3130 656 3185 astare
687 3122 837 3200 judicatui
859 3123 1059 3198 compellere,
1084 3139 1195 3198 resque
1217 3129 1248 3182 et
1267 3125 1377 3200 quevis
1399 3124 1482 3185 bona

217 3232 358 3305 ipsorum
382 3231 627 3293 mercimonialia
658 3237 793 3289 arestare
827 3245 881 3288 seu
904 3229 1067 3306 prohiberi
1089 3228 1198 3300 iacere,
1220 3229 1401 3304 permittere
1432 3245 1485 3288 ue·

217 3352 373 3415 quaquam
398 3337 615 3412 presummatis
630 3351 686 3396 nec
700 3335 767 3394 sitis
783 3336 850 3394 ausi
862 3335 957 3394 modo
972 3336 1111 3410 aliquali
1123 3336 1279 3409 signanter
1294 3351 1352 3418 pro
1361 3336 1484 3408 debitis,

218 3441 338 3505 dilectis
361 3458 414 3500 seu
437 3443 613 3502 excessibus
643 3441 786 3500 aliorum
809 3439 842 3500 Si
864 3441 919 3518 qui
941 3442 1021 3500 enim
1040 3448 1326 3516 quantumcumque
1348 3441 1483 3502 accionis

217 3557 324 3608 contra
346 3554 508 3610 annotatos
544 3548 628 3608 cives
660 3553 783 3608 nostros
816 3553 870 3606 aut
903 3547 1042 3622 aliquem
1082 3564 1121 3608 ex
1161 3549 1238 3624 ipsis
1275 3549 1392 3608 habent
1431 3547 1484 3608 vel

218 3655 392 3727 habuerint,
422 3655 468 3714 hii
490 3653 523 3713 id
546 3655 578 3713 in
597 3654 755 3728 presencia
776 3651 888 3730 judicis
911 3661 942 3712 et
964 3651 1140 3729 juratorum
1163 3655 1284 3713 civium
1299 3653 1382 3714 dicte
1404 3654 1482 3713 civi·

219 3762 291 3820 tatis
312 3768 436 3819 nostrae
460 3760 574 3818 montis
586 3759 748 3819 Grecensis
771 3767 1007 3834 prosequantur.
1031 3759 1077 3820 Ex
1105 3765 1194 3835 parte
1217 3776 1359 3833 quorum
1384 3760 1481 3819 iidem

222 3867 307 3925 omni
332 3866 509 3941 querulanti
533 3867 613 3924 meri
634 3863 711 3941 juris
733 3871 763 3924 et
785 3866 906 3924 iusticie
929 3881 965 3924 ac
986 3866 1091 3925 debite
1106 3866 1328 3926 satisfaccionis
1344 3866 1484 3940 comple·

223 3978 364 4030 mentum
388 3971 579 4030 exhibebunt
601 3977 696 4046 prout
718 3971 848 4030 dictabit
878 3971 957 4030 ordo
986 3969 1071 4048 juris.
1109 3973 1295 4046 Propterea,
1319 3973 1392 4046 quia
1422 3971 1484 4046 ipsi

226 4078 319 4148 cives,
342 4077 515 4152 populique
538 4083 568 4135 et
597 4077 736 4152 hospites
766 4076 887 4152 pretate
917 4078 1084 4138 civatitatis
1107 4083 1213 4138 nostre
1235 4078 1362 4153 antiqua
1384 4077 1481 4136 liber·

224 4183 295 4241 tatis
319 4199 428 4242 eorum
459 4183 658 4263 prerogativa
689 4199 746 4258 per
776 4182 867 4244 divos
898 4198 986 4258 reges
1019 4183 1186 4257 Hungarie,
1217 4189 1340 4244 nostros
1364 4183 1482 4242 scilicet

220 4303 453 4362 prececessores,
476 4288 553 4361 ipsis
583 4289 722 4362 graciose
752 4303 904 4361 concessa,
935 4289 1120 4362 requirente,
1143 4304 1162 4347 a
1185 4289 1345 4348 solucione
1378 4289 1481 4347 cuius·

219 4394 295 4452 libet
318 4394 435 4466 tributi,
459 4399 524 4451 tam
545 4393 585 4452 de
607 4397 748 4468 personis
770 4395 916 4470 propriis,
940 4409 1036 4468 quam
1051 4396 1149 4458 eciam
1165 4394 1205 4453 de
1226 4395 1320 4453 rebus
1345 4393 1484 4453 ethonis

218 4501 281 4558 suis
304 4499 601 4559 mercimonialibus
622 4501 691 4559 fieri
714 4500 856 4559 debenda
877 4500 1015 4574 exempti
1030 4505 1060 4558 et
1082 4501 1209 4558 liberati
1232 4515 1299 4558 esse
1322 4498 1483 4570 dicuntur;

218 4605 288 4664 ideo
311 4607 402 4664 vobis
425 4605 598 4666 tributariis
620 4607 734 4682 nostris
756 4606 811 4666 sed
832 4613 863 4665 et
882 4607 1019 4665 aliorum
1042 4621 1313 4681 quorumcumque
1336 4606 1369 4665 in
1391 4606 1483 4665 terris

218 4717 249 4770 et
278 4727 373 4785 super
399 4727 497 4785 aquas
527 4711 662 4770 ubilibet
695 4713 868 4777 constitutis
901 4717 932 4772 et
963 4713 1166 4771 existentibus
1189 4711 1346 4771 similibus
1371 4713 1482 4770 nostris

218 4817 312 4892 regiis
344 4818 456 4878 damus
486 4813 519 4878 in
550 4817 713 4890 mandatis,
744 4823 896 4892 quatenus
917 4834 935 4876 a
958 4817 1087 4892 prefatis
1110 4819 1231 4877 civibus
1255 4824 1285 4877 et
1306 4818 1483 4892 hospitibus

216 4917 380 4983 nostriset
402 4923 610 4983 familiaribus
633 4925 783 4998 ipsorum,
805 4939 924 4982 necnon
946 4924 1040 4983 rebus
1063 4931 1094 4984 et
1116 4925 1273 4984 mercibus
1295 4923 1481 4984 eorumdem

218 5031 343 5089 nullum
374 5031 537 5104 tributum,
566 5030 730 5092 nullamve
761 5031 959 5089 tributariam
993 5031 1187 5090 solucionem
1217 5035 1325 5089 contm
1347 5029 1482 5088 sormam

1379 5131 1396 5170 it
