3930 5802
726 606 798 666 Doc.
821 601 890 683 136.
915 639 955 648 -
979 605 1035 664 An.
1060 619 1150 684 1443·
1506 623 1565 684 ¹93

304 827 339 878 ut
361 822 430 896 ipsa
453 823 564 881 totales
598 824 748 882 sessiones
771 837 842 880 suas
875 837 1006 880 numero
1029 828 1099 894 tres,
1134 822 1303 881 simulcum
1326 839 1380 880 sex
1404 819 1565 897 jugeribus
1640 871 1647 903 .-

303 943 357 986 seu
381 927 471 986 dietis
491 929 523 986 in
554 945 666 1003 campo
701 935 732 987 et
766 929 922 986 territorio
945 929 1078 987 civitatis
1113 927 1233 1002 prefate
1267 930 1299 987 in
1322 927 1400 986 villa
1423 927 1568 987 videlicet

234 1015 240 1024 ⁸
304 1033 460 1107 Pobresya
482 1035 563 1092 inter
586 1034 796 1109 possessiones
819 1049 874 1091 seu
897 1033 1047 1091 sessiones
1077 1031 1289 1108 jobagionales
1319 1033 1492 1092 liberorum
1514 1049 1567 1092 seu

302 1154 516 1198 successorum
540 1139 602 1198 viri
625 1139 756 1197 condam
787 1138 913 1212 providi
936 1143 966 1196 et
997 1138 1118 1196 honesti
1153 1139 1312 1197 Michaelis
1347 1139 1424 1196 olim
1458 1139 1567 1198 iudicis

303 1249 333 1303 et
355 1247 492 1303 concivis
514 1247 620 1316 nostri,
644 1245 703 1303 filii
726 1244 906 1316 Sebastiam,
927 1245 1086 1317 utrimque
1108 1245 1230 1302 habitas
1252 1251 1282 1302 et
1298 1245 1472 1317 existentes,
1489 1245 1567 1304 alias

305 1350 514 1424 Banatelleky,
536 1367 607 1409 curn
630 1352 705 1426 ipsis
740 1367 793 1408 sex
817 1350 975 1424 iugeribus
998 1366 1052 1408 seu
1087 1350 1177 1409 dietis
1200 1357 1281 1409 terre
1303 1350 1400 1423 vulgo
1423 1350 1567 1409 Zadwor·

304 1472 398 1529 nycze
433 1457 524 1515 dictis
559 1457 730 1531 appelatos.
765 1472 801 1514 ac
824 1457 922 1514 eciam
957 1456 1108 1530 quasdam
1142 1463 1240 1514 terras
1275 1471 1346 1514 suas
1377 1457 1512 1515 arabiles
1535 1459 1567 1515 in

303 1564 413 1622 eodem
437 1580 549 1639 campo
574 1571 606 1622 et
640 1565 796 1622 territorio
832 1563 964 1620 civitatis
988 1562 1107 1637 prefate
1141 1565 1225 1621 iuxta
1259 1563 1432 1637 predictam
1454 1563 1566 1620 villam

306 1655 629 1743 Pobresye'vocatam
654 1671 685 1728 in
709 1671 866 1728 vicinitate
889 1675 1043 1727 terrarum
1066 1669 1239 1727 liberorum
1270 1685 1324 1726 seu
1354 1684 1565 1727 successorum

303 1775 437 1834 condam
459 1777 608 1860 Johannis
631 1776 772 1850 Graczyn
795 1781 825 1834 et
848 1777 1021 1834 liberorum
1045 1776 1189 1835 similiter
1215 1791 1268 1834 seu
1292 1790 1506 1833 successorum
1529 1791 1565 1834 ac

301 1883 451 1940 heredum
473 1883 606 1941 condam
621 1884 735 1940 Donati
751 1883 789 1940 de
806 1884 916 1952 Meczo,
939 1881 1037 1954 vulgo
1052 1880 1277 1954 Zadwornycze
1293 1880 1455 1952 dictarum,
1472 1897 1566 1955 penes

301 1989 386 2046 viam
409 2003 607 2048 communem
633 1989 672 2048 ad
685 1995 812 2064 portum
828 1989 999 2046 liberorum
1020 1987 1151 2046 condam
1167 1987 1312 2060 Ladislai,
1328 1988 1388 2046 filii
1407 1987 1566 2071 Johannis‚

302 2093 340 2152 de
369 2093 478 2168 Chehy
510 2096 683 2167 ducentem,
717 2095 849 2164 habitas,
887 2096 978 2152 certis
1011 2095 1106 2166 signis
1130 2095 1301 2152 metalibus
1320 2094 1513 2166 consignatas
1536 2099 1566 2151 et

302 2201 402 2258 eciam
425 2201 503 2259 alias
526 2207 625 2260 terras
646 2216 717 2260 suas
741 2201 885 2259 similiter
915 2201 1049 2258 arabiles
1080 2202 1159 2258 inter
1193 2205 1290 2258 terras
1314 2201 1487 2258 liberorum
1510 2215 1564 2256 seu

300 2321 514 2366 successorum
545 2308 678 2367 condam
713 2308 812 2380 Petri,
847 2306 921 2365 dicti
955 2307 1086 2378 Nobilis,
1122 2307 1199 2364 olim
1233 2307 1368 2365 concivis
1402 2305 1500 2362 nostri
1535 2311 1565 2363 et

302 2413 472 2486 quemdam
495 2421 633 2472 meatum
658 2429 737 2488 aque
760 2413 920 2488 pluvialis,
942 2413 1167 2486 Chogoynycza
1189 2412 1393 2486 appellatum,
1416 2425 1452 2468 ac
1486 2410 1564 2470 duas

300 2519 368 2577 vias
399 2535 581 2580 communes
616 2522 788 2592 existentes,
826 2533 945 2578 necnon
968 2519 1045 2576 alias
1075 2519 1218 2576 similiter
1254 2524 1352 2575 terras
1374 2532 1445 2574 suas
1467 2517 1562 2575 modo

299 2625 395 2684 simili
418 2627 561 2700 arabiles,
584 2627 702 2686 ibidem
725 2627 758 2684 in
780 2626 925 2700 opposito
949 2624 1031 2683 ultra
1054 2626 1140 2682 viam
1163 2623 1343 2682 earumdem
1366 2629 1519 2682 terrarum
1545 2639 1563 2682 a

299 2739 388 2806 parte
411 2733 563 2806 orientali,
587 2734 667 2792 inter
689 2738 786 2792 terras
812 2731 944 2790 condam
967 2731 1141 2788 liberorum
1164 2747 1217 2788 seu
1239 2744 1450 2787 successorum
1484 2731 1563 2788 olim

300 2840 444 2911 magistri
468 2840 551 2898 Petri
573 2841 709 2910 litterati,
733 2856 751 2896 a
775 2845 862 2912 parte
886 2837 959 2924 dicti
983 2843 1102 2895 meatus
1125 2851 1205 2910 aque
1228 2836 1453 2908 Chogoynycza
1486 2852 1561 2894 nun·

300 2951 411 3018 cupate
436 2953 465 3002 et
501 2947 673 3004 liberorum
708 2945 911 3003 consimiliter
944 2960 997 3000 seu
1032 2957 1243 3000 successorum
1277 2940 1408 3000 condam
1432 2941 1561 3014 Vrbani,

299 3047 374 3106 dicti
408 3050 596 3122 Hansethyn,
632 3049 709 3107 olim
743 3050 885 3107 similiter
919 3049 1017 3106 nostri
1051 3049 1194 3118 concivis,
1225 3053 1255 3105 et
1289 3046 1366 3104 duas
1387 3047 1454 3104 vias
1477 3062 1561 3105 com·

300 3168 410 3211 munes
433 3155 464 3212 in
487 3170 598 3229 campo
620 3161 726 3212 nostro
749 3155 928 3228 supradicto
949 3155 1023 3212 sitas
1046 3153 1083 3211 ad
1116 3153 1274 3227 predictas
1297 3155 1445 3211 sessiones
1469 3153 1558 3230 joba·

298 3260 438 3330 gionales
462 3268 491 3318 et
514 3263 581 3335 ipsa
614 3278 668 3318 sex
699 3259 807 3336 jugera
840 3269 921 3318 terre
945 3276 1070 3333 semper
1103 3267 1133 3317 et
1165 3260 1205 3316 ab
1229 3261 1356 3333 antiquo
1380 3259 1418 3317 de
1441 3258 1508 3334 jure
1529 3269 1560 3318 et

300 3365 452 3438 legittime
486 3373 659 3441 spectantes
694 3373 726 3425 et'
749 3369 940 3442 pertinentes,
965 3369 1066 3441 ipsam
1101 3367 1218 3424 scilicet
1241 3367 1369 3423 Elenam
1393 3366 1558 3424 mulierem

297 3471 458 3545 aprelato
480 3473 619 3556 Johanne
642 3475 791 3544 institore,
815 3475 920 3547 priore
957 3473 1102 3531 videlicet
1136 3472 1263 3530 domino
1297 3477 1327 3529 et
1363 3448 1475 3530 marito
1500 3489 1558 3530 suo

296 3577 458 3650 legittimo,
480 3587 551 3652 post
581 3581 702 3637 obitum
725 3581 822 3654 ipsius
857 3578 924 3654 jure
960 3578 1147 3638 hereditario
1180 3579 1265 3636 iuxta
1299 3579 1396 3651 ipsius
1427 3579 1559 3637 civitatis

296 3685 456 3758 antiquam
491 3683 743 3743 consvetudinem
769 3695 798 3742 et
821 3685 1053 3759 privilegiatam
1077 3685 1261 3755 libertatern,
1285 3685 1407 3741 nemine
1437 3685 1558 3758 penitus

293 3791 530 3864 contradicente,
546 3793 604 3850 rite
624 3797 654 3850 et
669 3792 821 3865 legittime
838 3799 1062 3861 concernentes,
1076 3789 1243 3847 simulcum
1259 3791 1404 3848 omnibus
1420 3791 1558 3863 ipsarum

295 3897 389 3954 trium
413 3899 583 3955 sessionum
600 3913 726 3955 suarum
742 3896 987 3972 jobagionalium
1003 3913 1039 3954 ac
1055 3895 1208 3954 dictarum
1231 3911 1285 3952 sex
1309 3893 1452 3969 jugerum
1469 3903 1557 3968 terre,

293 4017 411 4060 necnon
456 4003 596 4076 ipsarum
632 4004 766 4060 aliarum
801 4009 955 4061 terrarum
991 4003 1158 4060 arabilium
1194 4001 1395 4072 utilitatibus,
1429 4000 1557 4077 juribus,

293 4109 408 4179 usibus,
439 4109 675 4182 integritatibus,
711 4109 975 4167 fructuositatibus
1010 4115 1040 4165 et
1074 4109 1271 4182 pertinenciis
1305 4109 1458 4165 universis
1489 4109 1557 4166 viro

293 4215 439 4272 similiter
461 4215 594 4289 provido
618 4215 772 4273 Clementi
807 4215 952 4286 carnifici,
988 4214 1055 4272 filio
1095 4213 1261 4285 Michaelis,
1293 4214 1412 4271 concivi
1443 4221 1557 4285 nostro,

293 4317 409 4378 decano
429 4321 579 4379 moderno
601 4322 756 4379 colendini
777 4321 1034 4379 confraternitatis
1058 4320 1246 4391 carnificum,
1270 4335 1306 4377 ac
1328 4336 1384 4393 per
1399 4335 1471 4377 eum
1494 4321 1557 4378 suis
1614 4305 1618 4319 ‘

295 4426 464 4484 heredibus
487 4443 545 4502 pro
568 4428 716 4486 tredecim
741 4428 863 4486 ssorenis
886 4429 954 4485 auri
985 4443 1041 4501 per
1076 4425 1209 4484 eundern
1232 4426 1425 4484 Clementem
1458 4429 1555 4485 carni-

293 4531 385 4590 ficem
409 4533 528 4607 prefate
551 4535 645 4592 Elene
669 4535 803 4604 mulieri,
827 4541 921 4607 prout
943 4535 1076 4607 ipsamet
1107 4533 1197 4592 nobis
1228 4533 1344 4604 retulit,
1372 4531 1437 4608 jam
1460 4533 1551 4606 plene

293 4639 468 4712 persolutis,
493 4641 689 4711 vendidisset,
713 4641 860 4698 immoex
883 4653 1032 4697 consensu
1055 4643 1119 4696 tam
1136 4638 1248 4712 prelati
1268 4639 1395 4712 Georgii
1420 4639 1549 4712 clientis,

293 4743 412 4803 domini
435 4745 580 4804 videlicet
603 4753 633 4804 et
657 4747 761 4804 mariti
784 4747 832 4804 sui
855 4747 1009 4819 legittimi,
1026 4761 1120 4819 quam
1134 4747 1308 4804 vicinorum
1332 4745 1553 4818 predictorum,

291 4850 432 4910 vendidit
455 4866 560 4910 coram
583 4854 674 4910 nobis
697 4850 765 4927 jure
788 4859 940 4926 perpetuo
964 4857 994 4909 et
1015 4852 1263 4909 irrevocabiliter
1298 4851 1500 4925 possidendas
1523 4856 1553 4909 et

292 4957 585 5031 quomodocumque
622 4959 775 5016 voluerint
812 4958 1018 5032 disponendas
1051 4957 1138 5033 juxta
1176 4959 1388 5017 condicionem
1418 4959 1552 5016 civitatis

293 5069 451 5135 prenotate
482 5064 522 5121 ab
553 5065 680 5137 antiquo
715 5065 931 5139 approbatam.
956 5065 988 5122 ln
1024 5066 1111 5123 cuius
1134 5065 1179 5122 rei
1212 5067 1403 5136 memoriam,
1425 5064 1553 5122 firmita-

1458 5187 1492 5243 ¹3
