3930 5802
729 553 801 610 Doc.
827 565 895 628 ¹24·
918 585 961 594 -
985 551 1042 608 An.
1066 563 1156 628 1439·
1505 565 1560 621 171

298 769 495 846 pertinenciis
517 773 547 827 et
566 767 761 840 utilitatibus,
784 767 875 826 terris
898 767 1017 826 scilicet
1040 765 1223 842 arabilibus,
1246 766 1338 824 cultis
1369 770 1398 823 et
1432 764 1566 836 incultis,

298 877 391 950 agris,
414 875 520 951 pratiS,
542 875 639 946 silvis,
662 875 851 946 nemoribus,
875 874 1030 946 virgultis,
1053 874 1180 943 rubetis,
1205 873 1302 947 aquis,
1323 871 1433 944 fluviiS,
1457 870 1565 942 vineis,

299 981 486 1041 molendinis
519 985 550 1039 et
583 981 660 1040 locis
693 979 954 1051 molendinorum,
988 995 1105 1038 necnon
1127 978 1256 1054 juribus,
1280 975 1561 1054 jurisdiccionibus,

298 1087 512 1163 proventibus,
548 1085 723 1145 redditibus
758 1093 788 1144 et
822 1085 1041 1144 emolumentis
1076 1091 1105 1144 et
1139 1084 1325 1158 generaliter
1355 1082 1567 1157 quarumlibet

298 1195 469 1254 utilitatum
492 1199 522 1252 et
548 1193 812 1268 pertinenciarum
834 1192 1063 1266 integritatibus
1093 1205 1291 1265 quocumque
1324 1189 1448 1248 nomine
1482 1188 1567 1247 voci·

299 1301 372 1358 tatis
395 1299 435 1358 ad
457 1300 541 1374 ipsas
564 1299 773 1372 possessiones
796 1313 832 1354 ac
854 1298 1035 1372 porcionem
1059 1297 1334 1372 possessionariam
1357 1302 1387 1354 et
1410 1295 1563 1354 tributum

299 1406 542 1480 huiusmodique
564 1404 613 1482 jus
636 1412 777 1463 nostrum
800 1405 832 1462 in
855 1403 972 1462 eisdem
995 1405 1139 1463 habiturn
1168 1404 1381 1478 spectantibus
1412 1407 1443 1460 et
1472 1401 1567 1476 perti·

298 1529 371 1572 nere
401 1513 595 1584 debentibus,
627 1513 687 1570 sub
720 1513 785 1570 suis
814 1512 896 1570 veris
920 1511 1010 1569 metis
1033 1517 1064 1569 et
1085 1511 1221 1584 antiquis
1243 1509 1397 1568 limitibus
1417 1523 1456 1566 ex
1478 1511 1562 1564 certa

299 1625 408 1677 nostra
430 1619 560 1677 sciencia
584 1622 613 1676 et
635 1618 741 1675 animo
764 1617 938 1676 deliberato
965 1618 1135 1692 premissis,
1165 1618 1209 1675 sic
1238 1621 1272 1674 ut
1298 1615 1392 1674 nobis
1422 1613 1564 1687 exposita

299 1730 370 1783 sunt
392 1724 553 1796 stantibus,
578 1723 710 1782 antefate
734 1725 861 1782 ecclesie
876 1725 1077 1796 zagrabiensi,
1099 1737 1219 1782 necnon
1240 1722 1333 1780 altari
1348 1725 1451 1778 sancte
1466 1719 1567 1778 crucis

298 1835 460 1905 prenotato
483 1836 513 1888 et
536 1835 761 1904 consequenter
782 1830 896 1888 rectori
918 1829 1058 1888 eiusdem
1073 1829 1182 1888 altaris
1197 1829 1322 1901 suisque
1337 1824 1566 1884 successoribus

298 1937 479 2008 rectoribus,
503 1935 654 2008 dedimus,
679 1935 864 1994 donavimus
887 1939 916 1994 et
939 1935 1135 2006 contulimus,
1151 1935 1249 1992 immo
1274 1933 1392 2005 damus,
1411 1931 1563 1989 donamus

299 2048 329 2100 et
351 2041 540 2100 conferimus
562 2040 630 2117 jure
653 2047 804 2117 perpetuo
828 2047 858 2100 et
892 2041 1140 2100 irrevocabiliter
1171 2039 1385 2115 possidendas,
1417 2036 1563 2096 tenendas

299 2149 418 2222 pariter
448 2153 481 2206 et
511 2148 679 2220 habendas,
714 2148 804 2206 salvo
837 2147 905 2224 jure
933 2149 1043 2220 alieno,
1066 2149 1178 2206 harum
1201 2151 1379 2206 nostrarum
1402 2146 1510 2217 vigore
1533 2147 1564 2201 et

301 2255 478 2313 testimonio
512 2255 689 2314 litterarum
724 2255 886 2312 mediante.
923 2253 1008 2328 Quas
1041 2255 1074 2314 in
1109 2253 1244 2313 formam
1278 2252 1376 2310 nostri
1409 2249 1568 2324 privilegii

298 2361 398 2434 redigi
421 2361 579 2433 faciemus
603 2361 679 2422 dum
703 2362 793 2420 nobis
817 2362 850 2419 in
873 2362 976 2436 specie
992 2361 1106 2420 fuerint
1121 2365 1285 2435 reportate.
1308 2359 1425 2416 Datum
1441 2354 1566 2413 Posonii

298 2467 330 2524 iu
353 2467 431 2526 festo
453 2468 537 2526 beati
560 2469 655 2526 Marci
678 2467 884 2540 ewangeliste.
910 2469 998 2525 Anno
1021 2467 1140 2526 domini
1164 2466 1333 2526 millesimo
1360 2460 1566 2536 quadringen-

298 2574 409 2631 tesimo
432 2575 588 2632 tricesimo
612 2589 702 2632 nono.

404 2710 538 2774 Originale
562 2711 589 2759 in
607 2711 762 2761 membrana.
793 2711 826 2758 Iu
850 2711 966 2760 inferiori
991 2711 1105 2774 margine
1122 2710 1260 2773 vestigium
1279 2709 1397 2773 impressi
1415 2706 1504 2772 sigilli.
1534 2706 1566 2754 Iu

297 2796 392 2848 archiv.
412 2795 472 2848 incl.
492 2799 576 2848 Acad.
596 2797 691 2848 Scient.
711 2797 780 2850 Slav.
798 2799 887 2851 merid.

891 3025 970 3095 124.

404 3138 484 3200 Auno
507 3164 580 3214 1439,
600 3152 623 3203 6.
643 3152 712 3203 maii.
732 3153 846 3203 Posonii.

298 3261 433 3318 Albenus
468 3262 646 3336 Hungariae
678 3270 726 3320 etc.
760 3280 815 3319 rex
849 3263 975 3337 capz'tulo
1009 3262 1149 3320 lasmeusi
1180 3262 1309 3334 mandat,
1343 3269 1377 3320 ut
1409 3263 1566 3337 capitulum

297 3368 415 3441 zagrab.
439 3369 469 3425 iu
492 3369 702 3444 usumfructum
724 3368 900 3427 donatarum
916 3371 1136 3442 possessionum,
1156 3388 1231 3444 quae
1246 3378 1389 3428 vocantur
1402 3370 1566 3444 Kraljevcc,

778 3475 860 3552 Cerje
882 3484 929 3540 etc.
955 3473 1084 3534 inducat.

405 3621 554 3678 Albertus
578 3621 628 3678 dei
651 3622 755 3694 gracia
777 3622 992 3680 Romanorum
1006 3639 1070 3694 rex,
1095 3637 1219 3696 semper
1242 3633 1399 3696 augustus,
1422 3637 1458 3680 ac
1480 3622 1566 3681 Hun-

298 3728 391 3800 garie,
415 3727 569 3800 Bohemie,
592 3728 762 3800 Dalmacie,
787 3727 915 3788 Croacie
938 3735 993 3788 etc.
1017 3747 1073 3788 rex
1098 3735 1127 3788 et
1152 3730 1216 3788 dux
1239 3731 1364 3788 Austrie
1396 3735 1451 3788 etc.
1475 3727 1565 3786 Fide-

298 3834 382 3892 libus
405 3835 519 3893 nostris
542 3835 679 3910 capitulo
703 3835 830 3894 ecclesie
852 3837 1049 3908 ehamensis,
1082 3837 1215 3896 salutem
1250 3843 1280 3895 et
1313 3838 1461 3912 graciam.
1485 3836 1566 3895 Cum

298 3955 354 3998 nos
377 3941 456 3998 serie
472 3945 502 3998 et
517 3941 625 4014 vigore
641 3941 775 3999 aliarum
790 3941 967 4000 litterarum
982 3948 1161 4001 nostrarum
1173 3943 1339 4018 superinde
1356 3943 1566 4002 confectarum

300 4046 470 4121 quamdam
493 4049 721 4121 possessionem
745 4048 928 4120 Kralyowcz
950 4055 1094 4108 vocatam
1124 4065 1160 4108 ac
1182 4052 1363 4124 porcionem
1397 4049 1566 4124 possessio-

298 4155 419 4212 nariam
458 4155 490 4212 in
513 4154 705 4227 possessione
728 4153 843 4227 Czerye
865 4156 1032 4230 appellata,
1054 4157 1203 4228 habitam,
1225 4171 1344 4214 necnon
1358 4157 1512 4214 tributum
1534 4158 1566 4215 in

299 4259 408 4318 eadem
431 4260 547 4332 Czcrye
570 4261 649 4332 exigi
674 4260 811 4333 solitum,
826 4261 900 4319 item
917 4263 993 4320 ahas
1017 4264 1223 4335 possessiones
1238 4261 1415 4336 Kobylyalr,
1429 4262 1566 4336 Zwybye

220 4385 224 4394 ’
299 4371 329 4426 et
359 4366 457 4424 Narth
492 4372 692 4441 nuncupatas,
728 4368 853 4426 omnino
877 4369 909 4426 in
944 4369 1093 4428 comitatu
1127 4370 1320 4442 zagrabiensi
1340 4369 1513 4441 existentes,
1534 4369 1566 4427 in

300 4489 434 4547 quarum
464 4473 595 4548 pacifico
618 4473 756 4533 dominio
781 4475 910 4534 ecclesia
932 4477 1141 4548 zagrabiensis
1165 4482 1194 4534 et
1217 4476 1314 4534 altare
1338 4481 1441 4536 sancte
1464 4476 1565 4534 crucis

299 4582 331 4638 in
354 4580 462 4640 eadem
487 4580 616 4640 ecclesia
636 4587 847 4640 constructum
863 4586 893 4640 et
907 4599 967 4657 per
983 4597 1173 4657 consequens
1187 4588 1291 4640 rector
1305 4583 1437 4657 pretacti
1458 4583 1566 4641 altaris

299 4702 318 4746 a
340 4686 460 4746 dudum
482 4688 661 4762 perstitisse,
685 4689 910 4763 persistereque
927 4693 1106 4747 asseruntur
1121 4690 1220 4748 eciam
1239 4688 1277 4746 de
1302 4690 1446 4764 presenti,
1470 4689 1565 4748 simul

300 4810 371 4852 cum
393 4793 461 4870 jure
483 4799 589 4852 nostro
610 4795 696 4866 regio
720 4795 745 4851 si
769 4795 854 4867 quod
876 4796 908 4853 in
931 4795 1048 4854 eisdem
1083 4796 1329 4868 possessionibus
1352 4811 1388 4852 ac
1419 4796 1565 4869 porcione

300 4901 541 4976 possessionaria
570 4914 689 4958 necnon
713 4901 831 4958 tributo
852 4899 993 4975 predicto
1027 4901 1296 4975 qualitercumque
1318 4902 1512 4973 haberemus,
1535 4906 1566 4960 et

298 5013 437 5067 nostram
458 5007 707 5081 quibuscumque
731 5006 841 5080 modis,
864 5008 964 5068 causis
987 5011 1017 5064 et
1040 5008 1216 5066 raciouibus
1234 5013 1430 5068 concemeret
1453 5009 1563 5066 maies-
