3804 5858
331 666 335 674 .
384 593 445 652 42²
519 651 521 654 Ι
799 573 871 632 Dec.
890 587 965 651 332.
992 607 1028 614 -
1056 568 1226 650 An.1483.

383 789 511 862 aliquod
533 789 566 846 in
581 789 664 847 dicto
679 789 798 863 oppido
820 789 966 860 crisiensi,
989 788 1044 847 sed
1067 803 1167 861 neque
1188 788 1265 846 alias
1287 789 1404 862 inipso
1428 802 1525 861 regno
1541 793 1647 847 nostro

382 893 544 953 Sclauonie
567 895 689 968 exigere
705 895 883 952 hominibus
894 895 956 952 tuis
971 895 1134 967 permittas
1146 899 1176 952 et
1190 909 1291 968 neque
1303 893 1373 952 aliis
1396 894 1646 968 quibuscumque

381 1001 520 1074 permitti
542 999 643 1059 faeere
666 1001 795 1072 debeas;
821 1001 896 1074 quin
918 1001 1026 1075 pocius
1050 999 1176 1058 eosdem
1192 1001 1222 1058 in
1245 1000 1424 1058 huiusmodi
1447 1000 1647 1058 libertatibus

382 1106 573 1178 eorumdem,
595 1112 661 1166 tam
684 1113 789 1165 contra
811 1107 953 1166 homines
976 1111 1046 1165 tuos
1068 1121 1104 1164 ac
1128 1105 1291 1188 prefatum,
1308 1107 1525 1165 Baltbasarem
1548 1111 1579 1164 et
1590 1105 1646 1164 Pe·

381 1217 465 1271 bum
494 1212 639 1287 Bochlray
662 1229 757 1288 quarn
780 1214 879 1272 eciam
909 1213 1047 1272 oficiales
1076 1218 1199 1272 nostros
1230 1219 1259 1271 et
1283 1213 1440 1287 quoslibet
1461 1215 1540 1272 alios
1562 1214 1646 1272 iuxta

381 1319 517 1378 formam
541 1319 692 1394 premisse
714 1325 818 1379 nostre
832 1318 994 1396 judiciarie
1017 1319 1255 1378 deliberacionis
1268 1325 1299 1378 et
1314 1320 1542 1378 commissionis
1557 1320 1644 1390 tueri,

382 1431 546 1500 protegere
570 1431 600 1483 et
635 1439 818 1485 conservare
849 1442 884 1484 ac
917 1425 1126 1500 indempniter
1160 1431 1360 1484 manutenere
1396 1425 1511 1484 debeas
1545 1431 1649 1484 nostre

381 1531 549 1590 maiestatis
582 1531 615 1590 in
649 1545 781 1604 persona
814 1537 844 1590 et
878 1532 1068 1604 auctoritate,
1103 1532 1299 1605 presentibus
1333 1531 1390 1590 tibi
1422 1533 1454 1591 in
1476 1533 1535 1590 hac
1558 1536 1648 1606 parte

380 1636 545 1694 atttributa
566 1641 597 1696 et
611 1637 732 1695 iusticia
748 1637 910 1696 mediante.
925 1635 1020 1696 Secus
1034 1652 1096 1696 non
1111 1636 1257 1696 facturus.
1278 1637 1474 1696 Presentibus
1489 1637 1644 1712 perlectis,

381 1741 539 1804 exhibenti
568 1743 725 1801 restitutis.
749 1743 866 1802 Datum
897 1743 1021 1802 Posonii
1043 1743 1121 1803 feria
1144 1744 1251 1818 quinta
1274 1745 1420 1818 proxima
1443 1749 1513 1802 ante
1529 1742 1643 1802 testum

383 1849 472 1906 beate
494 1849 689 1922 Margarethe
719 1850 857 1922 virginis.
891 1850 980 1909 Anno
1004 1849 1122 1908 domini
1144 1849 1315 1908 millesimo
1339 1849 1644 1924 quadringentesimo

381 1953 571 2026 octogesimo
593 1952 737 2012 secundo.
755 1953 933 2027 Regnorum
944 1959 1122 2013 nostrorum
1144 1969 1224 2012 anno
1240 1954 1399 2028 Hungarie
1422 1961 1470 2014 etc
1494 1956 1646 2029 vigesimo

383 2059 500 2133 quinto,
523 2058 671 2120 Bohemie
693 2075 769 2119 vero
792 2059 1033 2134 quartodecimo.

487 2247 621 2311 Originale
639 2248 667 2296 in
685 2247 782 2301 charta.
796 2235 832 2297 'In
850 2249 965 2312 margine
988 2249 1105 2298 interiori
1124 2249 1296 2315 imppreusurn
1314 2255 1354 2299 est
1372 2249 1493 2314 sigillum.
1523 2251 1556 2300 Ia
1574 2251 1642 2301 arch.

384 2334 445 2384 incl.
465 2335 549 2387 Acad.
569 2335 664 2387 Scient.
684 2335 782 2389 Slevor.
801 2337 890 2389 merid.

963 2618 1051 2684 332.

486 2865 568 2915 Anno
590 2865 664 2928 1483,
684 2874 726 2928 25.
745 2863 876 2915 februarii.
895 2863 1043 2926 Zugrabiae.

383 3041 530 3102 Statutum
552 3043 674 3118 capituli
693 3042 889 3116 sagrabiensis
910 3042 945 3100 de
960 3049 1056 3117 poena
1078 3042 1274 3102 constituenda
1296 3044 1327 3101 in
1350 3045 1442 3121 illum,
1466 3047 1519 3119 qui
1539 3045 1643 3103 clauim

380 3165 491 3240 sm'nii,
513 3186 571 3242 quo
590 3167 715 3241 capituli
732 3167 858 3241 sigillum
881 3175 1075 3238 conservatur,
1097 3167 1143 3226 die
1163 3169 1349 3242 sigillationis
1363 3187 1420 3226 non
1445 3167 1645 3244 deportaverit.

488 3367 578 3424 Anno
612 3365 730 3424 domini
761 3365 930 3424 millesimo
964 3365 1269 3440 quadringentesimo
1300 3367 1510 3439 octuagesimo
1539 3367 1644 3438 tercio,

382 3473 459 3532 feria
481 3473 576 3531 tercia
599 3472 744 3546 proxima
768 3477 838 3545 post
862 3471 975 3530 festum
1001 3472 1082 3530 beati
1104 3473 1220 3531 Mathie
1242 3471 1386 3546 apostoli,
1402 3471 1583 3530 conclusum
1599 3477 1645 3532 est

383 3578 612 3653 capitulariter:
636 3577 720 3652 quod
744 3577 933 3651 quicumque
964 3577 1080 3636 clavim
1110 3577 1149 3635 ad
1181 3578 1321 3652 sigillum
1352 3583 1497 3652 tempore
1529 3577 1646 3652 sigilla·

383 3685 479 3744 cionis
513 3684 778 3742 munimentorum
812 3675 898 3762 (non)
934 3683 1154 3757 deportaverit,
1185 3685 1241 3743 ille
1264 3683 1376 3742 debeat
1398 3684 1521 3743 solvere
1543 3699 1640 3743 unum

382 3791 534 3850 llorenum
558 3791 625 3848 aun
648 3789 687 3848 ad
709 3804 819 3848 manus
842 3789 987 3863 custodis,
1011 3805 1105 3864 quem
1127 3789 1211 3849 idem
1234 3795 1337 3850 custos
1359 3795 1500 3850 teneatur
1522 3791 1646 3864 exigere

383 3896 631 3968 irremisibiliter,
655 3901 685 3954 et
708 3895 734 3954 si
757 3910 819 3954 non
841 3901 971 3969 curaret,
996 3900 1107 3954 extunc
1130 3894 1242 3954 debeat
1263 3897 1387 3955 solvere
1402 3895 1555 3956 florenum
1569 3911 1642 3970 pro·

383 4004 498 4079 prium.
522 4002 608 4075 item,
632 4003 657 4060 si
680 4002 820 4076 aliquem
843 4002 1005 4075 contigerit
1027 4001 1194 4074 discedere,
1216 4002 1384 4061 habentem
1414 4002 1538 4061 clavem
1570 4001 1646 4061 dicti

381 4108 486 4182 sigilli,
517 4117 629 4166 ertrmc
662 4122 743 4182 pena
773 4108 833 4165 sub
862 4107 971 4166 eadem
1008 4112 1110 4168 teneat
1132 4107 1208 4166 dare
1229 4107 1270 4166 ad
1291 4109 1439 4168 noticiam
1461 4109 1570 4168 lectori
1592 4115 1646 4168 aut

382 4229 439 4273 suo
462 4214 589 4287 vicario,
623 4213 708 4290 apud
739 4229 832 4288 quem
867 4229 905 4272 ex
940 4213 1074 4273 dominis
1097 4214 1216 4273 miserit
1238 4215 1360 4273 clavem
1383 4213 1564 4289 predictam,
1588 4220 1640 4274 aut

382 4320 435 4379 det
457 4334 527 4378 earn
560 4320 653 4378 alicui
689 4336 728 4378 ex
759 4319 901 4391 dominis,
933 4321 986 4394 qui
1010 4320 1114 4378 claves
1137 4336 1198 4379 non
1221 4320 1346 4380 habent.
1369 4321 1502 4380 Michael
1526 4335 1638 4396 prepo-

383 4428 470 4500 situs,
493 4442 533 4484 m.
557 4442 589 4500 p.
613 4426 651 4485 de
675 4425 822 4484 mandato
845 4427 983 4500 capituli.

489 4615 567 4664 Liber
585 4614 679 4664 rubeus
697 4631 754 4666 ven.
775 4615 858 4682 Capit.
878 4615 979 4680 zagrub.
999 4617 1029 4664 In
1049 4615 1118 4668 arch.
1138 4615 1198 4669 incl.
1217 4616 1301 4668 Acad.
1321 4617 1416 4668 Scient.
1435 4616 1505 4670 slav.
1519 4617 1609 4670 merid.
1647 4655 1652 4663 .
