<?xml version="1.0" encoding="UTF-8"?>
<!DOCTYPE html PUBLIC "-//W3C//DTD XHTML 1.0 Transitional//EN"
    "http://www.w3.org/TR/xhtml1/DTD/xhtml1-transitional.dtd">
<html xmlns="http://www.w3.org/1999/xhtml" xml:lang="en" lang="en">
 <head>
  <title>
</title>
<meta http-equiv="Content-Type" content="text/html;charset=utf-8" />
  <meta name='ocr-system' content='tesseract 3.04.00' />
  <meta name='ocr-capabilities' content='ocr_page ocr_carea ocr_par ocr_line ocrx_word'/>
</head>
<body>
  <div class='ocr_page' id='page_1' title='image "./monumentahistor20laszgoog_0606.png"; bbox 0 0 3828 5822; ppageno 0'>
   <div class='ocr_carea' id='block_1_1' title="bbox 644 526 1500 626">
    <p class='ocr_par' dir='ltr' id='par_1_1' title="bbox 644 526 1500 626">
     <span class='ocr_line' id='line_1_1' title="bbox 644 526 1500 626; baseline 0.026 -37"><span class='ocrx_word' id='word_1_1' title='bbox 644 531 718 590; x_wconf 87' lang='lat' dir='ltr'>Doc.</span> <span class='ocrx_word' id='word_1_2' title='bbox 741 526 811 588; x_wconf 76' lang='grc' dir='ltr'>ιιι.</span> <span class='ocrx_word' id='word_1_3' title='bbox 839 561 878 574; x_wconf 90' lang='lat'><em>-</em></span> <span class='ocrx_word' id='word_1_4' title='bbox 903 531 960 589; x_wconf 82' lang='lat' dir='ltr'>An.</span> <span class='ocrx_word' id='word_1_5' title='bbox 986 540 1073 608; x_wconf 73' lang='lat'><em>1472.</em></span> <span class='ocrx_word' id='word_1_6' title='bbox 1425 548 1500 626; x_wconf 57' lang='grc' dir='ltr'>349ῃ</span> 
     </span>
    </p>
   </div>
   <div class='ocr_carea' id='block_1_2' title="bbox 222 745 1501 2623">
    <p class='ocr_par' dir='ltr' id='par_1_2' title="bbox 222 745 1501 2623">
     <span class='ocr_line' id='line_1_2' title="bbox 225 745 1500 833; baseline 0.002 -29"><span class='ocrx_word' id='word_1_7' title='bbox 225 746 360 832; x_wconf 77' lang='lat' dir='ltr'>civitatis</span> <span class='ocrx_word' id='word_1_8' title='bbox 377 745 538 832; x_wconf 19' lang='lat' dir='ltr'>‘Ded-yche</span> <span class='ocrx_word' id='word_1_9' title='bbox 569 745 800 833; x_wconf 83' lang='lat' dir='ltr'>Chememercz,</span> <span class='ocrx_word' id='word_1_10' title='bbox 824 745 944 820; x_wconf 80' lang='lat' dir='ltr'>Bythelr</span> <span class='ocrx_word' id='word_1_11' title='bbox 967 753 997 806; x_wconf 93' lang='lat' dir='ltr'>et</span> <span class='ocrx_word' id='word_1_12' title='bbox 1014 746 1280 818; x_wconf 67' lang='lat' dir='ltr'>nonannoeane,</span> <span class='ocrx_word' id='word_1_13' title='bbox 1305 746 1500 821; x_wconf 82' lang='lat' dir='ltr'>easdemque,</span> 
     </span>
     <span class='ocr_line' id='line_1_3' title="bbox 225 831 1491 936; baseline 0.001 -26"><span class='ocrx_word' id='word_1_14' title='bbox 225 867 286 936; x_wconf 84' lang='lat' dir='ltr'>una</span> <span class='ocrx_word' id='word_1_15' title='bbox 308 867 380 911; x_wconf 87' lang='lat' dir='ltr'>cum</span> <span class='ocrx_word' id='word_1_16' title='bbox 402 851 484 910; x_wconf 89' lang='lat' dir='ltr'>vado</span> <span class='ocrx_word' id='word_1_17' title='bbox 506 853 690 925; x_wconf 81' lang='lat' dir='ltr'>Kyralrewe</span> <span class='ocrx_word' id='word_1_18' title='bbox 710 831 854 912; x_wconf 89' lang='lat' dir='ltr'>vocato</span> <span class='ocrx_word' id='word_1_19' title='bbox 847 871 879 911; x_wconf 89' lang='grc' dir='ltr'>ιιι</span> <span class='ocrx_word' id='word_1_20' title='bbox 900 853 997 914; x_wconf 89' lang='lat' dir='ltr'>fluvio</span> <span class='ocrx_word' id='word_1_21' title='bbox 1027 853 1118 912; x_wconf 88' lang='lat' dir='ltr'>Zawe</span> <span class='ocrx_word' id='word_1_22' title='bbox 1141 835 1288 925; x_wconf 89' lang='lat' dir='ltr'>habito,</span> <span class='ocrx_word' id='word_1_23' title='bbox 1280 869 1312 910; x_wconf 90' lang='grc' dir='ltr'>ιιι</span> <span class='ocrx_word' id='word_1_24' title='bbox 1336 853 1491 916; x_wconf 88' lang='lat' dir='ltr'>territorio</span> 
     </span>
     <span class='ocr_line' id='line_1_4' title="bbox 226 957 1490 1053; baseline 0 -37"><span class='ocrx_word' id='word_1_25' title='bbox 226 957 307 1026; x_wconf 83' lang='lat' dir='ltr'>dicte</span> <span class='ocrx_word' id='word_1_26' title='bbox 330 958 476 1044; x_wconf 85' lang='lat' dir='ltr'>civitatis</span> <span class='ocrx_word' id='word_1_27' title='bbox 493 963 526 1016; x_wconf 91' lang='lat' dir='ltr'>et</span> <span class='ocrx_word' id='word_1_28' title='bbox 555 959 703 1046; x_wconf 85' lang='lat' dir='ltr'>comitatu</span> <span class='ocrx_word' id='word_1_29' title='bbox 734 958 937 1032; x_wconf 85' lang='lat' dir='ltr'>zagrabiensi</span> <span class='ocrx_word' id='word_1_30' title='bbox 950 959 1127 1030; x_wconf 84' lang='lat' dir='ltr'>existentes,</span> <span class='ocrx_word' id='word_1_31' title='bbox 1146 959 1276 1030; x_wconf 89' lang='lat' dir='ltr'>habitas,</span> <span class='ocrx_word' id='word_1_32' title='bbox 1309 957 1490 1053; x_wconf 88' lang='lat' dir='ltr'>eisdemque</span> 
     </span>
     <span class='ocr_line' id='line_1_5' title="bbox 225 1037 1490 1139; baseline 0 -17"><span class='ocrx_word' id='word_1_33' title='bbox 225 1037 347 1122; x_wconf 90' lang='lat' dir='ltr'>civibus</span> <span class='ocrx_word' id='word_1_34' title='bbox 370 1039 450 1123; x_wconf 87' lang='lat' dir='ltr'>dicte</span> <span class='ocrx_word' id='word_1_35' title='bbox 473 1039 607 1123; x_wconf 89' lang='lat' dir='ltr'>civitatis</span> <span class='ocrx_word' id='word_1_36' title='bbox 629 1066 750 1124; x_wconf 91' lang='lat' dir='ltr'>montis</span> <span class='ocrx_word' id='word_1_37' title='bbox 766 1064 928 1124; x_wconf 90' lang='lat' dir='ltr'>Grecensis</span> <span class='ocrx_word' id='word_1_38' title='bbox 951 1081 1008 1139; x_wconf 91' lang='lat' dir='ltr'>per</span> <span class='ocrx_word' id='word_1_39' title='bbox 1030 1065 1149 1138; x_wconf 82' lang='lat' dir='ltr'>regiam</span> <span class='ocrx_word' id='word_1_40' title='bbox 1173 1041 1378 1124; x_wconf 86' lang='lat' dir='ltr'>maiestatem</span> <span class='ocrx_word' id='word_1_41' title='bbox 1381 1043 1490 1122; x_wconf 83' lang='lat' dir='ltr'>denuo</span> 
     </span>
     <span class='ocr_line' id='line_1_6' title="bbox 225 1166 1501 1255; baseline -0.001 -28"><span class='ocrx_word' id='word_1_42' title='bbox 225 1169 314 1254; x_wconf 85' lang='lat' dir='ltr'>datas</span> <span class='ocrx_word' id='word_1_43' title='bbox 335 1175 366 1229; x_wconf 91' lang='lat' dir='ltr'>et</span> <span class='ocrx_word' id='word_1_44' title='bbox 381 1171 549 1255; x_wconf 83' lang='lat' dir='ltr'>collatas,</span> <span class='ocrx_word' id='word_1_45' title='bbox 543 1171 645 1228; x_wconf 91' lang='lat' dir='ltr'>minus</span> <span class='ocrx_word' id='word_1_46' title='bbox 664 1171 745 1229; x_wconf 91' lang='lat' dir='ltr'>iuste</span> <span class='ocrx_word' id='word_1_47' title='bbox 766 1177 796 1228; x_wconf 91' lang='lat' dir='ltr'>et</span> <span class='ocrx_word' id='word_1_48' title='bbox 818 1170 957 1230; x_wconf 83' lang='lat' dir='ltr'>indebite</span> <span class='ocrx_word' id='word_1_49' title='bbox 979 1186 1015 1230; x_wconf 91' lang='lat' dir='ltr'>ac</span> <span class='ocrx_word' id='word_1_50' title='bbox 1037 1175 1143 1244; x_wconf 91' lang='lat' dir='ltr'>preter</span> <span class='ocrx_word' id='word_1_51' title='bbox 1165 1184 1290 1228; x_wconf 88' lang='lat' dir='ltr'>omnem</span> <span class='ocrx_word' id='word_1_52' title='bbox 1307 1170 1392 1236; x_wconf 88' lang='lat' dir='ltr'>viam</span> <span class='ocrx_word' id='word_1_53' title='bbox 1413 1166 1501 1245; x_wconf 85' lang='lat' dir='ltr'>juris</span> 
     </span>
     <span class='ocr_line' id='line_1_7' title="bbox 224 1247 1499 1360; baseline 0 -26"><span class='ocrx_word' id='word_1_54' title='bbox 224 1247 409 1358; x_wconf 32' lang='grc' dir='ltr'>ιιιιιιιιιιιιιι</span> <span class='ocrx_word' id='word_1_55' title='bbox 439 1276 621 1360; x_wconf 75' lang='lat' dir='ltr'>eorumdem</span> <span class='ocrx_word' id='word_1_56' title='bbox 652 1277 775 1344; x_wconf 83' lang='lat' dir='ltr'>civium</span> <span class='ocrx_word' id='word_1_57' title='bbox 791 1291 850 1350; x_wconf 91' lang='lat' dir='ltr'>pro</span> <span class='ocrx_word' id='word_1_58' title='bbox 873 1292 906 1335; x_wconf 90' lang='lat' dir='ltr'>se</span> <span class='ocrx_word' id='word_1_59' title='bbox 927 1267 1007 1350; x_wconf 85' lang='lat' dir='ltr'>ipso¹</span> <span class='ocrx_word' id='word_1_60' title='bbox 1020 1276 1175 1349; x_wconf 88' lang='lat' dir='ltr'>occupari,</span> <span class='ocrx_word' id='word_1_61' title='bbox 1198 1283 1426 1350; x_wconf 86' lang='lat' dir='ltr'>occupatasque</span> <span class='ocrx_word' id='word_1_62' title='bbox 1449 1275 1499 1348; x_wconf 69' lang='lat' dir='ltr'>ad¹</span> 
     </span>
     <span class='ocr_line' id='line_1_8' title="bbox 222 1380 1497 1466; baseline 0 -25"><span class='ocrx_word' id='word_1_63' title='bbox 222 1382 398 1466; x_wconf 75' lang='lat' dir='ltr'>predictum</span> <span class='ocrx_word' id='word_1_64' title='bbox 421 1389 558 1463; x_wconf 67' lang='lat' dir='ltr'>nastrum</span> <span class='ocrx_word' id='word_1_65' title='bbox 582 1383 702 1440; x_wconf 88' lang='lat' dir='ltr'>Medwe</span> <span class='ocrx_word' id='word_1_66' title='bbox 731 1383 839 1454; x_wconf 89' lang='lat' dir='ltr'>averti,</span> <span class='ocrx_word' id='word_1_67' title='bbox 862 1381 1049 1455; x_wconf 85' lang='lat' dir='ltr'>easdemque</span> <span class='ocrx_word' id='word_1_68' title='bbox 1071 1388 1102 1440; x_wconf 92' lang='lat' dir='ltr'>et</span> <span class='ocrx_word' id='word_1_69' title='bbox 1131 1380 1217 1440; x_wconf 91' lang='lat' dir='ltr'>idem</span> <span class='ocrx_word' id='word_1_70' title='bbox 1245 1381 1362 1440; x_wconf 89' lang='lat' dir='ltr'>vadum</span> <span class='ocrx_word' id='word_1_71' title='bbox 1393 1397 1483 1440; x_wconf 90' lang='lat' dir='ltr'>occu·</span> <span class='ocrx_word' id='word_1_72' title='bbox 1493 1437 1497 1442; x_wconf 84' lang='lat'>.</span> 
     </span>
     <span class='ocr_line' id='line_1_9' title="bbox 225 1484 1492 1572; baseline -0.001 -25"><span class='ocrx_word' id='word_1_73' title='bbox 225 1495 313 1572; x_wconf 90' lang='lat' dir='ltr'>patas</span> <span class='ocrx_word' id='word_1_74' title='bbox 336 1493 473 1548; x_wconf 88' lang='lat' dir='ltr'>tenerent</span> <span class='ocrx_word' id='word_1_75' title='bbox 495 1495 526 1548; x_wconf 90' lang='lat' dir='ltr'>et</span> <span class='ocrx_word' id='word_1_76' title='bbox 547 1493 706 1547; x_wconf 87' lang='lat' dir='ltr'>uterentur</span> <span class='ocrx_word' id='word_1_77' title='bbox 721 1489 821 1555; x_wconf 83' lang='lat' dir='ltr'>eciam</span> <span class='ocrx_word' id='word_1_78' title='bbox 844 1487 882 1545; x_wconf 89' lang='lat' dir='ltr'>de</span> <span class='ocrx_word' id='word_1_79' title='bbox 904 1488 1047 1562; x_wconf 82' lang='lat' dir='ltr'>presenti.</span> <span class='ocrx_word' id='word_1_80' title='bbox 1070 1487 1179 1546; x_wconf 84' lang='lat' dir='ltr'>Certos</span> <span class='ocrx_word' id='word_1_81' title='bbox 1194 1488 1293 1557; x_wconf 82' lang='lat' dir='ltr'>eciam</span> <span class='ocrx_word' id='word_1_82' title='bbox 1307 1484 1492 1563; x_wconf 83' lang='lat' dir='ltr'>jobagiones</span> 
     </span>
     <span class='ocr_line' id='line_1_10' title="bbox 223 1575 1491 1680; baseline -0.002 -26"><span class='ocrx_word' id='word_1_83' title='bbox 223 1595 349 1661; x_wconf 82' lang='lat' dir='ltr'>villis</span> <span class='ocrx_word' id='word_1_84' title='bbox 341 1613 373 1680; x_wconf 89' lang='grc' dir='ltr'>ιιι</span> <span class='ocrx_word' id='word_1_85' title='bbox 401 1593 519 1656; x_wconf 90' lang='lat' dir='ltr'>eisdem</span> <span class='ocrx_word' id='word_1_86' title='bbox 549 1595 726 1666; x_wconf 87' lang='lat' dir='ltr'>residentes,</span> <span class='ocrx_word' id='word_1_87' title='bbox 750 1589 889 1670; x_wconf 85' lang='lat' dir='ltr'>propriis</span> <span class='ocrx_word' id='word_1_88' title='bbox 916 1594 948 1652; x_wconf 89' lang='lat' dir='ltr'>in</span> <span class='ocrx_word' id='word_1_89' title='bbox 978 1575 1118 1668; x_wconf 84' lang='lat' dir='ltr'>personis</span> <span class='ocrx_word' id='word_1_90' title='bbox 1151 1593 1302 1667; x_wconf 87' lang='lat' dir='ltr'>captivari</span> <span class='ocrx_word' id='word_1_91' title='bbox 1331 1603 1361 1656; x_wconf 89' lang='lat' dir='ltr'>et</span> <span class='ocrx_word' id='word_1_92' title='bbox 1383 1599 1491 1668; x_wconf 91' lang='lat' dir='ltr'>captos</span> 
     </span>
     <span class='ocr_line' id='line_1_11' title="bbox 225 1699 1491 1792; baseline -0.001 -33"><span class='ocrx_word' id='word_1_93' title='bbox 225 1700 377 1775; x_wconf 90' lang='lat' dir='ltr'>quosdam</span> <span class='ocrx_word' id='word_1_94' title='bbox 408 1702 440 1760; x_wconf 91' lang='grc' dir='ltr'>ιιι</span> <span class='ocrx_word' id='word_1_95' title='bbox 470 1707 564 1775; x_wconf 91' lang='lat' dir='ltr'>portu</span> <span class='ocrx_word' id='word_1_96' title='bbox 593 1701 700 1772; x_wconf 89' lang='lat' dir='ltr'>Zawe,</span> <span class='ocrx_word' id='word_1_97' title='bbox 730 1700 897 1774; x_wconf 81' lang='lat' dir='ltr'>adipsum</span> <span class='ocrx_word' id='word_1_98' title='bbox 920 1699 1060 1758; x_wconf 88' lang='lat' dir='ltr'>fluvium</span> <span class='ocrx_word' id='word_1_99' title='bbox 1072 1699 1162 1762; x_wconf 81' lang='lat' dir='ltr'>Zavre</span> <span class='ocrx_word' id='word_1_100' title='bbox 1185 1700 1389 1792; x_wconf 86' lang='lat' dir='ltr'>proiecerunt,</span> <span class='ocrx_word' id='word_1_101' title='bbox 1412 1701 1491 1758; x_wconf 91' lang='lat' dir='ltr'>alios</span> 
     </span>
     <span class='ocr_line' id='line_1_12' title="bbox 223 1787 1490 1894; baseline -0.001 -29"><span class='ocrx_word' id='word_1_102' title='bbox 223 1812 328 1866; x_wconf 89' lang='lat' dir='ltr'>autem</span> <span class='ocrx_word' id='word_1_103' title='bbox 341 1813 466 1894; x_wconf 86' lang='lat' dir='ltr'>captos,</span> <span class='ocrx_word' id='word_1_104' title='bbox 482 1808 626 1866; x_wconf 90' lang='lat' dir='ltr'>manibus</span> <span class='ocrx_word' id='word_1_105' title='bbox 648 1822 667 1865; x_wconf 91' lang='lat' dir='ltr'>a</span> <span class='ocrx_word' id='word_1_106' title='bbox 689 1813 777 1882; x_wconf 86' lang='lat' dir='ltr'>tergo</span> <span class='ocrx_word' id='word_1_107' title='bbox 800 1807 904 1878; x_wconf 86' lang='lat' dir='ltr'>ligatis</span> <span class='ocrx_word' id='word_1_108' title='bbox 927 1806 967 1863; x_wconf 92' lang='lat' dir='ltr'>ad</span> <span class='ocrx_word' id='word_1_109' title='bbox 990 1805 1109 1864; x_wconf 89' lang='lat' dir='ltr'>dictum</span> <span class='ocrx_word' id='word_1_110' title='bbox 1132 1811 1269 1864; x_wconf 86' lang='lat' dir='ltr'>castrum</span> <span class='ocrx_word' id='word_1_111' title='bbox 1293 1787 1412 1880; x_wconf 89' lang='lat' dir='ltr'>Medwe</span> <span class='ocrx_word' id='word_1_112' title='bbox 1435 1807 1490 1864; x_wconf 91' lang='lat' dir='ltr'>ab·</span> 
     </span>
     <span class='ocr_line' id='line_1_13' title="bbox 224 1909 1491 1988; baseline -0.002 -16"><span class='ocrx_word' id='word_1_113' title='bbox 224 1909 303 1987; x_wconf 89' lang='lat' dir='ltr'>duci,</span> <span class='ocrx_word' id='word_1_114' title='bbox 320 1911 427 1988; x_wconf 87' lang='lat' dir='ltr'>ibique</span> <span class='ocrx_word' id='word_1_115' title='bbox 449 1913 623 1972; x_wconf 89' lang='lat' dir='ltr'>vinculatos</span> <span class='ocrx_word' id='word_1_116' title='bbox 646 1919 709 1970; x_wconf 87' lang='lat' dir='ltr'>tam</span> <span class='ocrx_word' id='word_1_117' title='bbox 733 1913 787 1972; x_wconf 94' lang='lat' dir='ltr'>diu</span> <span class='ocrx_word' id='word_1_118' title='bbox 810 1913 986 1970; x_wconf 90' lang='lat' dir='ltr'>conservari</span> <span class='ocrx_word' id='word_1_119' title='bbox 1009 1911 1161 1983; x_wconf 85' lang='lat' dir='ltr'>fecissent,</span> <span class='ocrx_word' id='word_1_120' title='bbox 1182 1927 1343 1985; x_wconf 90' lang='lat' dir='ltr'>quousque</span> <span class='ocrx_word' id='word_1_121' title='bbox 1359 1927 1391 1970; x_wconf 92' lang='lat' dir='ltr'>se</span> <span class='ocrx_word' id='word_1_122' title='bbox 1405 1913 1491 1988; x_wconf 90' lang='lat' dir='ltr'>ipsos</span> 
     </span>
     <span class='ocr_line' id='line_1_14' title="bbox 224 2017 1491 2094; baseline -0.001 -16"><span class='ocrx_word' id='word_1_123' title='bbox 224 2020 405 2094; x_wconf 90' lang='lat' dir='ltr'>pecuniaria</span> <span class='ocrx_word' id='word_1_124' title='bbox 435 2019 642 2078; x_wconf 86' lang='lat' dir='ltr'>convencione</span> <span class='ocrx_word' id='word_1_125' title='bbox 676 2023 706 2076; x_wconf 90' lang='lat' dir='ltr'>et</span> <span class='ocrx_word' id='word_1_126' title='bbox 739 2018 897 2077; x_wconf 88' lang='lat' dir='ltr'>solucione</span> <span class='ocrx_word' id='word_1_127' title='bbox 927 2017 1082 2075; x_wconf 89' lang='lat' dir='ltr'>mediante</span> <span class='ocrx_word' id='word_1_128' title='bbox 1117 2017 1326 2076; x_wconf 91' lang='lat' dir='ltr'>eliberassent.</span> <span class='ocrx_word' id='word_1_129' title='bbox 1361 2018 1491 2092; x_wconf 89' lang='lat' dir='ltr'>Insuper</span> 
     </span>
     <span class='ocr_line' id='line_1_15' title="bbox 224 2121 1490 2200; baseline -0.001 -16"><span class='ocrx_word' id='word_1_130' title='bbox 224 2131 366 2200; x_wconf 91' lang='lat' dir='ltr'>tempore</span> <span class='ocrx_word' id='word_1_131' title='bbox 388 2127 420 2184; x_wconf 93' lang='lat' dir='ltr'>in</span> <span class='ocrx_word' id='word_1_132' title='bbox 443 2124 553 2183; x_wconf 87' lang='lat' dir='ltr'>eodem</span> <span class='ocrx_word' id='word_1_133' title='bbox 577 2123 672 2182; x_wconf 87' lang='lat' dir='ltr'>iidem</span> <span class='ocrx_word' id='word_1_134' title='bbox 695 2129 882 2198; x_wconf 88' lang='lat' dir='ltr'>occupantes</span> <span class='ocrx_word' id='word_1_135' title='bbox 905 2139 976 2181; x_wconf 90' lang='lat' dir='ltr'>cum</span> <span class='ocrx_word' id='word_1_136' title='bbox 1000 2121 1159 2181; x_wconf 90' lang='lat' dir='ltr'>redeundo</span> <span class='ocrx_word' id='word_1_137' title='bbox 1182 2123 1221 2180; x_wconf 91' lang='lat' dir='ltr'>ad</span> <span class='ocrx_word' id='word_1_138' title='bbox 1245 2138 1393 2198; x_wconf 88' lang='lat' dir='ltr'>campum</span> <span class='ocrx_word' id='word_1_139' title='bbox 1410 2124 1490 2183; x_wconf 89' lang='lat' dir='ltr'>dicte</span> 
     </span>
     <span class='ocr_line' id='line_1_16' title="bbox 223 2228 1491 2312; baseline -0.001 -22"><span class='ocrx_word' id='word_1_140' title='bbox 223 2233 357 2291; x_wconf 90' lang='lat' dir='ltr'>civitatis</span> <span class='ocrx_word' id='word_1_141' title='bbox 388 2231 502 2290; x_wconf 90' lang='lat' dir='ltr'>montis</span> <span class='ocrx_word' id='word_1_142' title='bbox 532 2230 694 2289; x_wconf 87' lang='lat' dir='ltr'>Grecensis</span> <span class='ocrx_word' id='word_1_143' title='bbox 725 2229 947 2305; x_wconf 88' lang='lat' dir='ltr'>pervenissent,</span> <span class='ocrx_word' id='word_1_144' title='bbox 984 2229 1040 2288; x_wconf 89' lang='lat' dir='ltr'>ubi</span> <span class='ocrx_word' id='word_1_145' title='bbox 1073 2235 1227 2304; x_wconf 90' lang='lat' dir='ltr'>pastores,</span> <span class='ocrx_word' id='word_1_146' title='bbox 1260 2228 1430 2312; x_wconf 81' lang='lat' dir='ltr'>familiares</span> <span class='ocrx_word' id='word_1_147' title='bbox 1460 2235 1491 2289; x_wconf 90' lang='lat' dir='ltr'>et</span> 
     </span>
     <span class='ocr_line' id='line_1_17' title="bbox 223 2334 1489 2417; baseline 0 -21"><span class='ocrx_word' id='word_1_148' title='bbox 223 2339 359 2414; x_wconf 91' lang='lat' dir='ltr'>cuiusvis</span> <span class='ocrx_word' id='word_1_149' title='bbox 376 2337 575 2417; x_wconf 17' lang='lat' dir='ltr'>‘condicionis&#39;</span> <span class='ocrx_word' id='word_1_150' title='bbox 594 2337 737 2416; x_wconf 87' lang='lat' dir='ltr'>homines</span> <span class='ocrx_word' id='word_1_151' title='bbox 759 2337 858 2411; x_wconf 91' lang='lat' dir='ltr'>ipsius</span> <span class='ocrx_word' id='word_1_152' title='bbox 881 2336 1014 2394; x_wconf 90' lang='lat' dir='ltr'>civitatis</span> <span class='ocrx_word' id='word_1_153' title='bbox 1038 2335 1070 2392; x_wconf 90' lang='grc' dir='ltr'>ιιι</span> <span class='ocrx_word' id='word_1_154' title='bbox 1093 2334 1177 2393; x_wconf 92' lang='lat' dir='ltr'>dicto</span> <span class='ocrx_word' id='word_1_155' title='bbox 1207 2350 1320 2409; x_wconf 88' lang='lat' dir='ltr'>campo</span> <span class='ocrx_word' id='word_1_156' title='bbox 1350 2337 1489 2397; x_wconf 89' lang='lat' dir='ltr'>eiusdem</span> 
     </span>
     <span class='ocr_line' id='line_1_18' title="bbox 223 2440 1497 2530; baseline -0.001 -27"><span class='ocrx_word' id='word_1_157' title='bbox 223 2449 372 2519; x_wconf 80' lang='lat' dir='ltr'>repertos,</span> <span class='ocrx_word' id='word_1_158' title='bbox 403 2444 489 2502; x_wconf 89' lang='lat' dir='ltr'>omni</span> <span class='ocrx_word' id='word_1_159' title='bbox 513 2444 663 2518; x_wconf 73' lang='lat' dir='ltr'>,ipsorum</span> <span class='ocrx_word' id='word_1_160' title='bbox 690 2444 756 2501; x_wconf 92' lang='lat' dir='ltr'>sine</span> <span class='ocrx_word' id='word_1_161' title='bbox 789 2442 883 2516; x_wconf 91' lang='lat' dir='ltr'>culpa</span> <span class='ocrx_word' id='word_1_162' title='bbox 905 2442 1101 2516; x_wconf 83' lang='lat' dir='ltr'>spoliassent,</span> <span class='ocrx_word' id='word_1_163' title='bbox 1126 2440 1332 2502; x_wconf 88' lang='lat' dir='ltr'>denudassent</span> <span class='ocrx_word' id='word_1_164' title='bbox 1354 2457 1390 2501; x_wconf 90' lang='lat' dir='ltr'>ac</span> <span class='ocrx_word' id='word_1_165' title='bbox 1413 2443 1497 2530; x_wconf 78' lang='lat' dir='ltr'>diris</span> 
     </span>
     <span class='ocr_line' id='line_1_19' title="bbox 223 2529 1489 2623; baseline -0.001 -14"><span class='ocrx_word' id='word_1_166' title='bbox 223 2529 408 2610; x_wconf 85' lang='lat' dir='ltr'>verberibus</span> <span class='ocrx_word' id='word_1_167' title='bbox 422 2547 606 2621; x_wconf 87' lang='lat' dir='ltr'>affecissent,</span> <span class='ocrx_word' id='word_1_168' title='bbox 630 2565 679 2607; x_wconf 90' lang='lat' dir='ltr'>res</span> <span class='ocrx_word' id='word_1_169' title='bbox 703 2564 827 2623; x_wconf 91' lang='lat' dir='ltr'>quoque</span> <span class='ocrx_word' id='word_1_170' title='bbox 851 2553 882 2606; x_wconf 91' lang='lat' dir='ltr'>et</span> <span class='ocrx_word' id='word_1_171' title='bbox 900 2548 990 2620; x_wconf 88' lang='lat' dir='ltr'>bona,</span> <span class='ocrx_word' id='word_1_172' title='bbox 1006 2563 1125 2606; x_wconf 88' lang='lat' dir='ltr'>necnon</span> <span class='ocrx_word' id='word_1_173' title='bbox 1141 2548 1332 2618; x_wconf 89' lang='lat' dir='ltr'>vestimenta,</span> <span class='ocrx_word' id='word_1_174' title='bbox 1348 2549 1489 2608; x_wconf 87' lang='lat' dir='ltr'>clenodia</span> 
     </span>
    </p>
   </div>
   <div class='ocr_carea' id='block_1_3' title="bbox 112 2652 1490 2748">
    <p class='ocr_par' dir='ltr' id='par_1_3' title="bbox 112 2652 1490 2748">
     <span class='ocr_line' id='line_1_20' title="bbox 112 2652 1490 2748; baseline 0 -34"><span class='ocrx_word' id='word_1_175' title='bbox 112 2683 116 2691; x_wconf 35' lang='lat' dir='ltr'>r</span> <span class='ocrx_word' id='word_1_176' title='bbox 223 2655 390 2748; x_wconf 79' lang='lat' dir='ltr'>domorum</span> <span class='ocrx_word' id='word_1_177' title='bbox 412 2673 454 2714; x_wconf 87' lang='lat' dir='ltr'>ac</span> <span class='ocrx_word' id='word_1_178' title='bbox 471 2655 620 2722; x_wconf 86' lang='lat' dir='ltr'>victualia</span> <span class='ocrx_word' id='word_1_179' title='bbox 643 2661 674 2714; x_wconf 88' lang='lat' dir='ltr'>et</span> <span class='ocrx_word' id='word_1_180' title='bbox 693 2655 841 2714; x_wconf 87' lang='lat' dir='ltr'>animalia</span> <span class='ocrx_word' id='word_1_181' title='bbox 855 2652 1057 2729; x_wconf 84' lang='lat' dir='ltr'>jobagionum</span> <span class='ocrx_word' id='word_1_182' title='bbox 1073 2653 1256 2715; x_wconf 85' lang='lat' dir='ltr'>eorumdem</span> <span class='ocrx_word' id='word_1_183' title='bbox 1271 2653 1388 2713; x_wconf 91' lang='lat' dir='ltr'>civium</span> <span class='ocrx_word' id='word_1_184' title='bbox 1404 2656 1490 2714; x_wconf 91' lang='lat' dir='ltr'>villis</span> 
     </span>
    </p>
   </div>
   <div class='ocr_carea' id='block_1_4' title="bbox 161 2757 1495 3914">
    <p class='ocr_par' dir='ltr' id='par_1_4' title="bbox 161 2757 1495 3900">
     <span class='ocr_line' id='line_1_21' title="bbox 222 2757 1489 2852; baseline -0.001 -31"><span class='ocrx_word' id='word_1_185' title='bbox 222 2763 254 2821; x_wconf 93' lang='lat' dir='ltr'>in</span> <span class='ocrx_word' id='word_1_186' title='bbox 277 2763 395 2852; x_wconf 85' lang='lat' dir='ltr'>eisdem</span> <span class='ocrx_word' id='word_1_187' title='bbox 425 2778 460 2821; x_wconf 89' lang='lat' dir='ltr'>ac</span> <span class='ocrx_word' id='word_1_188' title='bbox 490 2761 638 2820; x_wconf 90' lang='lat' dir='ltr'>domibus</span> <span class='ocrx_word' id='word_1_189' title='bbox 668 2766 698 2819; x_wconf 90' lang='lat' dir='ltr'>et</span> <span class='ocrx_word' id='word_1_190' title='bbox 727 2760 820 2819; x_wconf 90' lang='lat' dir='ltr'>curiis</span> <span class='ocrx_word' id='word_1_191' title='bbox 853 2760 1036 2818; x_wconf 86' lang='lat' dir='ltr'>eorumdem</span> <span class='ocrx_word' id='word_1_192' title='bbox 1066 2757 1270 2835; x_wconf 85' lang='lat' dir='ltr'>jobagionum</span> <span class='ocrx_word' id='word_1_193' title='bbox 1293 2766 1435 2835; x_wconf 90' lang='lat' dir='ltr'>repertos</span> <span class='ocrx_word' id='word_1_194' title='bbox 1458 2767 1489 2820; x_wconf 89' lang='lat' dir='ltr'>et</span> 
     </span>
     <span class='ocr_line' id='line_1_22' title="bbox 222 2845 1488 2963; baseline -0.002 -35"><span class='ocrx_word' id='word_1_195' title='bbox 222 2869 348 2963; x_wconf 87' lang='lat' dir='ltr'>inventa</span> <span class='ocrx_word' id='word_1_196' title='bbox 369 2845 584 2938; x_wconf 84' lang='lat' dir='ltr'>abstulissent;</span> <span class='ocrx_word' id='word_1_197' title='bbox 608 2867 721 2925; x_wconf 87' lang='lat' dir='ltr'>villam</span> <span class='ocrx_word' id='word_1_198' title='bbox 744 2867 907 2940; x_wconf 90' lang='lat' dir='ltr'>denique&#39;</span> <span class='ocrx_word' id='word_1_199' title='bbox 900 2868 999 2939; x_wconf 85' lang='lat' dir='ltr'>ipsius</span> <span class='ocrx_word' id='word_1_200' title='bbox 1022 2866 1156 2924; x_wconf 89' lang='lat' dir='ltr'>civitatis</span> <span class='ocrx_word' id='word_1_201' title='bbox 1173 2867 1329 2940; x_wconf 89' lang='lat' dir='ltr'>Pobresye</span> <span class='ocrx_word' id='word_1_202' title='bbox 1344 2875 1488 2926; x_wconf 87' lang='lat' dir='ltr'>vocatam</span> 
     </span>
     <span class='ocr_line' id='line_1_23' title="bbox 221 2971 1490 3062; baseline 0 -28"><span class='ocrx_word' id='word_1_203' title='bbox 221 2975 254 3034; x_wconf 91' lang='lat' dir='ltr'>in</span> <span class='ocrx_word' id='word_1_204' title='bbox 265 2976 433 3062; x_wconf 79' lang='lat' dir='ltr'>territorio</span> <span class='ocrx_word' id='word_1_205' title='bbox 456 2974 596 3032; x_wconf 90' lang='lat' dir='ltr'>eiusdem</span> <span class='ocrx_word' id='word_1_206' title='bbox 619 2974 754 3060; x_wconf 81' lang='lat' dir='ltr'>civitatis</span> <span class='ocrx_word' id='word_1_207' title='bbox 773 2973 914 3030; x_wconf 88' lang='lat' dir='ltr'>habitam</span> <span class='ocrx_word' id='word_1_208' title='bbox 937 2971 1126 3045; x_wconf 88' lang='lat' dir='ltr'>invadentes,</span> <span class='ocrx_word' id='word_1_209' title='bbox 1151 2973 1242 3030; x_wconf 89' lang='lat' dir='ltr'>certis</span> <span class='ocrx_word' id='word_1_210' title='bbox 1256 2975 1442 3036; x_wconf 88' lang='lat' dir='ltr'>victualibus</span> <span class='ocrx_word' id='word_1_211' title='bbox 1458 2983 1490 3052; x_wconf 70' lang='lat' dir='ltr'>et</span> 
     </span>
     <span class='ocr_line' id='line_1_24' title="bbox 222 3054 1488 3156; baseline 0.001 -17"><span class='ocrx_word' id='word_1_212' title='bbox 222 3083 311 3140; x_wconf 91' lang='lat' dir='ltr'>bonis</span> <span class='ocrx_word' id='word_1_213' title='bbox 331 3054 516 3156; x_wconf 88' lang='lat' dir='ltr'>spoliassent</span> <span class='ocrx_word' id='word_1_214' title='bbox 539 3085 569 3137; x_wconf 90' lang='lat' dir='ltr'>et</span> <span class='ocrx_word' id='word_1_215' title='bbox 591 3055 779 3154; x_wconf 88' lang='lat' dir='ltr'>privassent;</span> <span class='ocrx_word' id='word_1_216' title='bbox 805 3083 836 3136; x_wconf 89' lang='lat' dir='ltr'>et</span> <span class='ocrx_word' id='word_1_217' title='bbox 859 3077 943 3152; x_wconf 89' lang='lat' dir='ltr'>quod</span> <span class='ocrx_word' id='word_1_218' title='bbox 964 3078 1024 3138; x_wconf 89' lang='lat' dir='ltr'>hiis</span> <span class='ocrx_word' id='word_1_219' title='bbox 1059 3093 1123 3136; x_wconf 90' lang='lat' dir='ltr'>non</span> <span class='ocrx_word' id='word_1_220' title='bbox 1152 3081 1287 3140; x_wconf 90' lang='lat' dir='ltr'>contenti</span> <span class='ocrx_word' id='word_1_221' title='bbox 1318 3080 1402 3139; x_wconf 92' lang='lat' dir='ltr'>idem</span> <span class='ocrx_word' id='word_1_222' title='bbox 1432 3082 1488 3140; x_wconf 90' lang='lat' dir='ltr'>ho·</span> 
     </span>
     <span class='ocr_line' id='line_1_25' title="bbox 161 3184 1487 3260; baseline 0 -15"><span class='ocrx_word' id='word_1_223' title='bbox 161 3251 162 3256; x_wconf 15' lang='lat'>1</span> <span class='ocrx_word' id='word_1_224' title='bbox 221 3188 320 3245; x_wconf 90' lang='lat' dir='ltr'>mines</span> <span class='ocrx_word' id='word_1_225' title='bbox 350 3193 415 3246; x_wconf 88' lang='lat' dir='ltr'>tam</span> <span class='ocrx_word' id='word_1_226' title='bbox 446 3187 544 3260; x_wconf 91' lang='lat' dir='ltr'>ipsius</span> <span class='ocrx_word' id='word_1_227' title='bbox 574 3185 693 3244; x_wconf 89' lang='lat' dir='ltr'>domini</span> <span class='ocrx_word' id='word_1_228' title='bbox 724 3185 862 3260; x_wconf 91' lang='lat' dir='ltr'>episcopi</span> <span class='ocrx_word' id='word_1_229' title='bbox 895 3200 1016 3259; x_wconf 87' lang='lat' dir='ltr'>quam</span> <span class='ocrx_word' id='word_1_230' title='bbox 1012 3184 1181 3258; x_wconf 80' lang='lat' dir='ltr'>adipsum</span> <span class='ocrx_word' id='word_1_231' title='bbox 1203 3191 1341 3244; x_wconf 88' lang='lat' dir='ltr'>castrum</span> <span class='ocrx_word' id='word_1_232' title='bbox 1367 3186 1487 3249; x_wconf 83' lang='lat' dir='ltr'>Medvre</span> 
     </span>
     <span class='ocr_line' id='line_1_26' title="bbox 221 3288 1487 3384; baseline 0.002 -34"><span class='ocrx_word' id='word_1_233' title='bbox 221 3293 417 3384; x_wconf 84' lang='lat' dir='ltr'>pertinentes,</span> <span class='ocrx_word' id='word_1_234' title='bbox 440 3293 480 3352; x_wconf 90' lang='lat' dir='ltr'>ad</span> <span class='ocrx_word' id='word_1_235' title='bbox 503 3297 624 3352; x_wconf 86' lang='lat' dir='ltr'>tenutas</span> <span class='ocrx_word' id='word_1_236' title='bbox 647 3288 743 3366; x_wconf 86' lang='lat' dir='ltr'>(sic)&#39;</span> <span class='ocrx_word' id='word_1_237' title='bbox 736 3292 847 3365; x_wconf 82' lang='lat' dir='ltr'>ipsius</span> <span class='ocrx_word' id='word_1_238' title='bbox 859 3291 991 3348; x_wconf 88' lang='lat' dir='ltr'>civitatis</span> <span class='ocrx_word' id='word_1_239' title='bbox 1015 3289 1222 3364; x_wconf 89' lang='lat' dir='ltr'>advenientes,</span> <span class='ocrx_word' id='word_1_240' title='bbox 1254 3292 1362 3365; x_wconf 91' lang='lat' dir='ltr'>ibique</span> <span class='ocrx_word' id='word_1_241' title='bbox 1387 3299 1487 3352; x_wconf 89' lang='lat' dir='ltr'>certos</span> 
     </span>
     <span class='ocr_line' id='line_1_27' title="bbox 220 3377 1488 3470; baseline 0.002 -14"><span class='ocrx_word' id='word_1_242' title='bbox 220 3379 443 3468; x_wconf 79' lang='lat' dir='ltr'>inhabitatores</span> <span class='ocrx_word' id='word_1_243' title='bbox 472 3377 553 3458; x_wconf 82' lang='lat' dir='ltr'>dicte</span> <span class='ocrx_word' id='word_1_244' title='bbox 584 3399 717 3456; x_wconf 88' lang='lat' dir='ltr'>civitatis</span> <span class='ocrx_word' id='word_1_245' title='bbox 747 3399 829 3455; x_wconf 91' lang='lat' dir='ltr'>circa</span> <span class='ocrx_word' id='word_1_246' title='bbox 859 3397 966 3456; x_wconf 90' lang='lat' dir='ltr'>vineas</span> <span class='ocrx_word' id='word_1_247' title='bbox 989 3397 1131 3470; x_wconf 89' lang='lat' dir='ltr'>ipsorum</span> <span class='ocrx_word' id='word_1_248' title='bbox 1154 3405 1380 3456; x_wconf 87' lang='lat' dir='ltr'>commorantes</span> <span class='ocrx_word' id='word_1_249' title='bbox 1402 3400 1488 3460; x_wconf 89' lang='lat' dir='ltr'>simi·</span> 
     </span>
     <span class='ocr_line' id='line_1_28' title="bbox 219 3483 1488 3579; baseline 0.001 -16"><span class='ocrx_word' id='word_1_250' title='bbox 219 3505 302 3564; x_wconf 89' lang='lat' dir='ltr'>liter</span> <span class='ocrx_word' id='word_1_251' title='bbox 314 3506 380 3564; x_wconf 89' lang='lat' dir='ltr'>sine</span> <span class='ocrx_word' id='word_1_252' title='bbox 402 3505 496 3578; x_wconf 87' lang='lat' dir='ltr'>culpa</span> <span class='ocrx_word' id='word_1_253' title='bbox 519 3485 692 3579; x_wconf 90' lang='lat' dir='ltr'>percutiet</span> <span class='ocrx_word' id='word_1_254' title='bbox 716 3483 883 3573; x_wconf 85' lang='lat' dir='ltr'>verberari,</span> <span class='ocrx_word' id='word_1_255' title='bbox 907 3503 1022 3576; x_wconf 87' lang='lat' dir='ltr'>quibus</span> <span class='ocrx_word' id='word_1_256' title='bbox 1044 3502 1147 3559; x_wconf 91' lang='lat' dir='ltr'>eciam</span> <span class='ocrx_word' id='word_1_257' title='bbox 1166 3519 1204 3561; x_wconf 85' lang='lat' dir='ltr'>ex</span> <span class='ocrx_word' id='word_1_258' title='bbox 1227 3503 1349 3562; x_wconf 80' lang='lat' dir='ltr'>civibus</span> <span class='ocrx_word' id='word_1_259' title='bbox 1360 3505 1488 3564; x_wconf 73' lang='lat' dir='ltr'>cellaria</span> 
     </span>
     <span class='ocr_line' id='line_1_29' title="bbox 220 3607 1495 3684; baseline 0.001 -16"><span class='ocrx_word' id='word_1_260' title='bbox 220 3616 250 3669; x_wconf 89' lang='lat' dir='ltr'>et</span> <span class='ocrx_word' id='word_1_261' title='bbox 273 3611 392 3682; x_wconf 91' lang='lat' dir='ltr'>domos,</span> <span class='ocrx_word' id='word_1_262' title='bbox 415 3611 470 3669; x_wconf 92' lang='lat' dir='ltr'>ubi</span> <span class='ocrx_word' id='word_1_263' title='bbox 494 3626 566 3668; x_wconf 82' lang='lat' dir='ltr'>vina</span> <span class='ocrx_word' id='word_1_264' title='bbox 575 3616 606 3668; x_wconf 90' lang='lat' dir='ltr'>et</span> <span class='ocrx_word' id='word_1_265' title='bbox 627 3610 704 3668; x_wconf 90' lang='lat' dir='ltr'>alias</span> <span class='ocrx_word' id='word_1_266' title='bbox 726 3625 777 3667; x_wconf 92' lang='lat' dir='ltr'>res</span> <span class='ocrx_word' id='word_1_267' title='bbox 800 3610 941 3683; x_wconf 91' lang='lat' dir='ltr'>ipsorum</span> <span class='ocrx_word' id='word_1_268' title='bbox 956 3607 1173 3684; x_wconf 88' lang='lat' dir='ltr'>reposuissent,</span> <span class='ocrx_word' id='word_1_269' title='bbox 1188 3608 1416 3684; x_wconf 83' lang='lat' dir='ltr'>confregissent,</span> <span class='ocrx_word' id='word_1_270' title='bbox 1432 3613 1487 3669; x_wconf 91' lang='lat' dir='ltr'>ab</span> <span class='ocrx_word' id='word_1_271' title='bbox 1492 3670 1495 3682; x_wconf 75' lang='grc'><strong>,</strong></span> 
     </span>
     <span class='ocr_line' id='line_1_30' title="bbox 219 3693 1486 3792; baseline 0 -16"><span class='ocrx_word' id='word_1_272' title='bbox 219 3693 291 3776; x_wconf 77' lang='lat' dir='ltr'>inde</span> <span class='ocrx_word' id='word_1_273' title='bbox 314 3718 423 3776; x_wconf 90' lang='lat' dir='ltr'>eadem</span> <span class='ocrx_word' id='word_1_274' title='bbox 446 3719 519 3775; x_wconf 90' lang='lat' dir='ltr'>vina</span> <span class='ocrx_word' id='word_1_275' title='bbox 543 3723 573 3775; x_wconf 92' lang='lat' dir='ltr'>et</span> <span class='ocrx_word' id='word_1_276' title='bbox 596 3717 673 3775; x_wconf 90' lang='lat' dir='ltr'>alias</span> <span class='ocrx_word' id='word_1_277' title='bbox 695 3731 744 3774; x_wconf 91' lang='lat' dir='ltr'>res</span> <span class='ocrx_word' id='word_1_278' title='bbox 767 3716 865 3789; x_wconf 90' lang='lat' dir='ltr'>recipi</span> <span class='ocrx_word' id='word_1_279' title='bbox 888 3720 918 3773; x_wconf 90' lang='lat' dir='ltr'>et</span> <span class='ocrx_word' id='word_1_280' title='bbox 940 3716 1013 3773; x_wconf 83' lang='lat' dir='ltr'>vina</span> <span class='ocrx_word' id='word_1_281' title='bbox 1036 3731 1106 3774; x_wconf 91' lang='lat' dir='ltr'>cum</span> <span class='ocrx_word' id='word_1_282' title='bbox 1131 3715 1212 3774; x_wconf 90' lang='lat' dir='ltr'>vasis</span> <span class='ocrx_word' id='word_1_283' title='bbox 1235 3717 1355 3776; x_wconf 85' lang='lat' dir='ltr'>extrahi</span> <span class='ocrx_word' id='word_1_284' title='bbox 1372 3724 1402 3775; x_wconf 90' lang='lat' dir='ltr'>et</span> <span class='ocrx_word' id='word_1_285' title='bbox 1424 3733 1486 3792; x_wconf 93' lang='lat' dir='ltr'>quo</span> 
     </span>
     <span class='ocr_line' id='line_1_31' title="bbox 220 3805 1486 3914; baseline -0.001 -32"><span class='ocrx_word' id='word_1_286' title='bbox 220 3824 362 3897; x_wconf 90' lang='lat' dir='ltr'>ipsorum</span> <span class='ocrx_word' id='word_1_287' title='bbox 385 3824 553 3898; x_wconf 88' lang='lat' dir='ltr'>placuisset</span> <span class='ocrx_word' id='word_1_288' title='bbox 576 3823 738 3888; x_wconf 41' lang='lat' dir='ltr'>voluntati,</span> <span class='ocrx_word' id='word_1_289' title='bbox 753 3805 867 3886; x_wconf 84' lang='lat' dir='ltr'>deduci</span> <span class='ocrx_word' id='word_1_290' title='bbox 882 3821 1034 3900; x_wconf 84' lang='lat' dir='ltr'>fecissent,</span> <span class='ocrx_word' id='word_1_291' title='bbox 1050 3823 1193 3914; x_wconf 87' lang='lat' dir='ltr'>potencia</span> <span class='ocrx_word' id='word_1_292' title='bbox 1210 3823 1371 3884; x_wconf 87' lang='lat' dir='ltr'>mediante.</span> <span class='ocrx_word' id='word_1_293' title='bbox 1400 3824 1486 3896; x_wconf 88' lang='lat' dir='ltr'>Item,</span> 
     </span>
    </p>
   </div>
   <div class='ocr_carea' id='block_1_5' title="bbox 120 3909 1486 4004">
    <p class='ocr_par' dir='ltr' id='par_1_5' title="bbox 120 3909 1486 4004">
     <span class='ocr_line' id='line_1_32' title="bbox 120 3909 1486 4004; baseline -0.001 -16"><span class='ocrx_word' id='word_1_294' title='bbox 120 3995 124 3998; x_wconf 8' lang='grc' dir='ltr'>Ἴ,</span> <span class='ocrx_word' id='word_1_295' title='bbox 221 3927 305 4003; x_wconf 92' lang='lat' dir='ltr'>quod</span> <span class='ocrx_word' id='word_1_296' title='bbox 336 3930 520 3988; x_wconf 87' lang='lat' dir='ltr'>honorabile</span> <span class='ocrx_word' id='word_1_297' title='bbox 551 3930 723 4002; x_wconf 91' lang='lat' dir='ltr'>capitulum</span> <span class='ocrx_word' id='word_1_298' title='bbox 756 3928 884 3986; x_wconf 91' lang='lat' dir='ltr'>ecclesie</span> <span class='ocrx_word' id='word_1_299' title='bbox 914 3909 1132 4000; x_wconf 81' lang='lat' dir='ltr'>zagrabiensis,</span> <span class='ocrx_word' id='word_1_300' title='bbox 1167 3928 1244 3986; x_wconf 91' lang='lat' dir='ltr'>dum</span> <span class='ocrx_word' id='word_1_301' title='bbox 1273 3929 1368 3987; x_wconf 91' lang='lat' dir='ltr'>iidem</span> <span class='ocrx_word' id='word_1_302' title='bbox 1392 3944 1486 4004; x_wconf 86' lang='lat' dir='ltr'>expo·</span> 
     </span>
    </p>
   </div>
   <div class='ocr_carea' id='block_1_6' title="bbox 188 4035 1493 5088">
    <p class='ocr_par' dir='ltr' id='par_1_6' title="bbox 188 4035 1486 4331">
     <span class='ocr_line' id='line_1_33' title="bbox 219 4035 1485 4126; baseline -0.001 -32"><span class='ocrx_word' id='word_1_303' title='bbox 219 4042 325 4111; x_wconf 84' lang='lat' dir='ltr'>nentes</span> <span class='ocrx_word' id='word_1_304' title='bbox 348 4035 467 4100; x_wconf 86' lang='lat' dir='ltr'>litteras</span> <span class='ocrx_word' id='word_1_305' title='bbox 490 4037 724 4111; x_wconf 87' lang='lat' dir='ltr'>protestatorias</span> <span class='ocrx_word' id='word_1_306' title='bbox 746 4040 778 4093; x_wconf 88' lang='lat' dir='ltr'>et</span> <span class='ocrx_word' id='word_1_307' title='bbox 807 4035 1003 4126; x_wconf 85' lang='lat' dir='ltr'>inhibitorias</span> <span class='ocrx_word' id='word_1_308' title='bbox 1033 4051 1128 4108; x_wconf 92' lang='lat' dir='ltr'>super</span> <span class='ocrx_word' id='word_1_309' title='bbox 1159 4036 1320 4108; x_wconf 90' lang='lat' dir='ltr'>premissis</span> <span class='ocrx_word' id='word_1_310' title='bbox 1351 4051 1485 4110; x_wconf 85' lang='lat' dir='ltr'>occupa-¹</span> 
     </span>
     <span class='ocr_line' id='line_1_34' title="bbox 219 4115 1486 4233; baseline -0.001 -34"><span class='ocrx_word' id='word_1_311' title='bbox 219 4143 360 4233; x_wconf 82' lang='lat' dir='ltr'>cionibus</span> <span class='ocrx_word' id='word_1_312' title='bbox 390 4149 420 4200; x_wconf 89' lang='lat' dir='ltr'>et</span> <span class='ocrx_word' id='word_1_313' title='bbox 448 4143 520 4200; x_wconf 93' lang='lat' dir='ltr'>aliis</span> <span class='ocrx_word' id='word_1_314' title='bbox 552 4142 695 4216; x_wconf 89' lang='lat' dir='ltr'>superius</span> <span class='ocrx_word' id='word_1_315' title='bbox 726 4115 926 4215; x_wconf 85' lang='lat' dir='ltr'>specificatis</span> <span class='ocrx_word' id='word_1_316' title='bbox 933 4141 1057 4210; x_wconf 85' lang='lat' dir='ltr'>racione</span> <span class='ocrx_word' id='word_1_317' title='bbox 1081 4139 1233 4200; x_wconf 88' lang='lat' dir='ltr'>dictarum</span> <span class='ocrx_word' id='word_1_318' title='bbox 1257 4142 1486 4215; x_wconf 91' lang='lat' dir='ltr'>possessionum</span> 
     </span>
     <span class='ocr_line' id='line_1_35' title="bbox 188 4229 1485 4331; baseline 0.002 -27"><span class='ocrx_word' id='word_1_319' title='bbox 188 4236 192 4242; x_wconf 82' lang='grc'><strong>’</strong></span> <span class='ocrx_word' id='word_1_320' title='bbox 219 4253 249 4304; x_wconf 90' lang='lat' dir='ltr'>et</span> <span class='ocrx_word' id='word_1_321' title='bbox 272 4247 353 4320; x_wconf 88' lang='lat' dir='ltr'>vadi,</span> <span class='ocrx_word' id='word_1_322' title='bbox 377 4249 454 4322; x_wconf 85' lang='lat' dir='ltr'>ipsis</span> <span class='ocrx_word' id='word_1_323' title='bbox 476 4255 583 4308; x_wconf 88' lang='lat' dir='ltr'>contra</span> <span class='ocrx_word' id='word_1_324' title='bbox 606 4247 764 4321; x_wconf 85' lang='lat' dir='ltr'>prefatum</span> <span class='ocrx_word' id='word_1_325' title='bbox 786 4247 950 4306; x_wconf 91' lang='lat' dir='ltr'>dominum</span> <span class='ocrx_word' id='word_1_326' title='bbox 973 4229 1148 4305; x_wconf 89' lang='lat' dir='ltr'>Osualdum</span> <span class='ocrx_word' id='word_1_327' title='bbox 1171 4250 1355 4322; x_wconf 90' lang='lat' dir='ltr'>episcopum</span> <span class='ocrx_word' id='word_1_328' title='bbox 1379 4256 1471 4306; x_wconf 90' lang='lat' dir='ltr'>et</span> <span class='ocrx_word' id='word_1_329' title='bbox 1430 4249 1485 4331; x_wconf 88' lang='lat' dir='ltr'>J</span> 
     </span>
    </p>

    <p class='ocr_par' dir='ltr' id='par_1_7' title="bbox 217 4345 1493 5068">
     <span class='ocr_line' id='line_1_36' title="bbox 218 4345 1490 4431; baseline 0.001 -20"><span class='ocrx_word' id='word_1_330' title='bbox 218 4353 353 4431; x_wconf 88' lang='lat' dir='ltr'>hannem</span> <span class='ocrx_word' id='word_1_331' title='bbox 374 4355 480 4419; x_wconf 83' lang='lat' dir='ltr'>waz</span> <span class='ocrx_word' id='word_1_332' title='bbox 493 4354 531 4414; x_wconf 94' lang='lat' dir='ltr'>de</span> <span class='ocrx_word' id='word_1_333' title='bbox 554 4353 620 4422; x_wconf 84' lang='lat' dir='ltr'>Lair</span> <span class='ocrx_word' id='word_1_334' title='bbox 643 4357 728 4412; x_wconf 88' lang='lat' dir='ltr'>iuxta</span> <span class='ocrx_word' id='word_1_335' title='bbox 751 4345 843 4412; x_wconf 82' lang='lat' dir='ltr'>huius</span> <span class='ocrx_word' id='word_1_336' title='bbox 866 4355 953 4427; x_wconf 82' lang='lat' dir='ltr'>regui</span> <span class='ocrx_word' id='word_1_337' title='bbox 976 4353 1232 4412; x_wconf 87' lang='lat' dir='ltr'>consvetudinem</span> <span class='ocrx_word' id='word_1_338' title='bbox 1255 4353 1324 4413; x_wconf 89' lang='lat' dir='ltr'>dari</span> <span class='ocrx_word' id='word_1_339' title='bbox 1344 4361 1374 4412; x_wconf 90' lang='lat' dir='ltr'>et</span> <span class='ocrx_word' id='word_1_340' title='bbox 1396 4370 1490 4412; x_wconf 71' lang='lat' dir='ltr'>ema.</span> 
     </span>
     <span class='ocr_line' id='line_1_37' title="bbox 218 4441 1485 4554; baseline -0.002 -35"><span class='ocrx_word' id='word_1_341' title='bbox 218 4461 285 4553; x_wconf 80' lang='lat' dir='ltr'>nari</span> <span class='ocrx_word' id='word_1_342' title='bbox 314 4460 416 4520; x_wconf 84' lang='lat' dir='ltr'>iacere</span> <span class='ocrx_word' id='word_1_343' title='bbox 445 4441 662 4535; x_wconf 88' lang='lat' dir='ltr'>postulassent,</span> <span class='ocrx_word' id='word_1_344' title='bbox 694 4471 766 4520; x_wconf 90' lang='lat' dir='ltr'>tunc</span> <span class='ocrx_word' id='word_1_345' title='bbox 788 4463 873 4524; x_wconf 90' lang='lat' dir='ltr'>idem</span> <span class='ocrx_word' id='word_1_346' title='bbox 904 4463 987 4554; x_wconf 84' lang='lat' dir='ltr'>capit</span> <span class='ocrx_word' id='word_1_347' title='bbox 975 4461 1078 4548; x_wconf 88' lang='lat' dir='ltr'>tulum</span> <span class='ocrx_word' id='word_1_348' title='bbox 1101 4461 1207 4520; x_wconf 89' lang='lat' dir='ltr'>easdes</span> <span class='ocrx_word' id='word_1_349' title='bbox 1229 4462 1352 4519; x_wconf 88' lang='lat' dir='ltr'>litteras</span> <span class='ocrx_word' id='word_1_350' title='bbox 1375 4461 1417 4518; x_wconf 91' lang='lat' dir='ltr'>ob</span> <span class='ocrx_word' id='word_1_351' title='bbox 1440 4459 1485 4517; x_wconf 89' lang='lat' dir='ltr'>fa·</span> 
     </span>
     <span class='ocr_line' id='line_1_38' title="bbox 217 4549 1485 4660; baseline 0.002 -38"><span class='ocrx_word' id='word_1_352' title='bbox 217 4580 327 4627; x_wconf 90' lang='lat' dir='ltr'>vorem</span> <span class='ocrx_word' id='word_1_353' title='bbox 349 4567 473 4660; x_wconf 71' lang='lat' dir='ltr'>prefati</span> <span class='ocrx_word' id='word_1_354' title='bbox 482 4567 601 4657; x_wconf 86' lang='lat' dir='ltr'>domini</span> <span class='ocrx_word' id='word_1_355' title='bbox 624 4569 766 4642; x_wconf 89' lang='lat' dir='ltr'>prelati</span> <span class='ocrx_word' id='word_1_356' title='bbox 759 4549 909 4642; x_wconf 84' lang='lat' dir='ltr'>ipsorum,</span> <span class='ocrx_word' id='word_1_357' title='bbox 927 4569 1003 4660; x_wconf 87' lang='lat' dir='ltr'>ipsis</span> <span class='ocrx_word' id='word_1_358' title='bbox 1020 4569 1142 4626; x_wconf 89' lang='lat' dir='ltr'>civibus</span> <span class='ocrx_word' id='word_1_359' title='bbox 1158 4573 1350 4643; x_wconf 88' lang='lat' dir='ltr'>opportunas</span> <span class='ocrx_word' id='word_1_360' title='bbox 1366 4549 1485 4626; x_wconf 89' lang='lat' dir='ltr'>eisdem</span> 
     </span>
     <span class='ocr_line' id='line_1_39' title="bbox 218 4670 1486 4766; baseline 0 -36"><span class='ocrx_word' id='word_1_361' title='bbox 218 4670 302 4742; x_wconf 87' lang='lat' dir='ltr'>dare</span> <span class='ocrx_word' id='word_1_362' title='bbox 315 4678 345 4731; x_wconf 93' lang='lat' dir='ltr'>et</span> <span class='ocrx_word' id='word_1_363' title='bbox 368 4689 550 4764; x_wconf 81' lang='lat' dir='ltr'>emanarer</span> <span class='ocrx_word' id='word_1_364' title='bbox 533 4681 716 4750; x_wconf 81' lang='lat' dir='ltr'>recusasset,</span> <span class='ocrx_word' id='word_1_365' title='bbox 735 4681 954 4766; x_wconf 82' lang='lat' dir='ltr'>recusaretque</span> <span class='ocrx_word' id='word_1_366' title='bbox 974 4675 1074 4744; x_wconf 83' lang='lat' dir='ltr'>eciam</span> <span class='ocrx_word' id='word_1_367' title='bbox 1101 4673 1139 4732; x_wconf 90' lang='lat' dir='ltr'>de</span> <span class='ocrx_word' id='word_1_368' title='bbox 1162 4674 1307 4748; x_wconf 82' lang='lat' dir='ltr'>presenti,</span> <span class='ocrx_word' id='word_1_369' title='bbox 1333 4673 1486 4758; x_wconf 87' lang='lat' dir='ltr'>premissa</span> 
     </span>
     <span class='ocr_line' id='line_1_40' title="bbox 217 4755 1487 4874; baseline 0 -38"><span class='ocrx_word' id='word_1_370' title='bbox 217 4783 275 4854; x_wconf 86' lang='lat' dir='ltr'>pot</span> <span class='ocrx_word' id='word_1_371' title='bbox 276 4761 362 4874; x_wconf 71' lang='grc' dir='ltr'>οιιοιι</span> <span class='ocrx_word' id='word_1_372' title='bbox 384 4755 568 4850; x_wconf 80' lang='lat' dir='ltr'>mediante</span> <span class='ocrx_word' id='word_1_373' title='bbox 559 4797 594 4838; x_wconf 91' lang='grc' dir='ltr'>ιιι</span> <span class='ocrx_word' id='word_1_374' title='bbox 615 4775 877 4870; x_wconf 83' lang='lat' dir='ltr'>preiudiciumet</span> <span class='ocrx_word' id='word_1_375' title='bbox 894 4780 1073 4854; x_wconf 84' lang='lat' dir='ltr'>dampnum</span> <span class='ocrx_word' id='word_1_376' title='bbox 1089 4757 1245 4838; x_wconf 90' lang='lat' dir='ltr'>dictorum</span> <span class='ocrx_word' id='word_1_377' title='bbox 1260 4779 1487 4854; x_wconf 85' lang='lat' dir='ltr'>exponencium</span> 
     </span>
     <span class='ocr_line' id='line_1_41' title="bbox 220 4859 1490 4980; baseline -0.001 -37"><span class='ocrx_word' id='word_1_378' title='bbox 220 4859 314 4952; x_wconf 78' lang='lat' dir='ltr'>valde</span> <span class='ocrx_word' id='word_1_379' title='bbox 343 4902 501 4980; x_wconf 81' lang='lat' dir='ltr'>magnum.</span> <span class='ocrx_word' id='word_1_380' title='bbox 532 4863 640 4960; x_wconf 82' lang='lat' dir='ltr'>Qua</span> <span class='ocrx_word' id='word_1_381' title='bbox 633 4888 834 4976; x_wconf 84' lang='lat' dir='ltr'>inquisicione</span> <span class='ocrx_word' id='word_1_382' title='bbox 857 4887 946 4959; x_wconf 83' lang='lat' dir='ltr'>facta,</span> <span class='ocrx_word' id='word_1_383' title='bbox 970 4887 1065 4946; x_wconf 89' lang='lat' dir='ltr'>iidem</span> <span class='ocrx_word' id='word_1_384' title='bbox 1087 4883 1206 4963; x_wconf 85' lang='lat' dir='ltr'>judices</span> <span class='ocrx_word' id='word_1_385' title='bbox 1229 4886 1386 4944; x_wconf 91' lang='lat' dir='ltr'>nobilium</span> <span class='ocrx_word' id='word_1_386' title='bbox 1408 4877 1490 4944; x_wconf 82' lang='lat' dir='ltr'>feria</span> 
     </span>
     <span class='ocr_line' id='line_1_42' title="bbox 224 4972 1493 5088; baseline 0 -36"><span class='ocrx_word' id='word_1_387' title='bbox 224 4972 323 5086; x_wconf 79' lang='lat' dir='ltr'>sexta</span> <span class='ocrx_word' id='word_1_388' title='bbox 319 4987 475 5088; x_wconf 81' lang='lat' dir='ltr'>proxima</span> <span class='ocrx_word' id='word_1_389' title='bbox 497 4999 568 5086; x_wconf 73' lang='lat' dir='ltr'>ranate</span> <span class='ocrx_word' id='word_1_390' title='bbox 590 4992 704 5052; x_wconf 78' lang='lat' dir='ltr'>festum</span> <span class='ocrx_word' id='word_1_391' title='bbox 727 4995 916 5084; x_wconf 80' lang='lat' dir='ltr'>nativitatis</span> <span class='ocrx_word' id='word_1_392' title='bbox 925 4994 1015 5086; x_wconf 83' lang='lat' dir='ltr'>beate</span> <span class='ocrx_word' id='word_1_393' title='bbox 1044 4995 1141 5052; x_wconf 90' lang='lat' dir='ltr'>Marie</span> <span class='ocrx_word' id='word_1_394' title='bbox 1172 4994 1310 5074; x_wconf 86' lang='lat' dir='ltr'>virginis,</span> <span class='ocrx_word' id='word_1_395' title='bbox 1340 4993 1493 5072; x_wconf 82' lang='lat' dir='ltr'>similiter.¹</span> 
     </span>
    </p>
   </div>
   <div class='ocr_carea' id='block_1_7' title="bbox 0 0 1918 5822">
    <p class='ocr_par' dir='ltr' id='par_1_8' title="bbox 0 0 1918 5822">
     <span class='ocr_line' id='line_1_43' title="bbox 0 0 1918 5822; baseline 0 3"><span class='ocrx_word' id='word_1_396' title='bbox 0 0 1918 5822; x_wconf 95' lang='lat' dir='ltr'> </span> 
     </span>
    </p>
   </div>
  </div>
 </body>
</html>
