3932 5806
728 593 801 651 Dor.
824 602 891 668 217.
916 625 958 634 —
982 591 1038 648 An.
1062 584 1154 667 1460.
1240 607 1242 613 ’
1496 603 1555 658 277

296 700 377 710 —00

294 806 405 872 propria.
424 803 528 854 Blasius
552 804 585 853 de
609 802 703 853 Nemes
728 819 762 855 m.
782 819 807 867 p.
824 801 939 866 Jacobus
963 800 995 848 de
1019 799 1100 849 Tiuer
1118 799 1278 848 decretorum
1297 797 1396 856 doctor,
1416 813 1470 849 can.
1490 813 1557 860 zagr.

294 912 327 948 m.
347 911 372 960 p.
399 892 513 944 Thomas
533 892 654 957 Thompa
672 907 727 943 can.
747 907 814 955 sagr.
836 906 869 942 m.
889 906 914 955 p.
942 891 1091 938 Demetiius
1109 888 1198 937 doctor
1216 893 1242 936 et
1260 887 1371 938 vicarius
1389 884 1498 935 ecclesie
1516 901 1557 934 aa·

293 983 437 1048 grabieusis
455 981 578 1048 predicte.
598 979 729 1030 Gerardus
748 980 781 1028 de
798 978 882 1028 Patalr
902 994 957 1030 cau.
976 976 1038 1028 eccl.
1058 993 1125 1040 zagr.
1139 991 1172 1028 m.
1192 992 1218 1041 p.
1235 973 1338 1024 Blasius
1357 974 1390 1023 de
1408 970 1558 1024 Marowclia

293 1089 348 1124 can.
368 1071 468 1135 zagrab.
487 1085 520 1119 m.
547 1085 571 1134 p.
588 1068 722 1134 Johannes
741 1084 761 1120 s.
779 1067 910 1132 Johannis
928 1065 1037 1114 ecclesie
1055 1064 1183 1130 plebanus
1201 1069 1227 1114 et
1245 1079 1300 1114 can.
1320 1079 1389 1128 zagr.
1407 1078 1440 1114 m.
1460 1078 1486 1127 p.
1541 1115 1545 1124 ,

408 1195 487 1244 Liber
514 1193 608 1243 rubeus
635 1209 691 1244 ven.
721 1191 828 1272 capituli
855 1189 916 1242 eccl.
954 1189 1106 1254 zagrab.1n
1133 1188 1228 1239 archiv.
1256 1186 1318 1238 incl.
1347 1187 1430 1238 Acad.
1462 1187 1558 1242 Sciant,

294 1284 363 1336 Slav.
382 1284 472 1337 merid.

887 1457 967 1527 217.

399 1601 473 1652 Circa
491 1618 530 1654 an.
554 1601 629 1665 1460,
650 1613 690 1664 14.
711 1599 872 1665 septembris.
889 1597 1082 1676 InRalrouok.

293 1728 434 1788 Sebaldus
456 1728 646 1804 Majeruiser,
668 1726 843 1784 castellanus
866 1725 897 1782 in
921 1724 1072 1794 Rakonok,
1091 1725 1294 1799 possessionem
1309 1699 1559 1802 quandam'joba-

289 1835 444 1910 gionalem,
465 1833 522 1892 sibi
542 1833 579 1890 ab
608 1832 714 1901 Ulrico,
744 1831 835 1889 Ci'liae
849 1831 954 1901 comite,
972 1826 1122 1899 donatam,
1137 1832 1308 1888 monasterio
1329 1831 1559 1906 cysterciensium

314 1940 542 2016 zagrabiensium
565 1938 639 1998 dono
660 1937 714 1996 dat
735 1936 777 1994 ad
796 1937 902 1994 scelera
923 1954 987 2006 suo,
1009 1954 1180 2011 suorumque
1194 1943 1351 2010 parentiam
1374 1938 1529 2012 expianda.

399 2083 462 2143 Nos
478 2082 633 2142 Seboidus
648 2082 869 2156 Mayervisher,
885 2081 1057 2140 castelanus
1069 2080 1188 2140 castelli
1204 2082 1236 2140 in
1251 2079 1401 2140 Rakouok
1416 2083 1514 2143 habiti
1530 2089 1559 2142 et

292 2189 421 2251 fundati.
436 2190 584 2248 Memorie
597 2187 851 2246 commendamus
864 2191 969 2245 tenore
982 2187 1177 2261 presencium
1199 2186 1415 2261 significantes,
1443 2189 1557 2262 quibus

292 2297 420 2372 expedit
442 2297 603 2366 universis,
628 2293 785 2368 quomodo
808 2292 941 2351 condam
956 2293 1088 2352 illustris
1105 2293 1248 2368 princeps
1264 2293 1409 2352 dominus
1425 2294 1558 2366 Vlricus,

292 2405 342 2462 dei
365 2403 465 2476 gratia
498 2401 586 2472 Cilie,
621 2400 839 2472 Ortemburge,
875 2398 1066 2472 Zagorieque
1102 2413 1205 2457 comes
1240 2404 1296 2459 etc.
1319 2415 1437 2458 necnon
1471 2401 1559 2475 regni
1653 2399 1662 2412 ⁸

291 2507 454 2570 Selauonie
473 2509 572 2566 banus
601 2522 636 2564 ac
667 2505 812 2564 dominus
843 2505 935 2564 castri
965 2504 1094 2576 Medwe,
1125 2519 1244 2564 necnon
1276 2506 1420 2564 dominus
1454 2513 1570 2566 noster
1630 2503 1633 2508 ’

292 2616 460 2690 graciosus,
483 2614 592 2687 vigore
615 2625 743 2670 suarum
765 2611 941 2669 litterarum
971 2591 1221 2669 donacionalium
1243 2611 1410 2685 superinde
1440 2611 1559 2670 coniec-

288 2729 396 2812 ,tarum
418 2735 513 2779 unam
535 2720 705 2778 sessionem
725 2709 814 2776 s'uam
836 2714 1068 2792 jobagionalem
1091 2718 1123 2775 in
1146 2718 1339 2791 possessione
1360 2717 1482 2776 Nowak
1504 2733 1559 2777 vo·

292 2833 360 2887 cata
381 2829 522 2902 inportu
537 2825 635 2884 sancti
649 2824 760 2907 Jacobi
777 2823 927 2895 habitam,
950 2824 1142 2896 existentem,
1165 2823 1197 2881 iu
1212 2821 1403 2897 quaquidem
1424 2825 1558 2883 sessione

292 2934 421 3009 quidam
443 2933 581 2991 Thomas
595 2929 722 3008 jobagio
745 2929 785 3000 ad
800 2945 928 3004 presens
942 2927 1145 2988 residenciam
1168 2928 1241 2987 iacit
1264 2929 1471 3004 personalem,
1486 2946 1558 2989 curn

291 3040 437 3100 omnibus
461 3038 600 3097 eiusdem
624 3036 769 3096 sessionis
791 3033 998 3111 jobagionaiis
1019 3035 1214 3108 utilitatibus,
1245 3041 1321 3110 puta
1343 3037 1434 3095 terris
1456 3037 1558 3096 arabi·

291 3147 375 3204 libus
392 3145 484 3203 cultis
500 3149 530 3202 et
545 3143 678 3215 incultis,
704 3142 803 3214 silvis,
826 3141 933 3216 pratis,
957 3140 1075 3212 feretis,
1098 3142 1288 3214 nemoribus,
1304 3143 1436 3217 pascuis,
1459 3144 1558 3217 aquis,

291 3252 403 3324 fluviis,
426 3250 600 3325 piscaturis,
624 3249 819 3323 pisciumque
842 3247 995 3306 clausuris
1011 3253 1040 3305 et
1056 3248 1241 3322 generaliter
1265 3249 1477 3321 quarumlibet
1500 3250 1558 3308 uti·

291 3359 415 3417 litatum
439 3355 677 3429 integritatibus,
700 3353 970 3421 fructuositatibus
985 3358 1016 3412 et
1031 3354 1229 3428 pertinenciis
1252 3354 1404 3412 universis
1427 3353 1467 3412 ad
1488 3370 1558 3414 ean·

292 3464 364 3522 dem
387 3463 555 3522 sessionem
577 3458 809 3538 jobagionalem
839 3475 965 3534 semper
999 3465 1029 3517 et
1051 3459 1092 3517 ab
1115 3461 1242 3532 antiquo
1265 3459 1304 3517 de
1326 3457 1394 3536 J'ure
1418 3465 1558 3536 spectan-

290 3567 372 3628 tibus
395 3574 425 3628 et
448 3567 603 3642 pertinere
627 3565 821 3636 debentibus
843 3566 943 3638 nobis,
970 3565 1146 3639 nostrisque
1158 3563 1337 3650 heredibus,
1360 3568 1475 3625 nostris
1499 3582 1558 3641 pro

192 3689 193 3693 ’
290 3677 430 3736 serviciis
464 3676 718 3748 inperpetuum
752 3671 896 3744 dedisset,
932 3672 1076 3731 donasset
1110 3679 1139 3731 et
1170 3673 1362 3743 contulisset;
1401 3673 1471 3732 ideo
1502 3689 1558 3732 nos

290 3784 395 3842 animo
417 3782 591 3862 deliberato
614 3780 745 3838 eandem
770 3780 938 3838 sessionem
961 3783 1101 3839 nostram
1130 3777 1362 3856 jobagionaiem
1385 3780 1417 3838 in
1448 3779 1558 3841 eadem

290 3890 484 3965 possessione
517 3893 622 3946 nostra
646 3885 766 3945 Nowalr
800 3891 909 3944 vocata
940 3887 1089 3958 habitam,
1120 3886 1216 3944 simui
1246 3901 1318 3944 cum
1342 3887 1459 3945 cunctis
1493 3889 1556 3946 suis

290 3995 478 4054 utilitatibus
501 4000 532 4052 ei
554 3992 752 4068 pertinenciis
783 3991 976 4066 quibuslibet
1005 3991 1192 4066 supradictis
1224 3997 1253 4050 et
1276 3991 1470 4066 specificatis,
1493 3971 1557 4051 tam

290 4102 331 4159 ob
365 4100 578 4174 expiacionem
609 4098 762 4156 scelerum
792 4103 970 4156 nostrorum
993 4112 1029 4155 ac
1063 4102 1228 4171 parentum
1250 4101 1280 4155 et
1303 4097 1559 4172 predecessorum

290 4213 477 4277 nostrorum,
501 4205 636 4262 claustro
654 4219 712 4262 seu
735 4204 924 4262 monasterio
958 4205 1047 4262 beate
1077 4199 1172 4261 Ma'rie
1206 4205 1335 4277 virginis
1358 4203 1475 4262 ordinis
1492 4204 1558 4277 ‘Cy-

289 4312 471 4382 sterciensis,
494 4303 644 4382 Zagrabie
668 4307 806 4379 fundato,
830 4325 870 4368 ac·
888 4327 945 4384 per
968 4325 1160 4383 consequens
1183 4309 1357 4368 venerabili
1380 4310 1449 4368 viro
1466 4310 1556 4369 fratri

291 4415 495 4491 Wynnando,
530 4415 682 4474 moderno
713 4415 821 4474 abbati
855 4409 930 4474 dicti
963 4415 1141 4474 monasterii
1169 4415 1259 4473 beate
1287 4415 1382 4473 Marie
1419 4416 1557 4489 virginis,

289 4525 450 4599 ipsiusque
479 4504 727 4593 successoribus,
758 4521 877 4595 totique
907 4521 1072 4580 conventui
1102 4521 1281 4579 monasterii
1315 4520 1462 4594 eiusdem,
1491 4528 1558 4581 turn

290 4631 388 4689 eciam
411 4629 453 4687 ob
470 4621 566 4702 ‘spem
589 4633 620 4686 et
642 4627 853 4699 devocionem
878 4643 955 4700 quas
978 4628 1009 4685 in
1033 4626 1142 4685 eadem
1159 4627 1279 4700 virgine
1301 4627 1438 4699 gloriosa
1461 4629 1559 4687 Maria

290 4737 339 4795 dei
362 4736 509 4810 genitrice
532 4749 657 4809 semper
671 4731 824 4792 indefesse
840 4733 1016 4806 habuimus,
1040 4735 1240 4807 gerimusque
1257 4737 1287 4790 et
1302 4733 1464 4806 habemus,
1480 4750 1558 4809 pure

206 4826 214 4836 ⁸
289 4847 420 4917 propter
442 4841 535 4900 deum
568 4833 720 4913 dedimus,
752 4839 947 4912 donavimus,
978 4840 1176 4912 contulimus,
1199 4839 1297 4897 immo
1320 4838 1440 4911 damus,
1464 4839 1558 4898 dona·

289 4963 360 5007 mus
383 4953 413 5007 et
435 4946 624 5007 conferimus
646 4962 704 5021 per
727 4944 856 5004 eandem
874 4945 1035 5004 ecclesiam
1058 4947 1148 5004 beate
1164 4945 1261 5017 Marie
1284 4916 1414 5018 virginis
1437 4961 1473 5003 ac
1489 4962 1558 5019 pre·

289 5055 389 5115 fatum
407 5055 569 5114 dominum
585 5053 806 5128 Wynnandum
824 5051 1009 5112 modernum
1029 5053 1176 5111 abbatem
1192 5057 1355 5126 totumque
1371 5058 1558 5111 conventum
