3930 5802
720 576 796 636 Dec.
820 589 888 634 110.
911 607 954 619 —
976 574 1033 636 An.
1055 569 1147 652 1438.
1497 589 1557 649 13⁷

293 809 333 852 ex
355 808 504 853 consensu
527 792 670 852 similiter
692 798 723 851 et
746 791 908 851 voluntate
930 791 1088 852 dictorum
1105 792 1304 852 dominorum
1321 805 1459 863 suorum,
1482 789 1560 848 feria

295 901 403 974 quinta
426 901 571 975 proxima
594 905 664 959 ante
687 899 801 958 festum
824 900 909 958 beati
924 901 1044 958 Thome
1059 899 1193 974 apostoli
1207 899 1350 974 proxime
1364 897 1559 973 preteritum,

292 1007 459 1066 nonnullos
482 1004 663 1082 jobagiones
686 1013 716 1065 et
739 1007 867 1064 colonos
890 1005 972 1065 dicte
994 1006 1129 1064 civitatis
1147 1005 1274 1063 invilla
1291 1002 1435 1062 Grachan
1450 1007 1559 1060 vocata

292 1119 530 1184 commorantes,
564 1111 795 1186 nonnullosque
829 1112 912 1170 cives
946 1117 977 1170 et
1006 1111 1197 1170 habitatores
1233 1109 1314 1168 dicte
1347 1109 1481 1167 civitatis
1503 1124 1560 1183 per

292 1218 399 1276 vineas
421 1224 451 1276 et
480 1217 596 1276 kuchas
626 1218 659 1276 in
682 1218 841 1276 montibus
864 1223 894 1276 et
915 1219 996 1276 circa
1020 1218 1125 1276 vineas
1161 1215 1328 1291 predictas,
1350 1215 1507 1288 signanter
1526 1215 1560 1274 in

292 1323 435 1383 cellariis·
451 1323 619 1382 earundem
643 1323 805 1382 vinearum
829 1330 969 1399 repertos
992 1327 1023 1382 et
1044 1323 1187 1381 inventos
1211 1321 1365 1395 captivari
1396 1325 1426 1378 et
1452 1323 1559 1395 captos

293 1429 360 1488 dire
394 1430 583 1500 tormentari,
607 1429 647 1487 ad
671 1429 852 1504 dictumque
873 1436 1011 1488 castrum
1033 1428 1153 1488 Medwe
1183 1429 1358 1488 vinculatos
1388 1426 1500 1485 deduci
1529 1431 1560 1485 et

292 1536 324 1594 in
347 1537 410 1594 suis
432 1536 608 1594 carceribus
632 1535 762 1595 detineri
784 1535 913 1608 fecisset,
937 1551 1016 1610 quos
1041 1539 1180 1594 servaret
1203 1535 1377 1594 vinculatos
1398 1535 1496 1594 eciam
1520 1533 1559 1592 de

292 1643 444 1716 presenti;
473 1643 596 1716 aliquos
625 1645 731 1701 autem
763 1657 801 1701 ex
832 1641 949 1701 eisdem
970 1643 1003 1701 in
1027 1657 1141 1716 magna
1164 1643 1334 1716 quantitate
1357 1642 1559 1715 pecuniarum

292 1753 432 1822 pactatos
455 1747 542 1806 abire
563 1748 764 1822 permisisset,
788 1749 930 1822 potencia
952 1749 1116 1820 mediante,
1134 1749 1166 1807 in
1181 1747 1387 1823 preiudicium
1403 1755 1433 1807 et
1449 1747 1559 1821 damp-

291 1869 368 1911 num
391 1853 546 1912 dictorum
567 1854 683 1912 civium
708 1853 801 1912 valde
823 1869 980 1927 magnum.
1005 1853 1106 1929 Super
1130 1869 1193 1928 quo
1215 1861 1354 1912 vestram
1384 1853 1558 1913 amiciciam

291 1960 487 2034 presentibus
513 1960 648 2033 petimus
670 1965 846 2018 reverenter
880 1966 1031 2034 quatenus
1062 1965 1201 2020 vestrum
1236 1961 1365 2020 mittatis
1398 1961 1558 2019 hominem

292 2079 354 2139 pro
382 2065 559 2124 testimonio
592 2063 794 2138 fidedlgnum,
826 2081 888 2139 quo
911 2074 1061 2142 presente,
1100 2065 1284 2141 Stephanus,
1320 2067 1405 2124 filius
1428 2065 1557 2138 Nicolai,

293 2179 347 2230 aut
370 2170 531 2246 Georgius,
556 2171 641 2230 filius
664 2172 749 2230 Iwan
772 2172 810 2230 de
832 2172 1032 2246 Brezouycza,
1055 2190 1110 2231 ceu
1130 2173 1302 2244 Ladislaus,
1318 2173 1404 2231 filius
1419 2172 1558 2231 eiusdem

292 2277 414 2337 Nicolai
444 2279 483 2337 de
517 2279 634 2350 eadem,
666 2284 719 2336 aut
753 2278 921 2352 Gregorius
952 2279 991 2336 de
1025 2279 1209 2352 Beryzloucz
1245 2279 1297 2337 vel
1319 2281 1476 2364 Johannes
1499 2281 1553 2338 aut

291 2383 416 2457 Paulus,
450 2386 509 2444 filii
531 2385 640 2470 Jacobi
677 2383 715 2442 tle
743 2384 931 2468 Jazenowcz‚
962 2386 1029 2444 sive
1059 2385 1200 2450 Mathias.
1225 2385 1310 2444 filius
1332 2385 1474 2456 Emerici,
1498 2383 1557 2444 filii

295 2491 452 2550 Dominici
475 2491 513 2550 de
536 2490 738 2562 Adamowch,
760 2507 815 2549 seu
838 2491 977 2562 Mathias,
1000 2491 1085 2549 filius
1106 2490 1227 2550 Nicolai
1249 2490 1288 2549 de
1303 2491 1557 2564 Alsoglawnicos,

292 2597 362 2657 aliis
384 2598 574 2670 absentibus,
604 2599 700 2656 homo
730 2604 844 2670 noster,
875 2599 915 2656 ab
938 2597 1094 2668 omnibus,
1118 2597 1232 2671 quibus
1254 2597 1414 2669 incumbit,
1437 2611 1557 2654 meram

293 2703 332 2761 de
355 2705 514 2778 premissis
544 2705 722 2778 experiatur
752 2705 923 2776 veritatem,
958 2718 1053 2777 quam
1087 2703 1215 2762 tandem
1237 2703 1328 2762 nobis
1351 2703 1558 2762 amicabiliter

293 2811 478 2869 rescribatis.
502 2811 661 2870 Presentes
684 2811 790 2884 sigillo
814 2810 942 2882 Nicolai,
966 2809 1025 2868 filii
1048 2809 1192 2882 Gregorii
1222 2809 1260 2868 de
1283 2809 1409 2884 Gepess,
1432 2810 1558 2868 comitis

289 2917 389 2975 nosti
422 2917 638 2989 zagrabiensis‚
663 2915 794 2974 fecimus
828 2917 1010 2991 consignari.
1044 2917 1161 2974 Datum
1194 2916 1346 2990 Zagrabie
1369 2921 1478 2975 octavo
1506 2915 1556 2974 die

290 3022 361 3081 festi
383 3023 629 3097 Epiphaniamm
652 3022 778 3082 domini.
802 3025 892 3081 Anno
915 3022 1053 3082 eiusdem
1070 3023 1240 3082 millesimo
1253 3023 1557 3098 quadringentesimo

290 3129 446 3187 tricesimo
469 3135 588 3188 octavo.

395 3283 434 3334 Iv.
453 3281 624 3347 Kukuljevie.
647 3281 734 3332 Arkiv
760 3298 790 3331 za
813 3283 974 3348 povjestnicu
997 3283 1208 3348 jugoslsvenslru‚
1233 3283 1287 3350 lrnj.
1307 3285 1359 3336 111.
1379 3290 1422 3336 str.
1443 3296 1555 3350 93-94.

884 3533 960 3603 110.

394 3693 475 3743 Anno
497 3695 572 3758 1438,
594 3707 634 3757 13.
650 3695 769 3759 januarii.
789 3695 938 3759 Zagrabiae.

289 3821 448 3880 Motkaeus
486 3824 617 3882 Toloooc
648 3823 741 3882 bonus
773 3824 900 3898 captmlo
932 3823 1073 3882 lasmensi
1104 3824 1234 3895 mandat,
1266 3832 1301 3882 ut
1329 3825 1364 3882 dc
1394 3823 1513 3898 injurii
1535 3841 1555 3880 o

297 3927 445 4000 Vilhelmo,
466 3926 623 3988 castellano
645 3931 737 3988 castri
765 3930 908 4002 Medwcd,
932 3932 1107 4006 possessioni
1131 3931 1347 3992 communitatis
1375 3929 1511 3990 Grolom'
1529 3937 1559 3988 et

437 4036 639 4094 mercatoribus
661 4037 896 4114 sagrobiensr'bus
919 4037 1020 4108 illotis,
1047 4039 1237 4112 quaestionem
1260 4040 1419 4097 constituat.

394 4179 512 4238 Amicis
533 4179 597 4238 suis
620 4178 798 4238 reverendis
821 4180 959 4255 capitulo
984 4181 1111 4240 ecclesie
1143 4182 1340 4254 chasmensis,
1365 4183 1493 4242 Mathlro
1515 4183 1554 4243 tle

289 4284 454 4356 Thaloucz,
487 4286 575 4360 regni
605 4283 769 4344 Sclauonie
799 4286 907 4358 banus,
938 4288 1111 4346 amiciciam
1143 4293 1286 4363 paratam
1320 4305 1393 4347 cum
1426 4291 1553 4351 honore.

288 4390 411 4450 Dicitur
432 4392 579 4456 nobisin
612 4392 752 4466 personis
781 4389 900 4468 Judicis,
930 4392 1104 4470 juratorum
1139 4400 1170 4454 et
1192 4395 1292 4454 tocius
1323 4395 1555 4454 communitatis

211 4483 214 4490 ’
290 4498 423 4556 civitatis
447 4499 560 4558 montis
591 4497 752 4558 Grecensis
776 4497 815 4557 de
848 4499 934 4558 iuxta
957 4500 1151 4574 Zagrabiam,
1186 4501 1344 4575 quomodo
1374 4502 1553 4561 vilhelmus

289 4603 508 4664 Thewtonicus
537 4606 723 4664 castellanus
746 4605 839 4664 castri
861 4606 990 4679 Medwe,
1014 4608 1096 4666 circa
1131 4607 1244 4666 festum
1267 4609 1351 4666 beati
1382 4608 1554 4681 Mychaells

289 4711 469 4784 archangeli
492 4712 524 4770 in
546 4726 626 4771 anno
642 4711 761 4772 domini
776 4712 946 4772 millesimo
968 4713 1273 4788 quadringentesimo
1289 4715 1448 4787 trigesimo
1465 4720 1553 4774 sexto

288 4822 443 4876 transacto
467 4821 660 4893 preteritum,
681 4825 822 4894 tempore
837 4820 954 4879 scilicet
968 4820 1112 4880 introitus
1134 4821 1237 4880 suiad
1261 4821 1378 4880 dictum
1402 4827 1546 4892 castrum,

289 4940 328 4982 ex
350 4925 575 4996 commissione,
607 4930 755 5002 precepto
779 4931 808 4984 et
829 4925 1009 4986 induccione
1040 4927 1213 4986 illustrium
1244 4928 1422 5003 principum
1452 4927 1551 4986 dorni·

288 5046 401 5090 norum
422 5031 572 5091 Friderici
594 5039 624 5092 et
654 5032 761 5104 Vlrici,
796 5033 936 5092 eiusdem
971 5034 1089 5093 domini
1119 5034 1268 5094 Friderici
1298 5036 1371 5108 nati,
1400 5035 1550 5094 comitum
