3932 5806
735 581 808 644 Dor.
831 595 897 658 191.
924 615 963 625 -
988 579 1045 640 An.
1068 590 1155 659 1457.
1247 618 1257 640 .
1503 597 1563 658 ⁸53

312 797 384 856 tatis
402 803 517 872 nostre,
541 813 629 857 more
651 798 784 857 aliarum
807 797 990 856 civitatuum
1014 805 1190 856 nostrarum
1213 799 1385 858 liberarum
1407 799 1440 856 in
1455 813 1566 856 manus

303 903 446 962 fidelium
468 911 647 964 nostrorum
669 905 788 963 civium
810 911 841 962 et
863 901 1107 963 inhabitatorum
1143 905 1282 964 eiusdem
1305 905 1565 976 commiserimus,

300 1011 427 1068 omnino
442 1009 573 1070 distrahi
595 1017 625 1069 et
647 1010 760 1068 abduci
784 1009 884 1069 facere
900 1009 1027 1082 debeat;
1052 1010 1122 1070 ideo
1145 1017 1175 1071 et
1190 1011 1334 1070 fidelitati
1357 1017 1408 1070 tue
1430 1009 1564 1070 firmiter

302 1117 535 1189 committimus,
552 1123 702 1192 quatenus
725 1133 808 1190 casu,
831 1131 893 1191 quo
916 1115 1038 1190 prefata
1061 1117 1187 1176 domina
1210 1118 1242 1176 in
1266 1115 1455 1176 contrarium
1480 1132 1567 1176 man·
1623 1143 1626 1151 ·

302 1221 366 1281 dati
388 1223 496 1294 nostri,
527 1222 684 1298 prelatum
707 1224 871 1282 castellum
895 1238 957 1281 non
980 1222 1173 1296 distraheret,
1207 1229 1241 1282 tu
1275 1223 1397 1282 civibus
1432 1224 1566 1282 civitatis

300 1334 405 1388 nostre
427 1335 564 1404 pretacte
594 1336 715 1388 tantum
745 1331 899 1388 auxilium
934 1334 965 1388 et
1001 1329 1175 1391 subsidium
1210 1330 1311 1388 tacere
1344 1329 1469 1401 debeas,
1502 1345 1565 1404 quo

301 1434 465 1508 mediante,
494 1435 612 1494 dictum
635 1437 798 1494 castellum
821 1435 953 1494 distrahi
976 1435 1080 1493 valeat
1102 1436 1252 1494 effective.
1288 1437 1326 1494 Et
1355 1435 1442 1494 aliud
1466 1435 1567 1494 lacere

302 1555 364 1599 non
388 1539 557 1615 presumas.
581 1542 698 1600 Datum
722 1533 839 1600 Vi'enne
862 1542 894 1600 in
917 1539 996 1599 testo
1018 1540 1102 1599 beati
1125 1541 1227 1616 Egidii
1250 1541 1375 1601 abbatis
1399 1547 1430 1600 et
1446 1542 1565 1602 conses-

301 1647 390 1706 soris.
415 1649 505 1708 Anno
528 1645 647 1707 domini
670 1647 828 1707 milesimo
844 1647 1150 1722 quadringentesimo
1166 1649 1405 1722 quiquagesimo
1423 1651 1566 1724 septimo

300 1753 481 1826 Regnorum
503 1759 608 1814 autem
630 1761 808 1814 nostrorum
831 1767 911 1812 anno
935 1753 1094 1826 Hungarie
1117 1760 1171 1814 etc.
1195 1751 1317 1814 decimo
1339 1755 1482 1829 septimo,
1502 1751 1566 1831 (sic)

302 1858 449 1918 Bohemie
471 1875 547 1919 vero
570 1866 689 1935 quarto.

407 2063 542 2128 Originnle
559 2065 586 2115 in
611 2065 706 2115 charta.
744 2067 775 2114 In
799 2067 914 2130 margine
940 2067 1055 2116 inferiori
1084 2067 1237 2132 impressum
1264 2075 1303 2117 est
1327 2067 1450 2132 sigillum.
1476 2069 1508 2118 In
1527 2087 1566 2120 ar·

302 2154 388 2203 chivio
407 2153 454 2206 llb.
474 2169 527 2218 reg.
547 2155 594 2206 civ.
614 2155 715 2218 zagrab.

894 2438 970 2505 19]μ

408 2632 489 2682 Anno
511 2645 586 2700 1457,
608 2645 629 2684 t.
650 2633 811 2698 septembris.
832 2633 957 2686 Viennae.

303 2778 471 2852 ladislaus,
493 2779 670 2853 Hungan'ac
691 2786 741 2840 etc.
765 2797 828 2848 rex,
850 2777 958 2836 civibus
979 2778 1100 2852 zagrab.
1123 2780 1244 2853 rgnoscrt
1263 2797 1357 2837 omnes
1381 2781 1568 2840 conmmlias

619 2906 646 2961 et
669 2903 810 2979 zirjurias,
832 2901 935 2977 quibus
956 2897 1065 2962 nobiles
1087 2902 1251 2978 afficerunt.

998 3057 1153 3109 Commissio
1172 3059 1276 3127 propria
1295 3061 1393 3111 domini
1411 3061 1497 3126 regis..

392 3169 472 3246 'Nos
495 3187 659 3247 Ladislaus
682 3188 732 3246 dei
755 3188 859 3262 gracia
882 3188 1049 3261 Hungarie,
1073 3188 1229 3261 Bohemie,
1251 3189 1422 3260 Dalmacie,
1438 3190 1568 3250 Croacie

305 3299 361 3353 etc.
382 3311 446 3352 rex.
470 3309 506 3352 ac
529 3295 652 3352 Austrie
676 3301 706 3352 et
728 3293 820 3353 Stirie
844 3293 916 3366 dux,
940 3295 1141 3369 marchioque
1164 3297 1302 3355 Morauie
1324 3303 1381 3356 etc.
1417 3298 1568 3357 Memorie

304 3399 560 3458 commendamus
583 3416 639 3474 per
663 3407 829 3474 presentes,
865 3399 949 3474 quod
972 3416 1029 3460 nos
1052 3403 1214 3461 universos
1246 3404 1329 3461 cives
1363 3409 1394 3462 et
1417 3404 1567 3462 inhabita·

304 3512 386 3564 tores
409 3506 543 3565 civitatis
564 3514 668 3564 nostre
690 3507 804 3566 montis
828 3505 990 3566 Grecensis
1013 3523 1106 3582 super
1129 3509 1282 3566 universis
1314 3509 1477 3566 dumtaxat
1505 3509 1568 3568 illis

302 3612 457 3686 dampnis,
480 3610 611 3689 injuriis,
633 3613 758 3672 offensis
782 3620 812 3671 et
834 3614 1035 3686 nocumentis,
1058 3629 1119 3688 que
1141 3613 1236 3672 iidem
1259 3614 1342 3672 cives
1365 3621 1395 3672 et
1417 3615 1568 3672 inhabita·

300 3725 383 3778 tores
405 3719 538 3778 civitatis
561 3728 665 3778 nostre
688 3718 826 3793 predicte
849 3727 991 3794 tempore
1013 3719 1229 3794 occupacionis
1265 3719 1404 3778 eiusdem
1435 3721 1569 3780 civitatis

302 3831 406 3884 nostre
421 3826 535 3883 montis
558 3823 721 3884 Grecensis
745 3841 801 3899 per
824 3825 958 3884 condam
980 3825 1136 3884 illustrem
1160 3825 1302 3883 Vlricum
1326 3826 1473 3884 comitem
1489 3825 1569 3884 Cilie

301 3939 356 3990 etc.
380 3931 459 3990 facte
479 3937 510 3990 et
531 3938 642 4006 expost
664 3946 726 3990 non
749 3931 924 3990 voluntarie
947 3931 1003 3990 sed
1026 3947 1083 4006 per
1106 3931 1239 3990 eundem
1262 3931 1394 3990 condam
1425 3932 1569 3990 Vlricum

301 4037 449 4096 comitem
472 4053 508 4095 ac
531 4036 700 4096 familiares
723 4053 795 4097 suos
818 4038 912 4096 etad
935 4040 1041 4113 ipsum
1064 4038 1251 4112 pertinentes
1274 4037 1418 4112 conpulsi
1434 4046 1464 4096 et
1480 4053 1567 4096 coar·
1648 4095 1651 4102 ,

305 4144 370 4216 tati,
392 4143 553 4202 nobilibus
576 4144 629 4202 vel
644 4143 772 4202 alterius
796 4145 931 4203 cuiusvis
953 4149 1050 4202 status
1086 4143 1265 4200 hominibus
1297 4143 1565 4217 qualitercumque

304 4249 490 4322 intulissent,
513 4250 594 4308 intra
616 4251 668 4308 vel
691 4257 778 4308 extra
800 4248 951 4327 judicium
974 4250 1094 4324 quietos
1116 4255 1147 4308 et
1181 4249 1342 4323 expeditos
1374 4249 1567 4308 reddidimus

302 4367 332 4414 et
357 4355 581 4428 commisimus,
603 4357 701 4414 immo
722 4355 882 4414 reddimus
897 4363 928 4414 et
942 4357 1167 4414 committimus
1179 4356 1374 4429 presencium
1388 4357 1564 4414 testimonio

303 4463 465 4522 mediante.
488 4463 606 4520 Datum
628 4462 769 4536 Wyenne
791 4463 823 4521 'm
846 4462 925 4521 sesto
947 4463 1032 4520 beati
1054 4460 1155 4534 Egidii
1178 4462 1301 4520 abbatis
1325 4468 1355 4519 et
1370 4461 1568 4520 contessoris.

302 4571 392 4628 Anno
427 4568 547 4628 domini
580 4569 749 4627 millesimo
785 4568 1089 4643 quadringentesimo
1124 4569 1383 4641 quinquagesimo
1421 4569 1564 4642 septimo.

302 4674 483 4749 Regnorum
506 4682 684 4734 nostrorum
707 4690 787 4734 anno
824 4676 984 4749 Hungarie
1017 4681 1072 4733 etc.
1109 4673 1231 4732 decimo
1263 4681 1382 4745 octavu,
1418 4673 1565 4732 Bohemie

300 4795 375 4839 vero
401 4786 520 4854 quarto.

404 4967 538 5034 Originale
550 4970 577 5019 in
595 4969 683 5018 charta
710 4971 742 5018 In
761 4970 875 5034 margine
890 4969 1005 5019 inferiori
1020 4967 1135 5035 sigillum
1153 4971 1314 5035 impressum.
1334 4969 1366 5018 In
1385 4967 1499 5018 archivio
1519 4967 1564 5021 lib.

301 5073 353 5122 reg.
373 5059 421 5111 civ.
441 5059 622 5124 angrabiensis.
