3804 5858
408 463 472 536 480
825 458 898 514 Dor.
916 465 993 531 359.
1021 487 1060 498 -
1086 457 1142 512 An.
1166 469 1255 532 1491.

639 560 1687 569 *Qu*—

406 676 510 734 ubivis
532 675 710 734 habitarum
733 677 764 730 et
787 673 997 744 existendum,
1013 677 1048 730 ut
1071 677 1147 744 puta
1163 671 1329 731 domorum
1356 677 1560 740 muratarum,
1591 673 1691 730 vine·

405 795 504 852 arum,
519 784 668 851 ortorum,
680 789 842 850 terrarum,
854 777 1057 850 seniliumque
1067 784 1097 834 et
1112 777 1273 852 silvarum,
1284 783 1521 850 ceterorumque
1533 777 1688 836 omnium

406 887 560 946 bonorum
583 885 750 944 mobilium
774 888 804 941 et
826 884 1040 942 immobilium
1062 889 1128 940 tarn
1151 898 1208 956 per
1224 899 1295 942 eum
1310 883 1477 942 Martinum
1494 889 1688 956 emptorum

406 1001 436 1052 et
458 993 674 1064 undecumque
698 997 727 1048 et
751 991 1021 1064 qualitercumque
1034 989 1166 1046 eundem
1182 989 1447 1061 concernencium,
1464 1005 1558 1062 quam
1574 990 1688 1048 eciam

405 1115 463 1173 per
477 1097 603 1156 eosdem
612 1097 727 1169 pariter
750 1097 897 1154 hactenus
920 1095 1145 1168 acquisitorum
1158 1101 1187 1152 et
1211 1094 1395 1154 infuturum
1412 1095 1688 1168 acquirendorum

406 1203 508 1262 eidem
523 1203 598 1273 Elie,
620 1201 708 1260 fratri
724 1216 779 1258 suo
796 1201 921 1272 carnali,
938 1202 1099 1274 ipsiusque
1117 1199 1284 1260 heredibus
1306 1207 1336 1259 et
1349 1203 1584 1275 posteritatibus
1607 1201 1686 1260 uni·

404 1309 502 1368 uersis
513 1309 554 1366 ob
570 1306 893 1366 amoremlraternalis
912 1307 1089 1366 dileccionis
1103 1306 1247 1377 dedisset,
1260 1305 1404 1366 donasset
1419 1313 1449 1364 et
1467 1307 1686 1381 propinasset,

405 1415 503 1474 immo
519 1415 612 1484 dedit,
637 1414 764 1472 donavit
786 1419 816 1472 et
840 1414 1019 1486 propinavit
1043 1429 1149 1472 coram
1172 1414 1262 1472 nobis
1284 1409 1351 1488 jure
1374 1419 1527 1487 perpetuo
1551 1420 1580 1470 et
1597 1414 1685 1472 irre·

405 1521 589 1579 vocabiliter
598 1519 750 1589 tenendas,
763 1518 973 1593 possidendas,
983 1521 1097 1592 pariter
1111 1526 1141 1577 et
1153 1519 1313 1578 habendas
1320 1521 1367 1577 aci
1375 1525 1451 1578 uxta
1460 1519 1683 1578 condicionem

405 1627 538 1684 civitatis
561 1631 723 1700 prenotate
746 1625 787 1682 ab
811 1625 938 1698 antiquo
963 1625 1203 1698 privilegialiter
1232 1626 1442 1699 approbatam
1474 1640 1682 1699 quocumque

406 1733 540 1791 voluerit
563 1731 770 1805 disponendas
778 1749 785 1801 ;
808 1732 868 1790 hoc
891 1731 1026 1804 denique
1049 1747 1195 1804 expresse
1224 1731 1390 1803 declarato,
1423 1731 1507 1805 quod
1536 1731 1564 1789 si
1594 1737 1682 1788 tem·

406 1853 518 1912 porum
543 1839 573 1896 in
597 1853 743 1910 processu
766 1837 870 1898 divina
894 1839 1018 1896 volente
1042 1838 1218 1908 clemencia,
1235 1838 1284 1895 cui
1308 1839 1462 1896 humanus
1484 1839 1591 1911 nequit
1616 1837 1682 1894 ob-

406 1945 491 2002 viare
507 1944 691 2015 intellectus,
716 1959 815 2001 unum
839 1945 978 2016 ipsorum
1002 1945 1090 2018 prins
1113 1959 1207 2016 quam
1231 1945 1363 2002 alterum
1387 1945 1506 2018 absque
1521 1943 1681 2002 heredum

407 2051 523 2110 solacio
546 2050 584 2108 de
608 2050 666 2108 hac
690 2053 755 2108 vita
779 2051 913 2122 migrare
937 2051 1102 2124 contingat,
1126 2058 1238 2108 extunc
1269 2051 1336 2124 ipse
1367 2051 1501 2108 moriens
1534 2049 1572 2107 de
1606 2052 1681 2108 uni·

406 2157 506 2216 versis
531 2157 620 2216 bonis
643 2156 815 2214 mobilibus
839 2161 870 2214 et
892 2156 1110 2214 immobilibus
1126 2155 1165 2213 ad
1182 2171 1271 2214 suam
1288 2157 1467 2230 porcionem
1483 2155 1678 2226 cedentibus,

407 2263 534 2336 dempta
557 2262 719 2322 dumtaxat
742 2263 888 2334 porcione
919 2261 1095 2332 domorum,
1128 2278 1188 2335 que
1220 2263 1418 2336 superstitem
1450 2268 1479 2320 et
1514 2263 1677 2320 viventem

406 2368 590 2428 devolvetur
612 2368 680 2441 ipso
704 2367 794 2440 facto,
819 2369 1003 2442 cuicumque
1026 2373 1057 2426 et
1080 2383 1277 2442 quocumque
1299 2369 1445 2428 maluerit
1462 2370 1595 2428 liberam
1618 2369 1677 2426 ha·

406 2475 478 2533 beat
501 2473 685 2548 disponendi
709 2473 897 2532 facultatem.
922 2473 954 2533 Si
979 2490 1054 2532 vero
1078 2475 1235 2548 quispiam
1258 2476 1441 2534 eorumdem
1463 2483 1539 2534 nutu
1563 2475 1677 2533 divino

405 2580 534 2639 heredes
557 2581 711 2650 habuerit,
735 2581 840 2638 totalis
862 2581 970 2654 porcio
995 2581 1212 2638 universorum
1236 2582 1392 2640 bonorum
1414 2587 1480 2640 tam
1504 2581 1674 2640 domorum

407 2701 500 2758 quarn
522 2685 620 2744 eclam
655 2686 788 2743 aliarum
823 2686 1053 2760 possessionum
1087 2688 1337 2762 prescriptorum
1367 2689 1465 2761 ipsius
1500 2687 1674 2759 morientis,

405 2798 509 2865 preter
520 2807 555 2850 ea
578 2807 637 2865 que
661 2792 700 2848 ad
725 2792 776 2866 pia
799 2807 895 2866 opera
925 2798 1053 2852 testatus
1087 2792 1187 2864 luerit,
1223 2794 1254 2852 in
1278 2793 1423 2852 heredem
1456 2811 1510 2853 seu
1542 2794 1674 2852 heredes

405 2899 584 2972 superstites
607 2897 794 2956 redundabit
817 2904 846 2956 et
878 2897 1122 2958 condescendere
1156 2899 1291 2958 debebit.
1327 2900 1375 2958 Ad
1408 2917 1468 2975 que
1502 2903 1607 2960 omnia
1640 2907 1675 2959 et

404 3005 526 3078 singula
548 3004 681 3062 firmiter
702 3005 896 3064 observanda
919 3005 1014 3064 iidem
1042 3007 1191 3064 Martinus
1210 3013 1240 3064 et
1252 3007 1337 3065 Elias
1351 3007 1414 3066 fide
1430 3009 1572 3083 ipsorum
1588 3010 1673 3067 bona

405 3111 569 3168 christiana
592 3110 748 3168 mediante
772 3127 803 3168 se
826 3112 1008 3184 obligarunt
1032 3126 1137 3169 coram
1158 3113 1257 3172 nobis.
1274 3113 1309 3171 In
1320 3115 1407 3172 cuius
1422 3115 1468 3172 rei
1484 3117 1672 3174 memoriam

404 3223 496 3290 atque
519 3217 738 3288 testimonium,
762 3216 1004 3290 firmitatemque
1021 3223 1212 3291 perpetuam.
1238 3221 1433 3295 presentibus
1456 3221 1596 3294 sigillum
1613 3237 1670 3280 no·

404 3329 503 3379 strum
529 3336 694 3379 commune
728 3321 874 3379 duximus
903 3323 1151 3396 appendendum.
1182 3325 1297 3382 Datum
1330 3325 1408 3384 feria
1435 3327 1568 3385 secunda
1599 3336 1670 3401 post

405 3427 591 3486 dominicam
616 3427 911 3501 Ramispalmarum.
936 3431 1024 3486 Anno
1048 3429 1166 3487 domini
1183 3431 1669 3508 millesimoquadringentesimo

404 3534 603 3606 nonagesimo
627 3533 737 3607 primo

508 3669 640 3733 Originale
658 3671 686 3719 in
705 3671 859 3725 membrana.
880 3673 908 3721 A
924 3680 996 3737 tergo
1015 3674 1167 3738 impressum
1184 3681 1223 3724 est
1242 3676 1358 3740 sigillum
1377 3681 1519 3728 communis
1549 3681 1581 3728 In
1596 3681 1667 3730 arch-

402 3757 463 3809 incl.
484 3759 568 3811 Acad.
587 3759 682 3810 Scient.
701 3759 799 3812 Slavor.
819 3761 908 3809 merid.

998 3991 1083 4057 359.

508 4147 589 4196 Anno
612 4159 686 4212 1491,
708 4161 748 4210 29.
769 4150 928 4215 septembris.
950 4151 1097 4214 Zagrabiae.

519 4279 652 4362 Joannes
675 4280 836 4350 Corvinus,
859 4280 1031 4352 Sterculus,
1055 4282 1217 4354 Liptoviae
1239 4290 1268 4341 et
1291 4283 1429 4358 Opaviae
1453 4285 1525 4358 dux,
1549 4288 1580 4345 in
1604 4289 1668 4347 civi

403 4389 464 4442 tate
500 4401 563 4457 sua,
600 4379 645 4464 (ut
668 4388 723 4446 ille
746 4381 840 4465 dicit),
865 4388 978 4446 montis
1012 4389 1173 4448 Grecensis
1203 4392 1418 4464 ragrabiensis,
1449 4392 1593 4450 Ladislao
1628 4394 1668 4451 de

403 4491 558 4563 Egervara
579 4507 746 4566 regnorum
776 4509 903 4552 suorum
936 4494 1118 4566 Dalmatiae,
1148 4495 1289 4554 Croatiae
1318 4504 1348 4555 et
1379 4497 1543 4556 Slavoniae
1575 4501 1666 4571 bano,

402 4597 568 4670 vicebanis,
587 4600 660 4658 item
682 4600 816 4658 Antonio
840 4599 878 4656 de
903 4598 986 4656 Poolr
1010 4593 1127 4677 (castri)
1151 4602 1198 4659 sui
1222 4601 1342 4660 Medwe
1365 4609 1395 4660 et
1420 4604 1562 4662 Michaeli
1585 4606 1666 4664 Oroz

403 4707 434 4760 et
457 4702 609 4778 Gregorio
633 4707 807 4764 Benkovich
831 4706 964 4764 civitatis
987 4722 1059 4765 suae
1083 4708 1288 4779 zagrabiensis
1310 4711 1485 4782 capetaneis
1507 4711 1666 4770 modernis

403 4817 433 4866 et
456 4808 588 4880 futuris;
612 4812 691 4884 quia,
716 4817 809 4884 prout
832 4827 941 4870 revera
964 4813 1117 4870 intellexit
1141 4821 1171 4870 et
1194 4815 1259 4888 ipse
1283 4823 1428 4887 expertus
1443 4823 1499 4887 est,
1514 4817 1665 4876 Mathiam

403 4929 521 4988 regem,
554 4915 711 4988 quondam
745 4919 917 4990 genitorem
952 4919 1057 4992 ipsius,
1092 4920 1264 4994 capitulum
1299 4923 1497 4994 zagrahiense
1532 4924 1661 4997 speciali
