3828 5822
665 551 738 608 Doc.
762 545 835 607 266.
861 583 901 592 -
926 549 981 606 An.
1007 544 1100 626 1469.
1445 563 1503 624 331

242 781 330 844 suam
353 765 406 823 vel
429 780 538 823 eorum
562 766 823 839 expurgacionem
846 781 879 822 se
894 779 1070 840 expurgare
1092 779 1197 822 coram
1221 763 1303 822 dicto
1325 767 1432 820 nostro
1454 763 1507 820 tri-

242 872 367 930 butario
390 875 552 929 teneantur
582 875 611 928 et
643 875 789 928 teneatur.
821 869 908 942 Item,
938 869 1020 944 quod
1051 885 1108 927 nos
1131 876 1161 928 et
1184 869 1388 928 decimatores
1410 869 1508 926 nostri

242 983 385 1052 ternpore
408 975 559 1034 vindemii
582 977 614 1034 in
634 975 763 1034 konchis
794 983 825 1035 et
848 977 925 1035 locis
946 977 977 1034 in
1002 977 1158 1034 territorio
1180 976 1278 1050 ipsius
1301 975 1433 1033 civitatis
1456 974 1507 1032 de·
1578 960 1582 968 ¹

241 1083 338 1140 cimas
361 1083 426 1140 vini
448 1097 501 1140 seu
523 1082 619 1140 musti
642 1082 807 1154 exigentes,
830 1081 907 1139 dum
938 1081 1142 1155 quoadusque
1173 1081 1206 1140 in
1227 1081 1303 1156 ipsis
1327 1079 1455 1139 decimis
1477 1087 1508 1138 et

241 1186 371 1246 lonchis
394 1189 425 1246 in
448 1187 609 1260 exigendis
632 1188 713 1246 vinis
735 1203 790 1246 seu
811 1189 922 1246 mustis
946 1181 1180 1262 permanserint,
1203 1193 1267 1245 tam
1284 1187 1375 1260 cives,
1391 1186 1507 1245 incolas

241 1297 271 1350 et
294 1293 517 1368 inhabitatores
544 1292 625 1350 dicte
648 1293 782 1351 civitatis
813 1298 956 1367 pretextu
980 1293 1143 1351 dumtaxat
1165 1292 1342 1351 debitorum
1367 1291 1430 1350 vini
1453 1306 1506 1348 seu

241 1381 346 1457 musti'
361 1405 392 1457 et
414 1415 477 1458 non
504 1400 639 1458 aliarum
670 1415 784 1469 rerum,
809 1415 903 1472 quam
927 1399 1025 1457 eciam
1048 1401 1189 1458 homines
1212 1398 1349 1457 forenses
1378 1413 1432 1456 seu
1455 1413 1507 1455 ex·

240 1513 363 1564 traneos
384 1506 507 1564 racione
531 1520 800 1580 quorumcumque
824 1505 1001 1564 debitorum
1017 1512 1160 1577 arestare,
1176 1502 1321 1581 judicare,
1337 1509 1505 1576 nostroque

241 1617 294 1668 aut
318 1625 427 1669 eorum
449 1609 566 1686 judicio
589 1609 825 1668 arestinafacere
848 1611 1019 1683 poterimus
1043 1616 1074 1668 et
1103 1610 1260 1668 valebunt.
1278 1610 1507 1682 Universasque

242 1723 271 1774 et
294 1717 451 1790 quaslibet
473 1717 593 1775 litteras
625 1717 773 1790 causales,
797 1717 1017 1790 inquisitorias,
1048 1718 1248 1786 evocatorias,
1279 1714 1506 1784 insinuatorias‚

240 1823 484 1896 protestatorias,
508 1821 713 1892 inhibitorias,
737 1823 948 1896 obligatorias,
972 1823 1180 1894 amonitorias,
1203 1820 1373 1898 judiciales,
1390 1821 1507 1879 obmis-

242 1928 384 2001 sionales,
408 1934 439 1987 et
461 1929 713 2000 sentencionales,
737 1929 877 2002 aliasque
900 1929 1056 2004 quaslibet
1079 1935 1143 1988 tam
1167 1928 1388 1987 ecclesiasticas
1412 1942 1506 2000 quam

240 2034 394 2092 seculares
415 2049 475 2108 pro
498 2039 586 2108 parte
608 2040 714 2092 nostra
737 2041 843 2092 contra
865 2035 950 2109 ipsos
974 2035 1057 2092 cives
1080 2040 1110 2092 et
1133 2040 1233 2092 totam
1250 2033 1504 2092 communitatem

242 2139 323 2197 dicte
339 2141 473 2198 civitatis
490 2141 604 2199 montis
620 2141 782 2199 Grecensis
804 2143 863 2199 sub
886 2156 1083 2215 quacumque
1106 2139 1207 2198 forma
1230 2140 1399 2198 verborum
1423 2153 1506 2196 ema·

241 2251 327 2303 natas
357 2253 387 2304 et
417 2245 571 2304 confectas
594 2263 649 2305 seu
672 2247 783 2304 confici
807 2252 837 2304 et
860 2247 997 2304 emanari
1021 2253 1212 2320 procuratas,
1236 2245 1371 2319 demptis
1394 2243 1506 2312 litteris

239 2352 361 2424 nostris,
379 2351 495 2410 facturn
510 2351 628 2428 jurium
644 2353 968 2428 possessionariorium
985 2353 1181 2426 tangentibus
1197 2359 1227 2410 et
1242 2351 1506 2423 concernentibus,

240 2468 345 2529 vanas,
362 2456 501 2529 frivolas,
517 2465 666 2527 mortuas,
684 2473 785 2516 cassas
802 2466 832 2516 et
848 2459 982 2529 maanes,
1008 2459 1189 2532 viribusque
1212 2457 1334 2532 penitus
1357 2457 1506 2516 carituras

242 2577 278 2619 ac
300 2563 442 2636 ipsarum
465 2563 692 2622 exhibitoribus
716 2564 832 2637 ubique
855 2570 918 2622 tam
941 2565 974 2622 in
996 2561 1112 2639 judicio
1135 2580 1229 2638 quam
1253 2571 1340 2638 extra
1355 2560 1506 2638 judicium

239 2667 394 2726 nocituras
417 2670 603 2744 reliquimus
626 2677 656 2728 et
679 2671 910 2742 commisimus;
935 2672 1006 2729 aliis
1030 2672 1313 2745 composicionibus
1336 2677 1366 2728 et
1381 2685 1505 2728 concor·

240 2772 300 2832 diis
323 2774 436 2850 nostris
460 2777 546 2849 prius
570 2793 641 2833 curn
666 2775 784 2834 eisdem
807 2778 928 2834 civibus
951 2784 981 2834 et
1001 2785 1066 2834 tota
1090 2777 1312 2835 communitate
1334 2775 1415 2834 dicte
1431 2775 1505 2833 civi·

239 2879 311 2938 tatis
344 2879 459 2939 montis
490 2880 652 2940 Grecensis
687 2881 776 2940 factis
809 2889 838 2940 et
867 2884 981 2942 habitis
1011 2887 1042 2941 in
1066 2898 1174 2941 eorum
1199 2882 1360 2954 vigoribus
1381 2897 1507 2955 semper

239 2986 336 3043 salvis
359 2989 598 3046 remanentibus.
629 2989 749 3046 Harum
782 2995 967 3061 nostrarum,
992 2990 1107 3062 quibus
1130 2989 1272 3061 sigillum
1296 2995 1436 3046 nostrum
1460 2994 1506 3045 est

239 3106 421 3166 appensum,
445 3094 549 3166 vigore
566 3101 596 3152 et
611 3095 787 3152 testimonio
803 3095 977 3153 litterarum
995 3095 1158 3153 mediante.
1184 3095 1300 3152 Datum
1317 3093 1394 3152 teria
1410 3095 1505 3150 tercia

239 3199 385 3270 proxima
417 3207 488 3272 post
520 3199 632 3258 festum
659 3202 741 3259 beati
764 3201 947 3259 Yberonimi
969 3201 1115 3259 doctoris.
1150 3201 1237 3258 Anno
1261 3199 1379 3257 domini
1404 3199 1507 3256 mille·

239 3303 318 3360 simo
343 3304 647 3378 quadringentesimo
670 3307 864 3380 sexagesimo
887 3322 976 3365 nono.

345 3491 478 3556 Originale
496 3493 524 3542 in
542 3493 696 3545 membrana.
716 3493 837 3557 Sigillum
855 3493 980 3547 avulsum.
1004 3495 1037 3542 In
1060 3493 1129 3544 arch.
1148 3492 1195 3546 lib.
1210 3509 1261 3557 reg.
1281 3492 1329 3541 civ.
1348 3491 1457 3556 zagrab„
1476 3507 1506 3540 ac

239 3595 285 3644 par
303 3581 330 3630 in
348 3580 443 3633 archiv.
463 3597 520 3633 ven.
539 3581 626 3646 Capit.
642 3582 743 3646 zagrab.
764 3583 838 3634 Fasc.
860 3595 899 3634 ιο.
918 3599 956 3634 nr.
980 3595 1020 3646 14.

831 3866 919 3933 266.

342 4057 426 4106 Anno
448 4058 523 4120 1469,
546 4071 585 4122 17.
605 4059 759 4110 novembris.
780 4059 876 4111 Budas.

344 4187 476 4244 Mathias
511 4203 566 4246 rex
596 4187 635 4246 ad
671 4189 932 4262 supplicationem
971 4189 1100 4262 capituli
1135 4189 1275 4248 concedit
1308 4207 1346 4247 ex
1376 4191 1504 4264 speciali

238 4293 355 4366 gratia,
387 4298 421 4351 ut
451 4309 523 4350 cum
554 4309 653 4368 prope
684 4294 858 4353 Turcorum
889 4295 1079 4353 incursiones
1113 4295 1238 4366 fierent,
1262 4296 1434 4370 capitulum
1457 4311 1503 4353 se·

238 4400 332 4473 pibus
355 4399 548 4458 circumdare
572 4407 602 4458 et
624 4402 746 4459 munire
771 4401 892 4460 fossatis
915 4403 1015 4474 liceat,
1036 4418 1072 4460 ac
1088 4404 1340 4476 propugnaculis,
1361 4402 1504 4476 illudque

237 4504 402 4579 possideat.

343 4691 451 4756 Georgii
469 4673 639 4745 Mareelovie:
660 4697 785 4760 Regesta‚
807 4703 835 4746 ut
854 4711 939 4760 supra.
