3804 5858
365 451 431 528 514⁰
781 432 854 490 Doc.
872 441 947 507 345.
976 463 1009 472 -
1037 429 1093 486 An.
1117 423 1209 509 1457.

365 647 463 708 censis
486 646 597 706 villam
628 660 681 702 seu
706 646 931 719 possessionem
954 645 1093 718 regalem
1118 645 1301 716 Petrowyna
1324 649 1477 716 vocatam,
1501 644 1632 703 indicto

332 823 334 826 ¹
364 733 476 828 campo
499 751 690 826 zagrabiensi
706 751 796 810 sitam
814 758 844 810 et
859 752 1008 823 habitam,
1034 767 1105 809 cum
1121 752 1268 808 omnibus
1291 750 1430 808 eiusdem
1445 751 1632 809 utilitatibus

361 869 392 918 et
415 859 613 936 pertinenciis
644 873 682 915 ex
705 873 853 930 generosa
876 857 1045 916 donacione
1067 857 1255 915 serenissimi
1278 856 1428 930 principis
1451 863 1481 914 et
1504 855 1630 928 domini,

361 963 481 1024 domini
504 963 694 1037 Sigismundi
726 963 775 1022 dei
806 964 911 1036 gracia
932 963 1139 1021 illustrissimi
1163 963 1245 1035 regis
1268 961 1435 1035 Hungarie,
1459 961 1629 1034 Dalmacie,

362 1071 490 1130 Croacie
513 1076 568 1129 etc.
592 1087 627 1128 ac
661 1071 848 1129 marchionis
878 1069 1197 1142 Brandemburgensis
1230 1074 1285 1127 etc.
1317 1068 1436 1127 domini
1459 1069 1557 1127 nostri
1579 1083 1631 1126 na-

281 1173 288 1190 '
363 1177 482 1249 turalis,
506 1177 582 1250 ipsis
614 1178 829 1236 communitati
859 1183 890 1235 et
922 1177 1043 1235 civibus
1075 1175 1236 1234 antedictis
1260 1180 1411 1250 perpetuo
1435 1173 1525 1247 facta,
1546 1175 1632 1233 iuxta

364 1283 453 1357 regni
483 1283 737 1342 consvetudinem
768 1297 921 1359 occupare
953 1289 983 1340 et
1007 1283 1092 1355 ipsos
1122 1283 1154 1339 in
1177 1280 1307 1339 eandem
1331 1287 1466 1339 statuere
1489 1280 1632 1339 fecissent

362 1395 393 1449 et
422 1396 646 1464 procurassent,
669 1405 708 1448 ne
731 1388 888 1464 quandam
913 1389 1137 1462 possessionem
1159 1387 1370 1463 predictorum
1404 1387 1559 1446 nobilium
1583 1403 1632 1445 ca·

363 1473 530 1554 strensium
554 1493 753 1568 Syialrowina
775 1495 979 1569 appellatam,
1010 1497 1090 1552 inter
1123 1494 1316 1568 possesiones
1340 1495 1557 1566 Petrowynam
1579 1509 1632 1552 an·

362 1600 510 1660 tedictam
534 1607 564 1659 et
579 1601 822 1674 Kosthanewecz
838 1605 1056 1674 nuncupatam,
1074 1599 1214 1658 filiorum
1227 1600 1388 1659 Michaelis
1404 1599 1477 1658 dieti
1500 1599 1632 1671 Wythea

364 1709 450 1766 iuxta
462 1705 592 1766 fluvium
614 1706 699 1765 Buna
723 1713 876 1778 vocatum,
893 1707 1032 1792 habitam
1055 1711 1085 1763 et
1108 1706 1299 1778 existentem,
1322 1706 1407 1780 ipsos
1422 1704 1489 1782 jure
1512 1705 1633 1764 heredi·

365 1813 445 1873 tario
467 1813 704 1886 contingentem,
732 1812 777 1870 ad,
796 1812 986 1885 sepedictam
1017 1812 1233 1884 Petrowynam
1257 1827 1410 1886 occupare
1432 1821 1486 1870 aut
1508 1813 1633 1886 quovis·

365 1919 460 1978 modo
482 1919 558 1994 ipsis
581 1919 787 1993 appropriare
810 1919 982 1977 voluissent
1005 1963 1011 1977 .
1035 1964 1040 1976 .
1069 1924 1100 1976 et
1122 1918 1247 1976 eosdem
1270 1919 1512 1992 prohibuissent,
1536 1919 1633 1976 consi·

366 2023 508 2084 derantes
531 2029 634 2083 tamen
657 2033 688 2082 et
710 2026 814 2083 animo
837 2025 1032 2084 revolventes
1055 2024 1116 2099 ipsi
1138 2025 1260 2083 nobiles
1284 2025 1367 2098 quod
1393 2041 1516 2098 semper
1539 2032 1569 2082 et
1591 2025 1633 2083 ab
1662 2087 1665 2092 Δ

365 2131 493 2207 antiquo
514 2133 573 2190 sub
596 2132 733 2190 cautella
756 2137 785 2190 et
809 2131 1006 2206 proteccione
1020 2130 1216 2206 prefatorum
1240 2131 1357 2188 civium
1382 2130 1511 2189 fuissent
1534 2139 1563 2189 et
1586 2147 1632 2189 es-

364 2245 431 2298 sent
454 2238 493 2297 de
515 2240 651 2312 presenti
675 2245 704 2296 et
736 2238 767 2296 in
800 2283 806 2296 .
833 2284 838 2296 .
863 2283 899 2296 ..
933 2237 1038 2295 futuro
1062 2239 1103 2294 ab
1118 2237 1243 2318 eisdem
1267 2238 1388 2295 civibus
1412 2239 1578 2296 tuicionem
1601 2246 1633 2296 et

363 2344 593 2420 proteccionem
617 2345 733 2404 habere
756 2349 917 2418 sperarent
940 2350 970 2402 et
993 2351 1127 2416 sperant,
1152 2349 1182 2402 et
1204 2351 1237 2402 ut
1254 2359 1325 2402 cum
1348 2343 1465 2402 eisdem
1490 2359 1629 2402 commu·

365 2449 459 2510 nitate
483 2456 513 2508 et
535 2449 656 2508 civibus
679 2466 715 2508 ac
738 2465 847 2508 eorum
879 2449 1047 2508 heredibus
1071 2443 1179 2524 mutua
1202 2456 1232 2507 et
1256 2451 1374 2508 sincera
1405 2450 1575 2508 dileccione
1598 2451 1629 2508 in

366 2562 528 2644 posterum
543 2555 684 2644 vaierent
699 2555 893 2629 congaudere
910 2557 1031 2616 nobiles
1054 2563 1085 2614 et
1107 2555 1247 2614 filiorum
1268 2553 1332 2631 (sic)
1362 2557 1568 2615 antelatomm
1600 2557 1633 2615 in

367 2664 689 2736 recompensacionem
711 2662 898 2733 huiusmodi,
922 2663 1170 2737 prenominatam
1195 2662 1420 2736 possessionem
1433 2661 1633 2736 Silakotvyna

368 2776 586 2844 nuncupatam,
618 2785 689 2826 cum
713 2769 866 2840 universis
896 2762 1028 2848 (usibus)
1057 2776 1088 2826 et
1111 2757 1378 2826 fructuositatibus
1401 2769 1519 2828 scilicet
1542 2771 1633 2828 terris

369 2876 568 2946 amabilibus,
599 2877 705 2948 pratis,
722 2876 833 2948 -silvis,
863 2877 1052 2946 nemoribus,
1086 2877 1175 2949 aquis
1206 2883 1235 2933 et
1268 2891 1421 2949 aquarum
1452 2875 1633 2938 decursibus

368 2989 399 3041 et
420 2983 490 3040 aliis
514 2982 676 3056 quibusvis
703 2983 898 3056 pertinenciis
932 2983 963 3040 in
995 2981 1073 3040 facie
1107 2981 1245 3040 eiusdem
1279 2983 1481 3058 possessionis
1517 2982 1633 3042 habitis

369 3094 400 3148 et
422 3087 462 3146 ad
490 3089 619 3146 eandem
654 3085 874 3162 spectantibus,
906 3087 995 3146 dictis
1029 3089 1151 3146 civibus
1174 3073 1336 3146 eteorum
1366 3089 1533 3147 heredibus
1564 3104 1634 3164 per·

367 3199 462 3270 petuo
496 3203 526 3253 et
556 3195 802 3252 irrevocabiliter
836 3193 999 3264 dedissent,
1035 3194 1199 3252 donassent
1226 3201 1256 3252 et
1288 3195 1502 3268 resignassent,
1534 3196 1633 3253 immo

369 3299 529 3372 dederunt,
555 3300 709 3358 donarunt
741 3308 834 3373 atque
864 3301 1060 3374 resignarunt
1091 3316 1196 3358 coram
1219 3295 1318 3373 nobis,
1341 3301 1464 3360 nullum
1487 3299 1543 3377 jus,
1566 3303 1633 3360 nul·

369 3407 474 3464 lamve
506 3407 728 3481 proprietatem
753 3407 882 3465 dominii
905 3423 962 3480 pro
986 3424 1018 3465 se
1049 3413 1079 3464 et
1110 3409 1250 3481 ipsorum
1281 3407 1448 3466 heredibus
1471 3409 1502 3466 in
1525 3389 1633 3466 eadem

369 3488 562 3587 possessione
586 3512 625 3571 de
648 3519 749 3571 cetero
773 3519 973 3583 reservantes,
991 3513 1098 3571 dantes
1121 3521 1150 3571 et
1175 3513 1375 3572 concedentes
1399 3513 1489 3572 dictis
1512 3515 1634 3574 civibus

373 3618 564 3692 disponendi,
587 3619 751 3678 ordinandi
785 3621 850 3677 sive
874 3619 912 3676 ad
937 3620 1038 3694 ipsam
1078 3621 1304 3693 possessionem
1339 3619 1493 3678 dictorum
1517 3621 1633 3680 civium

371 3724 554 3797 Petrowyna
585 3725 750 3798 aplicandi,
781 3725 961 3784 annectendi
995 3726 1047 3784 vel
1078 3726 1316 3799 aproporciandi
1346 3733 1399 3784 aut
1429 3728 1541 3800 quovis
1571 3727 1633 3786 alio

370 3829 466 3888 modo
490 3830 527 3888 de
550 3831 658 3888 eadem
683 3831 813 3889 faciendi
837 3847 895 3905 pro
918 3832 1009 3889 libito
1032 3846 1140 3889 eorum
1163 3833 1297 3890 liberam
1320 3839 1350 3890 et
1373 3848 1514 3890 securam
1537 3832 1634 3892 facul·

370 3943 482 4008 tatem;
505 3937 623 3995 litteras
647 3952 721 3994 vero
746 3937 1015 4011 prohibicionales‚
1040 3938 1321 4011 protestacionales,
1345 3955 1398 3997 scu
1423 3955 1634 4014 quascumque

369 4043 516 4116 causales,
547 4058 624 4116 quas
647 4029 796 4117 “tempora
826 4061 924 4118 usque
955 4045 1103 4103 moderna
1134 4051 1239 4104 contra
1262 4045 1361 4104 dictos
1384 4047 1467 4104 cives
1490 4061 1634 4106 emanare

370 4155 585 4226 procurassent
606 4151 733 4208 omnino
756 4156 787 4209 et
809 4151 920 4208 intuto
944 4157 1131 4223 revocantes,
1152 4151 1272 4209 litteras
1294 4157 1398 4210 autern
1421 4153 1634 4226 privilegiales

371 4271 425 4314 seu
448 4256 650 4315 instrumenta
667 4257 887 4331 privilegialia,
911 4273 970 4331 que
986 4263 1016 4314 et
1032 4257 1137 4331 qualia
1159 4273 1254 4332 super
1270 4257 1383 4316 dictam
1407 4260 1633 4333 possessionem

372 4361 579 4436 Sylakowyna
610 4363 769 4434 haberent,
801 4364 915 4436 quibus
947 4363 1156 4422 mediantibus
1185 4365 1286 4436 ipsam
1310 4365 1535 4438 possessionem
1560 4365 1634 4425 dicti

371 4467 492 4526 nobiles
515 4475 545 4526 et
560 4469 699 4543 ipsorum
717 4471 852 4543 proximi
869 4470 1047 4528 habuissent
1069 4476 1099 4527 et
1115 4471 1272 4544 hucusque
1296 4471 1512 4545 possedissent,
1528 4479 1635 4532 eontra

372 4581 403 4632 et
425 4575 575 4634 adversus
598 4577 852 4634 communitatem
876 4583 905 4632 et
923 4578 1005 4633 cives
1028 4575 1191 4634 dumtaxat
1213 4585 1244 4634 et
1267 4593 1322 4651 per
1345 4578 1449 4637 omnia
1464 4587 1634 4638 cassassent

369 4687 399 4739 et
428 4682 636 4755 nichilassent,
658 4682 757 4741 immo
786 4693 944 4740 cessarunt
974 4688 1004 4739 et
1027 4681 1239 4754 anichilarunt,
1264 4697 1379 4764 necnon
1403 4684 1435 4741 in
1464 4682 1580 4758 judicio
1602 4693 1633 4744 et

303 4847 308 4852 ,
365 4795 453 4846 extra
475 4786 626 4863 judicium
656 4789 784 4848 cuilibet
814 4789 898 4862 ipsas
929 4789 1095 4864 presentati
1125 4789 1265 4846 nocitura
1297 4789 1414 4863 pariter
1449 4796 1479 4847 et
1513 4791 1632 4850 viribus

362 4895 497 4952 caritura
520 4894 727 4952 reddidissent
754 4901 783 4952 et
806 4894 1007 4952 reddiderunt
1022 4895 1119 4951 nostri
1132 4895 1162 4951 in
1186 4895 1347 4968 presencia
1355 4913 1362 4964 ;
1386 4903 1632 4972 assumpmentes
