3804 5858
681 528 919 620 111111-
942 532 998 594 Ae
1023 527 1114 610 1487·
1291 569 1295 574 ·
1457 549 1519 612 ess

255 748 447 822 palatinatus
476 748 654 819 sublimato,
687 748 827 808 eiusdem
858 756 1065 822 expostquam
1095 748 1206 814 eodem
1235 749 1379 812 similiter
1399 749 1442 812 ab
1463 749 1522 818 isac

254 855 327 914 luce
358 853 554 925 decendente,
584 854 739 928 nobisque
768 855 801 914 in
823 855 923 914 causis
953 855 986 913 in
1009 856 1168 930 presencia
1191 870 1245 918 sua
1268 835 1431 930 palatinali
1453 871 1522 926 ver-

253 961 391 1020 tentibus
413 977 469 1036 per
492 959 650 1034 prelatum
673 959 836 1024 dominum
857 965 1000 1020 nostrum
1023 975 1129 1036 regern
1153 975 1210 1034 pro
1233 959 1336 1037 iudice
1358 960 1522 1036 denuntia,

254 1067 407 1140 premissa
430 1065 675 1129 instrumentalis
698 1066 854 1126 exhibicio
876 1066 1047 1126 ultimatim
1070 1067 1109 1129 ad
1136 1072 1295 1144 presentes
1309 1072 1436 1134 0111111
1451 1067 1522 1136 festi

253 1173 338 1232 beati
362 1172 522 1232 Michaelis
544 1172 724 1244 archangeli
745 1176 885 1233 nostram
907 1172 939 1232 iu
962 1173 1156 1247 presenciam
1180 1173 1309 1238 dilative
1339 1172 1522 1242 devenisset,

254 1277 371 1336 eisdem
395 1277 528 1353 denique
551 1278 669 1336 octavis
692 1279 909 1340 occurentibus
931 1279 1080 1351 magister
1113 1279 1295 1344 Benedictus
1326 1279 1364 1342 de
1395 1280 1521 1348 Botewe

254 1383 390 1442 director
413 1399 576 1447 causarum
599 1383 753 1458 regalium
776 1399 835 1459 pro
859 1382 981 1460 pretato
1005 1384 1132 1448 domiuo
1154 1391 1348 1459 nostrnrege
1361 1402 1434 1454 11111
1449 1401 1522 1460 prd-

254 1489 417 1556 curatoriis
439 1490 551 1550 litteris
582 1489 729 1562 eiusdem,
753 1491 786 1549 in
814 1495 953 1552 nostram
984 1506 1138 1564 exurgere
1171 1491 1373 1570 presenciam,
1409 1492 1520 1563 volens

254 1583 442 1671 prescriptae
471 1597 681 1670 possessiones
708 1596 880 1668 Kralowcz‚
911 1595 1092 1671 eryblyan
1124 1596 1301 1669 1101111111,
1339 1597 1461 1672 Cherye
1490 1605 1521 1666 et

254 1701 351 1762 Narth
375 1707 509 1775 vocatus,
532 1701 655 1778 prelato
677 1702 805 1762 domino
828 1703 904 1776 regi,
927 1709 1210 1777 consequenterque
1232 1704 1376 1768 antelatis
1398 1704 1521 1772 uiribus

254 1808 388 1867 civitatis
411 1809 525 1868 montis
548 1807 709 1868 Grecensis
732 1808 771 1868 de
794 1806 862 1884 jure
878 1809 1068 1884 pertinentes
1083 1808 1151 1870 iore
1166 1809 1334 1882 declarare,
1368 1809 1521 1884 quasdem

253 1913 332 1974 duas
353 1914 481 1987 litteras,
504 1930 599 1974 unam
622 1914 780 1988 magnifici
804 1915 936 1974 condam
959 1913 1078 1976 domini
1094 1915 1261 1988 1111111111,
1285 1915 1364 1978 altas
1378 1917 1521 1990 mensur

253 2020 504 2080 thavernicorum
524 2021 601 2080 011111
624 2021 813 2081 serenissimi
834 2021 985 2096 principis
1008 2020 1126 2084 demini
1150 2021 1301 2090 Ludovrci
1323 2022 1423 2088 ncttti
1437 2024 1521 2097 regis

252 2126 424 2200 Hungane,
450 2131 480 2185 et
503 2109 598 2189 1111111
621 2127 719 2202 ipsius
742 2127 869 2201 capituli
902 2126 1031 2188 ecclesie
1053 2128 1269 2202 aagrabiensis,
1291 2129 1402 2188 ambas
1424 2129 1521 2206 priri-

254 2232 409 2304 legialiter
432 2233 539 2306 editas,
551 2239 693 2297 nostrum
718 2231 916 2310 judiciarium
932 2232 1082 2308 produxit
1097 2235 1129 2294 111
1146 2239 1354 2308 conspectum.
1378 2233 1520 2308 Quarum

255 2339 370 2412 prima,
392 2338 539 2404 videlicet
560 2339 659 2414 ipsius
671 2338 789 2400 domini
810 2339 969 2403 Laurentii
991 2340 1132 2414 magistri
1147 2340 1520 2408 111111111111111111111111

255 2444 461 2519 privilegialis
484 2460 565 2504 anno
588 2443 707 2504 domini
728 2445 899 2507 millesimo
922 2447 1139 2512 trecentesimo
1170 2446 1411 2521 quadragesime
1432 2452 1520 2514 sexto

256 2551 532 2624 consenseritis
567 2549 705 2610 eiusdem
737 2552 904 2610 auttentico
935 2552 967 2612 in
997 2551 1144 2627 pendenti
1174 2553 1294 2618 ratlate
1315 2553 1520 2620 intercalare
1568 2585 1576 2594 ·

253 2657 465 2731 exprimebat:
501 2656 585 2730 quod
616 2672 688 2715 curu
720 2657 797 2716 olim
826 2657 1016 2731 prelibatum
1048 2658 1221 2733 capitulum
1252 2658 1382 2722 ecclesie
1413 2674 1519 2734 aegre·

251 2763 367 2822 biensis
400 2762 535 2839 judicent
569 2779 622 2822 seu
657 2763 801 2822 villicum
830 2779 866 2820 ac
899 2761 1017 2839 juratos
1040 2765 1123 2824 11111
1146 2769 1177 2824 11
1198 2765 1336 2840 hospites
1360 2763 1399 2824 de
1422 2764 1520 2830 Gteez

253 2870 413 2928 universos
438 2875 503 2929 tarn
527 2884 586 2945 pro
608 2868 691 2928 iacto
714 2870 963 2944 possessionario,
988 2885 1082 2944 quern
1114 2876 1144 2930 11
1174 2871 1244 2930 11111
1273 2872 1410 2944 negociis
1439 2872 1520 2936 inter

254 2992 307 3036 eos
329 2979 490 3050 suscitatis,
515 2977 703 3051 litigienario
726 2992 873 3052 processu
895 2977 1071 3048 observato,
1095 2976 1134 3036 ad
1151 2982 1271 3036 certum
1284 2978 1455 3042 terminum
1470 2975 1517 3053 ju·

251 3083 384 3142 ridicum
408 3089 480 3143 tunc
510 3084 594 3158 regie
624 3079 798 3142 maiestatis¹
822 3084 854 3142 in
885 3084 1078 3157 presenciam
1108 3082 1309 3152 attrahendos
1331 3084 1364 3144 io
1384 3098 1519 3156 11111111,

253 3190 383 3264 ipsaque
406 3205 499 3248 causa
521 3194 629 3248 contra
652 3193 681 3248 et
704 3189 854 3248 adversus
876 3189 961 3262 ipsos
985 3189 1068 3248 cives
1098 3194 1128 3247 et
1158 3189 1296 3263 hospites
1327 3194 1393 3250 tam
1424 3204 1535 3263 super,

252 3296 321 3368 ipso
344 3295 427 3356 fecto
450 3296 699 3370 possessionerio,
713 3310 807 3370 quant
830 3295 929 3354 eciam
951 3293 1113 3369 premissis
1135 3295 1206 3355 aliis
1227 3295 1364 3368 negooiis
1386 3299 1472 3358 mota
1486 3300 1517 3356 et

250 3403 405 3474 suscitata,
430 3403 470 3462 ab
494 3403 561 3478 ipsa
585 3402 683 3475 regali
705 3402 865 3475 presencia
895 3401 1053 3474 translata,
1069 3400 1211 3462 tandem
1241 3401 1438 3464 diversorum
1468 3399 1517 3478 ju·

252 3484 356 3566 dicurn
381 3508 610 3568 ordinariorum
633 3509 721 3582 regni
744 3509 776 3567 in
798 3508 965 3582 presenciis
988 3508 1110 3581 agitata,
1141 3507 1299 3582 variisque
1321 3508 1515 3583 prorogatio·
1538 3551 1540 3556 ·

249 3615 342 3672 nibus
364 3616 444 3676 inter
466 3617 550 3690 ipsas
573 3622 677 3691 partes
700 3615 739 3673 de
763 3616 896 3676 termino
918 3616 951 3674 in
968 3616 1137 3676 terminum
1154 3614 1331 3690 protellata,
1345 3615 1517 3678 alernatim

250 3719 372 3794 prefati
389 3721 507 3798 domini
530 3721 692 3781 Laurencii
707 3722 848 3796 magistri
861 3723 1112 3782 thavernicorum
1128 3723 1160 3782 in
1176 3719 1515 3795 presenciam-herme

249 3827 407 3900 extitisset,
431 3828 506 3902 ipsis
530 3828 663 3902 denique
685 3829 828 3902 partibus
851 3827 977 3886 tandem
1001 3829 1032 3886 in
1055 3835 1139 3887 certo
1162 3828 1306 3898 termine,
1320 3827 1432 3910 litteris
1448 3828 1511 3890 auis

253 3934 284 3991 in
309 3933 426 3994 eisdem
449 3935 635 4009 specificato,
648 3935 680 3994 in
702 3933 803 4007 figura
818 3932 925 4011 judicil
947 3935 1044 4008 ipsius
1064 3933 1183 3994 doinini
1200 3934 1356 3994 Laurentii
1371 3950 1410 3994 ex
1424 3920 1514 4010 parte

252 4041 383 4114 capituli
405 4042 524 4114 agentia
547 4040 696 4113 magister
717 4041 894 4100 Demetrius
925 4039 1159 4103 archidiaconus
1189 4045 1220 4099 et
1253 4041 1401 4114 magister
1429 4041 1536 4114 llys·-

248 4147 345 4205 nisius
379 4147 517 4206 canonici
551 4147 649 4220 ipsius
683 4147 811 4208 ecclesie
844 4147 1061 4220 ragrabiensis,
1098 4151 1163 4206 tam
1194 4162 1253 4222 pro
1276 4163 1309 4207 se
1332 4161 1428 4222 quara
1452 4161 1512 4222 pro

249 4253 360 4317 eodem
396 4258 461 4312 toto
495 4254 634 4328 capitulo
669 4269 740 4312 cum
776 4253 997 4328 procuratoriis
1030 4253 1143 4312 litteris
1172 4252 1321 4325 1111111111,
1344 4257 1514 4328 properie

249 4367 352 4417 autem
376 4358 529 4418 dictorum
554 4359 671 4418 ciuium
694 4365 724 4418 et
745 4359 905 4433 hospitum
926 4358 1092 4434 Mykolech
1112 4358 1243 4420 condam
1266 4357 1361 4435 jndex
1384 4364 1414 4418 et
1435 4359 1513 4442 Jaxe

252 4466 418 4537 aurifaber,
442 4472 515 4524 tunc
538 4466 621 4524 cives
642 4464 736 4542 jurati
756 4465 795 4526 de
807 4465 904 4526 Grecz
920 4465 1068 4540 predicta,
1092 4465 1187 4525 modo
1210 4466 1307 4526 simili
1321 4481 1428 4526 coram
1442 4466 1513 4540 ipso

249 4572 376 4630 domino
399 4572 564 4632 laurentio
588 4571 806 4646 comparando,
837 4579 901 4631 taur
932 4588 1026 4647 super
1056 4574 1209 4647 premisso
1239 4571 1322 4632 iaoto
1346 4573 1514 4646 possessio·

249 4679 345 4750 nario,
370 4693 464 4752 quarn
488 4684 518 4736 et
541 4677 611 4738 aliis
634 4679 795 4752 premissis
818 4677 953 4751 negociis
975 4682 1047 4738 tunc
1078 4678 1255 4753 propositis,
1285 4677 1459 4752 litterisque
1479 4679 1514 4738 in

248 4785 365 4843 eisdem
391 4783 585 4859 specificatis,
609 4789 769 4844 causantes
791 4789 821 4843 et
841 4784 1005 4858 litigantes,
1028 4784 1124 4844 iidem
1146 4784 1229 4844 cirea
1250 4788 1280 4844 et
1295 4781 1433 4857 hospites
1454 4799 1513 4860 pro

248 4907 280 4949 se
303 4895 333 4949 et
357 4906 416 4965 pro
439 4896 503 4950 tota
526 4893 748 4951 communitate
771 4890 895 4952 diversa
917 4896 947 4950 et
970 4891 1121 4967 perplura
1143 4891 1308 4966 privilegia
1324 4891 1465 4965 ipsorum
1480 4891 1513 4952 in

247 5003 413 5073 conspectu
435 4997 534 5072 ipsius
557 4997 676 5058 domini
698 4998 859 5057 laurencii
881 5003 988 5058 contra
1011 4997 1129 5056 dictum
1144 4997 1317 5073 capitulum
1333 5011 1392 5073 pro
1408 4995 1511 5059 tielen-
