3932 5806
424 546 486 604 230
858 527 932 586 Doc.
959 523 1026 604 167.
1050 559 1092 570 —
1116 527 1172 584 An.
1198 539 1285 605 1455.

425 746 548 806 Andree
562 746 674 822 judicis
690 745 784 804 modo
799 743 978 820 supradicto
994 743 1166 802 contectam
1190 749 1220 801 et
1244 748 1427 816 emanatam,
1452 759 1513 803 non
1530 745 1688 818 abrasum,

421 869 481 912 non
509 854 720 926 cancellatam,
733 871 788 912 nec
811 855 843 912 in
866 853 972 925 aliqua
988 853 1036 909 sui
1051 855 1140 927 parte
1155 851 1300 910 viciatam
1324 851 1379 909 sed
1399 853 1525 910 omnino
1541 852 1684 926 quolibet

426 961 506 1018 vicio
530 965 559 1017 et
582 961 717 1035 suspicio
733 958 1100 1033 carentemreperientes,
1117 958 1311 1030 presentibus
1328 958 1440 1016 litteris
1455 959 1569 1018 uostris
1587 959 1685 1032 privi-

421 1065 588 1138 legialibus
603 1067 694 1124 inseri
712 1065 857 1124 facientes
874 1069 904 1123 et
920 1064 1026 1139 sigillo
1042 1069 1148 1122 nostro
1166 1065 1324 1122 communi
1342 1070 1492 1139 perpetuo
1516 1065 1684 1124 valituram

421 1172 647 1242 confirmantes,
671 1173 880 1246 prescriptum
904 1169 1116 1228 molendinum
1141 1171 1172 1228 in
1197 1171 1360 1242 vicinitate,
1384 1171 1564 1246 supradicto
1588 1171 1684 1230 modo

422 1279 590 1353 premisso,
614 1278 755 1336 habitum
780 1283 810 1335 et
833 1278 965 1336 existens
993 1291 1028 1332 ac
1064 1275 1238 1347 decurrens,
1272 1292 1341 1334 cum
1376 1277 1536 1350 premissis
1569 1278 1687 1336 cunctis

419 1383 482 1442 suis
505 1385 700 1455 utilitatibus,
723 1382 853 1459 juribus,
877 1383 993 1453 usibus,
1014 1380 1216 1456 subjacenciis
1240 1387 1270 1441 et
1301 1383 1500 1457 pertinenciis
1522 1383 1683 1454 universis,

419 1491 477 1548 sub
501 1491 566 1548 eius
589 1489 754 1566 prioribus,
779 1496 812 1547 ut
835 1488 1014 1563 predicitur,
1039 1489 1121 1545 veris
1145 1503 1180 1545 ac
1204 1489 1339 1562 antiquis
1360 1491 1459 1560 metis,
1483 1496 1577 1564 prout
1598 1489 1682 1548 idem

419 1596 633 1654 molendinum
657 1613 675 1654 a
698 1596 928 1654 construccione
952 1595 999 1652 sui
1022 1599 1052 1651 et
1076 1595 1234 1668 primevos
1258 1609 1330 1652 suos
1362 1610 1556 1669 possessores
1591 1612 1682 1656 veros

419 1708 448 1759 et
471 1703 641 1774 legittimos
664 1704 811 1760 hactenus
834 1703 893 1760 rite
917 1707 947 1758 ct
970 1701 1122 1788 legittime
1145 1715 1180 1758 ac
1202 1685 1402 1776 justomodo
1426 1707 1545 1760 tentum
1569 1702 1627 1761 fuit
1652 1709 1682 1761 et

420 1823 604 1882 possessum,
632 1808 778 1882 predictis
802 1807 950 1866 fratribus
963 1813 1131 1864 conventus
1148 1808 1302 1880 prenotati
1317 1807 1445 1866 claustri
1468 1810 1565 1867 sancti
1589 1809 1683 1866 Fran·
1710 1799 1713 1804 ’

420 1915 492 1972 ctsci
523 1916 717 1989 presentibus
753 1916 869 1988 pariter
904 1920 934 1970 et
968 1912 1081 1970 futuris
1117 1913 1147 1970 in
1182 1913 1291 1971 eodem
1329 1913 1465 1971 claustro
1489 1913 1547 1973 deo
1571 1915 1683 1974 devote

421 2020 644 2080 famulantibus
665 2039 718 2079 seu
742 2019 931 2079 famulandis
954 2021 1107 2094 premisso
1130 2019 1301 2093 empcionis
1336 2020 1427 2078 titulo
1461 2021 1536 2094 ipsis
1565 2022 1683 2080 incum-

420 2128 519 2199 bente,
543 2127 658 2186 eisdem
682 2129 793 2186 litteris
816 2128 929 2185 nostris
953 2126 1147 2201 presentibus
1178 2125 1428 2199 privilegialibus
1463 2128 1626 2186 statuimus
1653 2133 1683 2188 et

420 2233 640 2292 confirmamus
662 2235 837 2292 racionibus
860 2239 891 2292 et
913 2234 1012 2292 causis
1037 2249 1075 2290 ex
1099 2233 1267 2305 premissis,
1289 2230 1357 2308 jure
1380 2237 1531 2306 perpetuo
1555 2239 1585 2292 et
1608 2235 1683 2293 irre·

421 2341 605 2398 vocabiliter
635 2341 856 2416 possidendum
881 2347 911 2398 et
947 2338 1240 2414 quomodocumque
1267 2339 1423 2397 voluerint
1453 2339 1682 2414 disponendum

419 2446 505 2503 iuxta
527 2447 739 2506 condicionem
763 2455 794 2507 et
827 2446 1078 2522 jurisdicciouem
1113 2446 1247 2504 civitatis
1282 2451 1443 2519 prenotate
1479 2423 1681 2522 abantiquo

419 2553 626 2625 approbatam
653 2555 697 2612 ita
730 2559 842 2626 tamen,
878 2553 961 2627 quod
999 2549 1083 2610 idern
1118 2551 1334 2610 molendinum
1368 2568 1440 2610 cum
1477 2553 1540 2611 suis
1564 2555 1682 2612 cunctis

419 2659 615 2732 pertinenciis
638 2661 809 2734 prenotatis
831 2675 850 2716 a
871 2657 1089 2735 jurisdiccione
1112 2659 1210 2732 ipsius
1234 2659 1367 2716 civitatis
1391 2663 1551 2732 prenotate
1567 2665 1598 2718 et
1616 2661 1681 2719 eius

420 2765 567 2824 territorii
590 2783 647 2841 per
669 2766 773 2824 nullos
797 2767 862 2824 eius
898 2779 1091 2840 possessores
1126 2771 1283 2839 presentes
1321 2765 1438 2823 scilicet
1472 2766 1524 2823 vel
1559 2765 1680 2826 futuros

418 2871 487 2928 ullo
518 2888 655 2946 unquam
679 2881 820 2946 tempore
843 2871 937 2928 avelli
962 2871 1060 2943 possit
1082 2886 1136 2928 seu
1160 2871 1288 2929 alienari
1311 2870 1405 2930 modo
1425 2872 1562 2945 aliquali.
1594 2875 1681 2933 Anti·

420 2969 497 3050 qua's
528 2993 652 3052 quoque
674 2979 794 3037 litteras
829 2978 997 3049 universas,
1032 2978 1058 3034 si
1093 2993 1153 3050 que
1186 2977 1381 3050 presentibus
1404 2976 1506 3036 forent
1528 2981 1681 3038 contrarie

418 3099 518 3142 cassas
542 3086 747 3159 relinquimus
769 3091 798 3143 et
821 3085 941 3143 viribus
965 3085 1122 3142 carituras.
1147 3084 1181 3142 In
1204 3099 1338 3157 quorum
1369 3086 1510 3143 omnium
1546 3086 1678 3159 premis·

417 3205 522 3249 sorum
554 3192 775 3264 testimonium,
810 3191 1052 3263 firmitatemque
1086 3195 1272 3264 perpetuam
1306 3192 1502 3264 presentibus
1536 3193 1679 3266 sigillum

416 3303 558 3354 nostrum
581 3313 746 3356 commune
769 3297 914 3356 duximus
937 3296 1186 3372 appendendum.
1211 3297 1328 3356 Datum
1350 3298 1382 3356 in
1405 3297 1484 3356 festo
1515 3300 1599 3358 beati
1627 3299 1680 3358 Ni·

416 3404 497 3462 colai
519 3403 710 3463 contessoris.
735 3407 825 3463 Anno
848 3404 968 3462 domini
990 3403 1161 3462 millesimo
1185 3403 1490 3478 quadringentesimo
1514 3399 1678 3484 (quinqua-

417 3511 536 3583 gesimo
559 3502 712 3588 secundo).

522 3631 545 3679 E
564 3635 724 3694 transumpto
743 3645 808 3683 saec.
828 3630 921 3682 XVII.
941 3631 973 3678 In
991 3629 1061 3680 arch.
1080 3629 1201 3694 regnicol.
1222 3631 1283 3680 Act.
1298 3631 1353 3696 Jes.
1373 3632 1434 3682 [asc.
1457 3643 1496 3682 12.
1515 3647 1552 3683 ur.
1574 3643 1614 3682 22.

1006 3808 1087 3877 167.

520 3932 600 3981 Auno
622 3943 696 3998 1453,
720 3945 740 3984 1.
757 3932 876 3998 januarii.
896 3933 1043 3984 Varasdiui.

419 4038 592 4113 Cathan'na,
614 4043 756 4100 comitissa
778 4043 877 4112 filiive,
893 4043 1029 4100 tribunam
1045 4050 1185 4117 acceptzm
1200 4043 1395 4101 emmunitati
1407 4045 1533 4102 ciuitatis
1547 4053 1676 4103 testatur.

517 4169 588 4226 Wir
610 4169 787 4240 Katherina‚
811 4184 872 4227 von
895 4175 964 4242 gots
986 4169 1107 4242 gnadeu
1130 4169 1239 4229 Grdfin
1261 4187 1298 4228 zu
1322 4170 1404 4242 Cilli,
1428 4187 1461 4229 ze
1485 4171 1676 4245 Ortemburg

411 4275 475 4333 und
505 4276 537 4333 in
571 4275 643 4334 dem
677 4275 772 4348 Seger
802 4281 857 4334 etc.
890 4275 1058 4348 belrennen,
1090 4276 1144 4333 das
1167 4291 1225 4334 vns
1247 4277 1344 4360 Jacob
1368 4278 1559 4352 Eberspelch
1582 4291 1675 4336 vnser

412 4381 492 4440 Statt
515 4382 641 4441 Richter
663 4399 733 4441 zum
757 4385 874 4456 Agram
898 4383 929 4441 in
952 4399 1044 4440 vnsre
1067 4383 1184 4441 Kamer
1206 4384 1273 4441 batt
1295 4389 1504 4458 geannttwurt
1520 4385 1676 4458 vierczilry

412 4479 543 4546 Grifen¹
566 4489 710 4562 phennig‚
735 4489 784 4548 die
801 4506 857 4548 vns
875 4489 934 4562 dye
949 4488 1027 4548 Statt
1044 4489 1182 4548 daselbst
1193 4491 1355 4572 Jarlechen
1373 4507 1406 4548 ze
1422 4490 1503 4549 dinst
1520 4492 1675 4566 phlichtig

411 4595 475 4652 sein
498 4611 532 4652 ze
555 4597 671 4668 geben;
695 4612 727 4653 ze
751 4597 880 4654 Vrlrund
896 4595 995 4655 under
1010 4611 1135 4654 vnserm
1152 4597 1308 4656 betschad.
1331 4597 1438 4656 Geben
1454 4613 1492 4655 zu
1509 4598 1676 4657 Warasdin

410 4715 462 4758 arn
486 4701 595 4759 Newm
616 4702 677 4784 Jar.
704 4703 792 4761 Anno
817 4695 979 4781 (MCCCC)
1003 4703 1260 4777 quinquagesimo
1282 4705 1384 4762 tercio.

519 4837 526 4866 ¹
546 4839 627 4896 Grise,
646 4839 708 4888 slav.
729 4839 859 4902 grivus:
872 4856 955 4890 marca
974 4841 1143 4891 denariorum.

516 4944 648 5006 Originnle
669 4945 695 4993 iu
714 4945 809 4998 charta.
829 4947 856 4996 A
876 4953 948 5012 tergo
967 4945 1081 5012 sigillum
1109 4948 1141 4996 de
1168 4963 1225 4996 cera
1253 4947 1335 4998 rubra.
1373 4948 1404 4996 Iu
1423 4949 1536 4998 archivio
1555 4949 1601 5003 lib.
1621 4967 1673 5015 reg.

409 5015 477 5066 civit.
497 5016 677 5078 zagrabiensis
