3930 5802
417 544 476 618 138
828 544 901 604 Doc.
925 557 991 600 [ιο.
1015 576 1057 585 -
1081 541 1137 600 An.
1162 532 1265 619 143&

415 759 531 817 scilicet
554 758 641 830 Cilic,
664 759 859 832 Ortenburge
880 765 910 817 et
933 759 1069 832 Zagorie,
1093 758 1291 815 dominorum
1307 770 1445 828 suorum,
1468 755 1545 814 duas
1567 770 1677 814 uacoes

413 865 574 924 cuiusdam
598 866 700 924 coloni
723 867 820 940 ipsius
844 866 977 924 civitatis
1000 865 1032 923 in
1062 864 1255 938 possessione
1278 862 1423 920 Graohan
1453 867 1563 920 vocata
1593 875 1677 919 com·

411 973 570 1041 morantis,
594 973 680 1031 omni
701 987 757 1030 sua
779 973 845 1031 sine
867 972 961 1047 culpa
993 971 1141 1045 recipiet
1164 970 1204 1028 ad
1237 970 1356 1027 dictum
1388 974 1525 1026 castrum
1554 966 1675 1026 Medwe

412 1076 523 1137 deduci
545 1094 581 1137 ac
602 1081 673 1138 usui
695 1094 752 1137 suo
780 1078 923 1153 deputari
946 1078 1075 1136 lecisset
1098 1077 1136 1135 Et
1159 1075 1243 1150 quod
1274 1075 1359 1133 idem
1381 1073 1572 1132 Wilhelmus
1595 1086 1677 1131 anno

410 1185 554 1258 proxime
577 1191 732 1244 transacto
755 1186 837 1243 circa
859 1184 973 1242 festum
996 1185 1079 1243 beati
1109 1185 1191 1257 regis
1221 1181 1352 1241 Osualdi
1381 1181 1550 1240 nonnullos
1582 1181 1674 1252 cives,

412 1291 551 1366 hospites
571 1299 603 1351 et
625 1293 816 1350 habitatores
850 1291 931 1350 dicte
961 1292 1094 1350 civitatis
1123 1291 1237 1349 montis
1269 1288 1432 1348 Grecensis
1462 1288 1501 1346 de
1531 1287 1677 1346 nundinis

411 1414 466 1456 seu
490 1398 559 1457 foro
582 1400 707 1458 annuali
721 1398 915 1473 pethouiensi
937 1413 1006 1456 cum
1023 1412 1131 1455 eorum
1148 1397 1242 1454 rebus
1258 1395 1544 1454 mercimonialibus
1567 1407 1676 1452 versus

410 1506 540 1579 propria
570 1505 808 1581 proficiscentes,
833 1505 884 1563 via
905 1505 937 1562 in
967 1505 1075 1575 libera,
1110 1502 1254 1561 similiter
1276 1518 1315 1560 ex
1349 1502 1435 1572 scitu,
1459 1502 1620 1559 voluntate
1646 1503 1676 1558 et

410 1613 628 1670 commissione
652 1611 807 1670 dictorum
831 1610 1031 1669 dominorum
1054 1610 1213 1679 comitum,
1237 1607 1437 1666 dominorum
1457 1622 1595 1677 suorum,
1618 1621 1676 1679 per

410 1716 562 1789 quosdam
586 1716 756 1775 familiares
779 1732 815 1774 ac
829 1717 972 1776 homines
987 1731 1060 1774 suos
1082 1723 1111 1773 et
1132 1716 1276 1789 ipsorum
1292 1714 1491 1772 dominorum
1514 1713 1675 1784 comitum,

409 1823 559 1896 precipue
581 1839 638 1897 per
665 1821 834 1896 quemdam
858 1821 1066 1880 Colomanum
1097 1821 1333 1893 Tralenberger
1362 1835 1400 1878 ac
1428 1820 1623 1904 Jeronimum
1645 1822 1675 1878 et

409 1928 587 1997 Martinum
610 1927 712 1986 filium
736 1927 874 1986 ladislai
897 1927 935 1986 de
958 1927 1112 2002 Gorycha,
1136 1943 1197 2001 que
1213 1929 1328 1986 scilicet
1352 1943 1402 1986 res
1425 1925 1672 1985 mercimoniales

409 2033 474 2093 fere
497 2035 536 2093 ad
560 2035 623 2093 duo
646 2035 748 2094 millia
770 2034 957 2093 florenorum
981 2036 1050 2093 auri
1073 2050 1105 2093 se
1128 2034 1344 2102 extendissent,
1367 2034 1465 2107 recipi
1487 2039 1518 2091 et
1539 2047 1602 2106 quo
1617 2046 1672 2088 sue

409 2142 579 2216 placuisset
602 2142 763 2212 voluntati,
793 2140 952 2214 deportari
981 2147 1012 2198 et
1043 2141 1140 2200 dividi
1176 2141 1305 2200 fecisset.
1325 2141 1394 2200 Hiis
1416 2156 1479 2199 non
1513 2144 1673 2198 contentus

411 2246 493 2304 idern
518 2247 710 2306 Wilhelmus
736 2248 880 2305 similiter
903 2263 941 2305 ex
971 2261 1128 2319 consensu,
1157 2248 1234 2306 scitu
1270 2253 1300 2304 et
1333 2248 1494 2306 voluntate
1518 2247 1674 2305 dictorum

409 2351 607 2411 dominorum
622 2368 751 2411 suorum
774 2353 855 2411 circa
878 2351 992 2411 festum
1010 2353 1185 2412 Natiuitatis
1209 2353 1338 2426 virginis
1360 2353 1505 2426 gloriose,
1528 2353 1671 2426 proxime

411 2459 604 2532 preteritum,
626 2458 777 2516 nonnulla
800 2473 912 2532 pecora
936 2464 965 2516 et
988 2457 1121 2532 pecudes
1145 2459 1300 2516 dictorum
1334 2457 1450 2516 civium
1481 2457 1519 2515 de
1552 2471 1673 2532 posses·

411 2565 496 2622 sione
520 2565 654 2637 Roycha,
678 2563 747 2622 toro
769 2565 886 2622 scilicet
916 2565 1060 2622 similiter
1082 2566 1207 2624 annuali
1226 2580 1334 2623 versus
1364 2565 1493 2638 propria
1516 2563 1674 2636 ducentes,

408 2671 460 2728 via
494 2671 525 2728 in
559 2671 667 2741 libera,
703 2671 789 2728 omni
810 2670 951 2744 ipsorum
986 2671 1102 2729 civium
1136 2671 1201 2729 sine
1235 2671 1337 2744 culpa,
1367 2671 1465 2745 recipi
1499 2677 1529 2728 et
1560 2671 1672 2728 aufferi

408 2778 497 2834 acin
520 2778 612 2836 certis
635 2777 819 2852 pecuniariis
841 2777 1064 2850 quantitatibus
1086 2777 1206 2851 pactari
1236 2783 1266 2835 et
1289 2777 1429 2850 permitti
1459 2776 1590 2844 fecisset,
1614 2791 1670 2850 po·

408 2884 507 2941 tencia
530 2883 692 2952 mediante,
708 2884 741 2942 in
756 2883 964 2956 preiudicium
987 2889 1017 2940 et
1042 2881 1214 2957 dampnum
1231 2883 1414 2941 eorumdem
1438 2884 1555 2941 civium
1579 2883 1672 2941 valde

409 3003 567 3062 magnum.
591 2988 693 3064 Super
708 3003 771 3063 quo
794 2995 931 3047 vestram
954 2990 1127 3064 amiciciam
1144 2990 1340 3063 presentibus
1356 2991 1491 3063 petimus
1507 2989 1673 3062 diligenter

408 3103 558 3169 quatenus
580 3101 720 3154 vestrum
745 3097 875 3154 mittatis
898 3096 1056 3154 hominem
1081 3111 1141 3171 pro
1166 3097 1344 3154 testimonio
1375 3095 1577 3168 fidedignum‚
1609 3110 1671 3169 quo

406 3209 549 3275 presente
579 3199 753 3276 Stephanus
785 3202 837 3258 vel
871 3201 1052 3274 Radoslaus‚
1090 3201 1149 3260 filii
1182 3202 1312 3273 Nicolai‚
1348 3202 1399 3259 vel
1434 3199 1586 3274 Georgius
1618 3206 1671 3258 aut

405 3308 570 3392 Jobannes‚
595 3308 654 3366 filii
675 3307 760 3366 lwan
783 3307 822 3365 de
846 3307 1045 3380 Brezouycza,
1067 3324 1122 3366 ceu
1159 3307 1328 3380 Gregorius
1351 3307 1390 3365 de
1412 3293 1596 3380 Beryzlaucz
1618 3313 1672 3364 aut

406 3413 546 3485 Mathias,
570 3413 654 3472 filius
677 3413 830 3498 Gregorii,
854 3414 913 3472 filii
928 3415 1093 3474 Dominici
1116 3415 1155 3473 de
1178 3415 1370 3484 Adamouch,
1387 3415 1458 3473 aliis
1480 3414 1668 3484 absentibus,

408 3521 503 3579 bomo
525 3527 637 3592 noster,
660 3522 700 3580 ab
723 3521 869 3578 omnibus
889 3522 1002 3595 quibus
1017 3521 1169 3580 incumbit
1185 3537 1305 3580 meram
1329 3521 1368 3578 de
1392 3521 1552 3595 premissis
1576 3536 1669 3595 expe

407 3627 505 3684 riatur
527 3629 700 3698 veritatem,
717 3643 812 3702 quam
836 3627 959 3686 tandem
975 3628 1065 3686 nobis
1088 3629 1295 3686 amicabiliter
1310 3628 1495 3686 rescribatis.
1513 3627 1669 3686 Presentes

406 3733 511 3804 sigillo
539 3733 667 3804 Nicolai‚
690 3733 749 3791 filii
780 3731 924 3805 Gregorii
958 3734 995 3790 de
1030 3732 1156 3808 GepeW,
1187 3735 1309 3792 comitis
1330 3734 1429 3792 nostri
1451 3733 1668 3806 zagrabiensis.

409 3837 538 3896 fecimus
561 3839 742 3911 consignari.
777 3838 893 3896 Datum
927 3838 1078 3912 Zagrabie
1112 3847 1222 3898 octavo
1246 3839 1296 3898 die
1326 3839 1396 3898 testi
1420 3839 1665 3914 Epiphaniarum

403 3943 532 4002 Domini
555 3945 645 4004 Anno
667 3944 805 4005 eiusdem
828 3945 998 4004 millesimo
1022 3943 1216 4004 CCCCXXX
1238 3953 1359 4004 octavo.

508 4151 546 4203 Iv.
566 4151 738 4216 Kukuljeuid.
763 4150 850 4200 Arkiv
873 4167 903 4200 za
927 4152 1088 4217 povjestnicu
1110 4151 1320 4216 jugoslavenslru,
1345 4151 1398 4216 lrnj.
1419 4153 1463 4200 111
1490 4158 1534 4204 str.
1555 4163 1666 4214 91—92.
