3930 5802
291 537 293 542 ’
400 540 459 618 148
819 537 892 598 Doc.
916 534 983 597 116.
1005 571 1050 582 -
1071 540 1128 599 An.
1151 533 1245 618 1438.

1579 646 1659 656 ...ι-

395 753 550 830 cepcionis
571 753 661 812 beate
677 753 774 812 Marie
795 755 934 828 virginis,
955 755 1098 830 proxime
1113 755 1262 830 preteriti,
1284 755 1427 814 homines
1442 759 1473 814 et
1488 754 1658 816 familiares

394 860 608 936 predictorum
630 859 730 919 Vlrici
759 865 789 918 et
812 861 974 935 Vylhelmi
1005 861 1044 919 ad
1074 867 1200 936 portam
1230 862 1364 922 civitatis
1394 861 1543 936 predicte,
1566 863 1660 922 tensis

395 966 524 1040 balistis,
547 965 708 1039 irruentes
733 967 936 1043 quamplures
951 968 1034 1028 cives
1048 969 1146 1043 ipsius
1162 969 1295 1028 civitatis
1310 969 1341 1028 in
1357 969 1497 1028 custodia
1520 967 1658 1028 eiusdem

394 1073 528 1132 civitatis
544 1071 715 1145 existentes,
732 1073 843 1132 ictibus
858 1075 1041 1148 sagittarum
1057 1076 1251 1148 sauciassent,
1267 1091 1306 1134 ex
1322 1076 1436 1148 quibus
1458 1081 1521 1136 tres
1542 1074 1661 1134 mortui

395 1179 534 1238 fuissent.
564 1177 598 1236 In
622 1193 685 1252 quo
716 1177 797 1238 facto
831 1179 926 1239 iidem
956 1187 1173 1256 procuratores
1207 1181 1347 1256 ipsorum
1381 1181 1497 1240 ciuium
1532 1180 1658 1241 eosdem

394 1283 510 1362 judicio
532 1289 563 1344 et
586 1285 722 1344 examini
744 1285 898 1345 dictorum
921 1286 1070 1362 Stephani
1096 1285 1254 1360 Byczkele,
1288 1287 1437 1372 Johannis
1459 1287 1551 1359 Toth,
1581 1286 1658 1346 Gre·

394 1393 475 1466 gorii
498 1391 537 1450 de
559 1391 721 1450 Wrnouch
747 1397 776 1450 et
800 1393 882 1452 Petri
905 1393 943 1453 de
966 1393 1177 1467 Schytaryeuo
1199 1391 1286 1468 juxta
1316 1394 1520 1468 probaciones
1550 1399 1582 1452 et
1603 1393 1658 1451 do·

394 1503 538 1557 cumenta
554 1497 735 1557 eorumdem
752 1499 867 1558 civium
882 1499 914 1558 in
930 1499 1012 1558 dicta
1028 1500 1152 1558 civitate
1168 1499 1312 1558 habendo
1327 1499 1549 1558 submisissent
1571 1499 1657 1570 Item,

395 1603 480 1678 quod
504 1602 582 1662 feria
605 1603 739 1662 secunda
761 1606 905 1679 proxima
936 1611 1006 1665 ante
1029 1605 1143 1664 festum
1165 1605 1342 1665 Natiuitatis
1365 1605 1492 1678 domini,
1514 1605 1658 1679 proxime

393 1709 587 1785 preteritum,
621 1709 761 1784 prefatus
795 1711 982 1784 Vylhelmus
1016 1727 1088 1770 cum
1118 1711 1183 1770 suis
1212 1712 1420 1785 complicibus
1450 1710 1488 1770 de
1518 1712 1597 1770 scitu
1627 1715 1657 1770 et

393 1816 555 1876 voluntate
577 1815 651 1876 dicti
674 1815 775 1875 Vlrici
797 1818 919 1876 comitis
942 1833 1028 1876 more
1052 1789 1233 1877 exercituali
1255 1819 1287 1876 in
1310 1818 1395 1893 ipsos
1417 1817 1501 1876 cives
1523 1817 1658 1876 civitatis

393 1921 532 1998 predicte
553 1920 709 1995 irruendo,
732 1937 751 1980 a
773 1923 903 1982 Nicolao
926 1925 1003 1983 alias
1033 1923 1150 1996 villico,
1181 1929 1315 1997 quatuor
1344 1924 1451 1996 boves,
1482 1938 1518 1981 ac
1541 1939 1658 1982 merce·

392 2030 480 2089 nario
501 2027 640 2088 eiusdem
662 2043 756 2088 unam
773 2029 919 2102 tunicam,
935 2045 993 2105 pro
1008 2030 1109 2089 tribus
1124 2031 1227 2104 pensis
1242 2036 1390 2104 emptam,
1413 2044 1511 2088 unum
1526 2029 1657 2104 palium,

392 2150 489 2194 unum
512 2133 664 2194 florenum
687 2136 756 2194 auri
775 2135 899 2207 valens;
930 2135 1005 2194 item
1027 2151 1046 2194 a
1069 2135 1171 2194 Blasio
1194 2135 1272 2194 duos
1293 2137 1400 2207 boves,
1431 2134 1508 2194 duas
1530 2149 1656 2206 vaccas;

391 2243 467 2301 item
490 2255 510 2299 a
532 2239 690 2315 Stephano
712 2240 856 2316 lapicida,
881 2241 959 2299 duos
982 2242 1087 2314 boves,
1122 2257 1215 2300 unam
1239 2255 1369 2300 vaccam
1402 2241 1589 2313 abstulisset,
1620 2255 1657 2299 ac

392 2347 494 2406 filium
516 2362 609 2406 suum
631 2347 768 2406 letaliter
790 2347 999 2418 vulnerasset;
1023 2348 1098 2406 item
1121 2363 1139 2405 a
1161 2347 1322 2406 Clemente
1345 2353 1408 2406 tres
1431 2347 1545 2418 boues;
1579 2347 1655 2405 item

391 2468 411 2512 a
432 2453 524 2511 Petro
547 2451 626 2511 duos
650 2453 762 2524 boues;
785 2453 861 2512 item
884 2469 901 2511 a
925 2453 1091 2512 Valentino
1114 2453 1193 2512 duos
1218 2454 1330 2524 boues;
1352 2453 1428 2512 item
1450 2467 1469 2510 a
1490 2452 1657 2510 Herticho·

391 2559 458 2618 nicz
481 2557 559 2617 duos
582 2559 679 2617 boves
694 2563 724 2617 et
740 2573 867 2618 currum
882 2574 973 2617 suurn
989 2561 1164 2633 recepisset.
1188 2559 1227 2617 Et
1242 2557 1317 2616 dum
1334 2559 1395 2632 ipsi
1417 2559 1501 2616 cives
1523 2557 1657 2616 civitatis

391 2663 532 2740 predicte
554 2679 613 2738 pro
636 2663 813 2723 defensione
835 2665 1050 2739 predictorum
1075 2667 1170 2724 bourn
1193 2671 1223 2723 et
1245 2664 1380 2722 aliarum
1401 2679 1508 2722 rerum
1529 2677 1657 2722 suarum

392 2772 567 2844 exivissent,
601 2775 675 2830 tunc
708 2770 848 2846 prefatus
883 2772 1070 2844 Vylhelmus
1105 2787 1178 2830 cum
1208 2771 1278 2829 aliis
1301 2771 1365 2828 suis
1388 2769 1598 2843 complicibus
1621 2785 1657 2828 ac

391 2877 562 2950 armigeris,
585 2878 814 2937 exercitualiter
845 2877 1012 2951 dispositis,
1044 2878 1076 2936 in
1098 2878 1183 2951 ipsos
1205 2875 1352 2936 irruendo
1377 2873 1502 2934 eosdem
1525 2874 1601 2935 diris
1625 2881 1656 2934 et

390 2982 540 3042 letalibus
574 2983 757 3041 vulneribus
784 2985 949 3042 sauciasset
980 2989 1010 3042 et
1040 2985 1152 3043 acriter
1181 2983 1383 3044 vulnerasset.
1406 2983 1452 3041 Ex
1476 2981 1655 3056 quibusci·

391 3089 484 3148 vibus
506 3089 624 3148 ibidem
647 3095 716 3147 octo
738 3089 890 3148 interfecti
914 3087 1051 3163 fuissent,
1074 3095 1103 3148 et
1126 3089 1252 3148 tandem
1274 3105 1355 3148 unus
1377 3087 1542 3147 familiaris
1564 3088 1656 3146 unius

391 3196 469 3254 civis
492 3196 590 3254 eciam
606 3194 724 3254 ibidem
747 3196 867 3254 occisus
890 3197 1049 3269 extitisset,
1073 3203 1103 3255 et
1126 3195 1291 3255 duodecim
1314 3196 1406 3270 capti,
1428 3201 1460 3252 et
1491 3209 1552 3252 una
1584 3209 1656 3252 cum

390 3300 489 3377 preda
511 3300 651 3376 predicta
673 3301 714 3360 ad
736 3308 874 3360 castrum
898 3302 1017 3361 Medwe
1040 3301 1125 3360 ducti
1147 3301 1277 3360 fuissent
1292 3307 1321 3360 et
1338 3301 1440 3360 adhuc
1455 3305 1556 3358 essent
1571 3299 1654 3370 viui;

391 3406 431 3465 de
465 3407 541 3481 ipsis
571 3408 742 3466 vulneratis
776 3407 884 3467 decern
919 3415 950 3468 et
983 3413 1062 3480 octo,
1085 3407 1124 3466 de
1147 3422 1282 3482 quorum
1306 3407 1370 3464 vita
1392 3405 1596 3476 dubitaretur,
1619 3419 1656 3464 ac

391 3513 496 3572 omnia
530 3511 612 3571 bona
647 3519 677 3570 et
710 3528 768 3586 res,
802 3513 948 3588 pecunias
982 3521 1013 3572 et
1043 3520 1152 3586 vestes,
1184 3519 1247 3571 tam
1270 3514 1352 3571 circa
1375 3512 1448 3571 illos
1471 3509 1656 3584 interfectos,

392 3634 489 3693 quam
524 3619 622 3677 eciam
656 3619 738 3677 circa
772 3620 912 3694 captivos
948 3620 1071 3678 habitas
1105 3625 1136 3678 et
1170 3619 1334 3678 existentes
1367 3619 1534 3691 recepisset
1564 3623 1594 3676 et
1616 3616 1656 3676 ad

391 3726 495 3800 ipsum
519 3732 655 3784 castrum
679 3725 865 3783 deduxisset·
889 3726 957 3798 Que
977 3727 1082 3784 omnia
1106 3727 1204 3784 eciam
1235 3723 1351 3802 judicio
1374 3731 1405 3784 et
1427 3725 1562 3784 examini
1592 3723 1655 3782 dic·

390 3836 495 3890 torum
529 3829 678 3905 Stephani
712 3830 875 3904 Byehlrele,
908 3832 1056 3916 Johannis
1091 3833 1181 3904 Toth,
1216 3831 1360 3904 Gregorii
1391 3831 1430 3889 de
1453 3831 1601 3890 Vmouch
1624 3835 1655 3888 et

391 3937 473 3998 Petri
496 3935 534 3995 de
568 3935 779 4010 Schytaryeuo
810 3939 1014 3998 consimiliter
1046 3937 1133 4014 juxta
1168 3939 1372 4013 probaciones
1409 3943 1439 3996 et
1470 3936 1656 3994 documenta

389 4043 573 4102 eorumdem
597 4044 714 4102 civium
737 4043 856 4114 ibidem
880 4043 1095 4119 producendas
1129 4043 1241 4116 fiendo,
1277 4045 1337 4118 ipsi
1373 4049 1591 4118 procuratores
1626 4047 1656 4100 et

390 4151 473 4210 cives
496 4151 719 4209 submisissent.
742 4151 828 4223 Item,
853 4151 937 4225 quod
960 4151 992 4209 in
1015 4150 1093 4210 festo
1117 4150 1282 4209 beatorum
1304 4149 1418 4208 Cosme
1449 4154 1479 4206 et
1511 4147 1657 4206 Damiani

389 4257 565 4328 martirum,
587 4258 731 4330 proxime
754 4259 948 4331 preteritum,
972 4257 1067 4316 iidem
1094 4257 1235 4316 homines
1258 4261 1289 4313 et
1311 4254 1482 4314 familiares
1505 4253 1581 4313 dicti
1606 4267 1656 4313 co·

389 4364 474 4422 mitis
507 4362 762 4422 Bartholomeum
799 4365 981 4438 vitriparem
1015 4379 1087 4422 curn
1122 4361 1331 4420 familiaribus
1365 4361 1428 4418 suis
1459 4359 1497 4417 de
1520 4360 1656 4442 Petouya

390 4485 461 4527 cum
494 4469 589 4528 rebus
623 4475 652 4526 et
687 4468 776 4528 bonis
808 4462 943 4548 (eorum)
977 4485 1085 4529 versus
1116 4470 1243 4544 propria
1274 4469 1447 4526 venientem
1472 4467 1532 4526 sub
1555 4473 1657 4526 castro

388 4573 509 4632 Medvre
542 4574 574 4632 in
608 4575 660 4634 via
694 4575 794 4633 libera
830 4582 860 4633 et
895 4576 1022 4650 publica
1056 4583 1216 4651 repertum
1248 4575 1456 4648 captivassent
1476 4578 1506 4632 et
1529 4579 1655 4648 captum

388 4697 483 4756 penes
506 4679 589 4740 idem
620 4685 756 4740 castrum
787 4681 916 4753 Medwe,
940 4697 1003 4756 quo
1026 4683 1168 4757 ipsorum
1191 4680 1360 4756 placuisset
1382 4679 1536 4739 voluntati
1559 4679 1656 4737 dedu·

390 4787 516 4860 xissent,
550 4801 587 4846 ac
620 4787 698 4846 duos
731 4803 828 4862 equos
861 4803 943 4860 suos,
972 4803 1089 4848 necnon
1121 4787 1266 4862 pecunias
1290 4793 1320 4844 et
1344 4801 1394 4844 res
1417 4802 1454 4845 ac
1477 4786 1560 4844 bona
1582 4800 1656 4859 erga

390 4893 476 4968 ipsos
498 4893 621 4952 habitas
644 4893 839 4968 recepissent,
862 4895 1029 4970 ipsumque
1057 4895 1088 4953 in
1111 4893 1315 4968 quadraginta
1338 4891 1462 4952 florenis
1492 4891 1562 4950 auri
1584 4907 1656 4966 pac·

388 5009 512 5072 tassent,
541 5017 579 5059 ex
611 5002 725 5074 quibus
758 5001 869 5074 viginti
891 5000 1023 5060 florenos
1046 5001 1115 5060 auri
1137 5001 1215 5075 ipsis
1238 4999 1448 5073 persolvisset,
1472 5007 1502 5056 et
1525 5013 1584 5074 pro
1608 4998 1653 5056 vi·
