3828 5822
645 513 717 574 Doc.
735 527 812 590 309.
837 505 886 557 -'
903 513 959 572 An.
984 510 1075 592 1478.
1249 489 1250 492 Ἴ
1429 520 1490 595 389

226 731 289 789 suis
311 730 470 804 inquilinis
493 733 523 788 et
549 730 774 804 pertinentibus
790 729 829 788 ad
845 729 978 790 eosdem.
995 729 1197 804 Singulorum
1220 736 1323 790 autem
1347 749 1386 791 ex
1401 733 1493 792 nobis

227 851 344 908 manus,
369 841 552 910 potestatem
577 841 607 894 et
630 835 804 894 dominium
827 837 868 893 ab
891 836 1009 894 eisdem
1032 837 1208 911 hospitibus
1230 838 1345 896 nostris
1369 840 1492 912 penitus

226 948 258 1001 et
280 943 409 1001 omnino
442 939 623 1016 excipimus,
646 943 706 1001 hoc
722 941 887 999 dumtaxat
909 947 1048 1015 excepto,
1071 942 1156 1015 quod
1179 943 1319 1016 singulos
1342 960 1380 1002 ex
1402 945 1493 1004 nobis

227 1049 332 1108 debila
354 1054 385 1106 et
415 1047 527 1106 devota
558 1049 735 1106 reverencia
769 1053 799 1106 et
821 1049 939 1106 honore
962 1063 1086 1120 semper
1107 1055 1343 1123 prosequantur,
1367 1049 1451 1124 quod
1466 1052 1493 1109 si

226 1155 383 1230 quispiam
406 1171 445 1213 ex
466 1154 557 1213 nobis
580 1169 778 1228 quacumque
800 1155 960 1212 occasione
984 1155 1105 1228 quesita
1128 1155 1180 1214 vel
1202 1156 1329 1214 inventa
1353 1157 1492 1231 cuipiam

224 1263 366 1336 ipsorum
397 1260 555 1335 hospitum
585 1266 763 1319 nostrorum
792 1260 920 1318 iniurias
953 1260 1098 1319 verbales
1131 1277 1184 1320 seu
1207 1263 1307 1322 reales
1343 1263 1493 1334 intulerit,

225 1383 280 1426 nos
304 1367 342 1426 de
363 1368 427 1438 tali,
450 1367 477 1424 si
499 1382 593 1441 super
608 1367 669 1425 hoc
684 1366 823 1440 requisiti
839 1365 999 1439 fuerimus,
1017 1367 1134 1425 realem
1150 1373 1182 1426 et
1196 1369 1312 1426 bonam
1332 1367 1490 1445 justiciam

227 1473 427 1548 conquerenti
449 1488 503 1532 seu
535 1473 795 1547 conquerentibus
826 1473 973 1531 volumus
998 1479 1028 1532 et
1051 1474 1205 1532 tenebitur
1238 1475 1423 1547 ministrate,
1446 1473 1492 1550 ju·

225 1579 302 1638 dicis
331 1581 429 1639 eciam
459 1584 513 1638 aut
542 1579 663 1638 comitis
690 1593 743 1637 seu
763 1580 854 1654 spani
874 1580 972 1638 nostri
995 1580 1143 1638 secularis
1166 1595 1225 1654 pro
1251 1588 1391 1655 tempore
1425 1583 1490 1641 exi·

225 1687 340 1758 stantis,
362 1701 473 1744 manus
495 1689 526 1744 et
547 1691 741 1761 potestatem,
765 1691 965 1760 preterquam
986 1677 1128 1760 superius
1151 1691 1197 1745 est
1220 1702 1411 1762 expressum,
1436 1703 1490 1762 pe·

227 1793 309 1851 nitus
332 1798 363 1851 et
378 1794 505 1851 omnino
520 1793 560 1850 ab
576 1791 694 1850 eisdem
709 1792 886 1866 hospitibus
902 1793 1015 1851 nostris
1032 1793 1204 1867 excipimus
1227 1800 1258 1852 et
1280 1809 1489 1854 removemus.

228 1900 266 1958 Et
290 1905 323 1957 ut
353 1899 447 1957 iidem
470 1899 609 1973 hospites
638 1899 737 1957 nostri
759 1899 886 1958 omnino
920 1900 1022 1973 quieta
1058 1904 1089 1958 et
1118 1898 1256 1974 perfecta
1278 1899 1423 1959 libertate
1445 1901 1492 1959 uti

225 2011 255 2063 et
286 2003 422 2078 gaudere
451 2019 576 2078 semper
606 2003 733 2078 possint,
763 2005 919 2077 volumus,
950 2004 1034 2078 quod
1067 2004 1237 2064 familiares
1260 2007 1359 2066 nostri
1388 2013 1490 2072 etex

225 2112 317 2170 nobis
340 2111 535 2184 singulorum
557 2111 655 2169 nichil
685 2108 763 2187 juris
793 2115 847 2169 aut
875 2112 1036 2185 potestatis
1059 2113 1090 2170 in
1114 2127 1166 2170 eos
1189 2113 1333 2186 habeant,
1358 2119 1412 2171 aut
1435 2114 1492 2173 ali·

226 2233 303 2292 quas
333 2215 460 2293 injurias
487 2216 587 2275 reales
610 2231 664 2274 seu
695 2216 839 2274 verbales
869 2217 946 2290 ipsis
976 2222 1029 2274 aut
1052 2231 1160 2276 eorum
1192 2218 1331 2293 cuipiam
1352 2220 1492 2293 irrogare

225 2329 448 2398 presummant,
473 2322 556 2398 quod
580 2323 607 2382 si
630 2323 700 2396 quis
722 2337 761 2380 ex
783 2321 994 2381 familiaribus
1016 2324 1131 2382 nostris
1151 2331 1204 2382 aut
1229 2325 1428 2398 singulorum
1453 2342 1492 2384 ex

225 2431 315 2514 nobis
339 2430 371 2488 in
402 2429 506 2488 medio
530 2428 711 2487 eorumdem
737 2429 897 2502 hospitum
919 2436 1098 2489 nostrorum
1119 2431 1348 2506 qualecumque
1372 2431 1492 2492 malefi-

226 2537 309 2596 cium
340 2537 577 2612 perpetraverit,
600 2539 654 2594 aut
684 2535 764 2594 alter
794 2551 902 2594 eorum
933 2537 1147 2596 communitati
1178 2538 1229 2596 vel
1261 2553 1370 2597 eorum
1401 2540 1492 2598 alteri

224 2641 387 2719 injuriatus
410 2643 508 2702 verbo
532 2643 584 2700 vel
607 2642 689 2701 facto
714 2641 805 2702 fuerit
829 2649 859 2702 et
881 2641 999 2702 ibidem
1031 2659 1088 2718 per
1119 2640 1245 2702 eosdem
1276 2639 1413 2720 hospites
1436 2659 1491 2703 no·

225 2755 305 2808 stros
328 2749 537 2824 deprehensus
560 2748 661 2821 fuerit,
698 2756 810 2808 extunc
843 2750 939 2808 talem
969 2749 1202 2824 delinquentem
1233 2751 1333 2810 libere
1356 2756 1386 2810 et
1407 2752 1491 2827 paci·

224 2855 283 2914 fiee
304 2853 442 2932 judicare
465 2856 584 2930 possint
607 2860 637 2913 et
660 2856 772 2930 punire
794 2856 874 2915 sicut
903 2857 1046 2930 superius
1077 2862 1123 2916 est
1148 2873 1338 2932 expressum.
1373 2859 1491 2918 Verum

224 2963 250 3021 si
286 2962 464 3021 huiusmodi
498 2962 677 3020 maleficum
712 2975 766 3020 seu
800 2961 1033 3036 delinquentem
1068 2963 1224 3022 famulum
1259 2970 1404 3031 nostrum
1438 2970 1492 3024 aut

224 3069 354 3129 alicuius
378 3085 416 3126 ex
438 3069 529 3127 nobis
552 3067 671 3127 ibidem
702 3067 933 3142 deprehendere
956 3086 1018 3128 non
1041 3069 1184 3143 poterint,
1209 3069 1264 3128 sed
1288 3070 1373 3129 idem
1395 3071 1491 3129 male·

223 3175 294 3234 ficio
318 3182 348 3234 et
371 3175 484 3234 delicto
516 3178 695 3250 perpetrato
718 3173 882 3249 aufugerit,
906 3181 1017 3234 extunc
1040 3177 1137 3235 salvis
1161 3175 1323 3236 dumtaxat
1344 3177 1490 3250 ecclesiis,

223 3283 317 3340 curiis
338 3288 369 3340 et
392 3281 538 3340 domibus
571 3282 685 3340 nostris
708 3286 739 3340 et
762 3280 1042 3356 prebendariorum
1073 3298 1109 3340 ac
1139 3283 1274 3341 aliorum
1305 3284 1491 3342 clericorum

223 3388 351 3446 ecclesie
373 3393 486 3458 nostre,
511 3389 615 3461 ipsum
639 3388 671 3445 in
694 3403 765 3445 area
788 3393 894 3446 nostra
917 3395 948 3446 et
978 3388 1092 3462 plateis
1120 3389 1310 3463 ubicumque
1334 3391 1492 3464 potuerint

222 3494 378 3553 detinendi
412 3494 547 3553 habeant
580 3494 769 3565 facultatem,
805 3493 953 3569 puniendi
984 3494 1116 3553 eundem
1150 3495 1229 3553 sicut
1250 3509 1345 3570 supra
1368 3501 1415 3554 est
1437 3513 1490 3556 ex·

222 3615 363 3674 pressum
388 3607 417 3658 et
433 3601 559 3675 insuper
582 3602 664 3659 bona
679 3601 730 3659 vel
746 3601 912 3660 servicium
928 3599 981 3659 vel
996 3601 1145 3660 salarium
1161 3601 1264 3660 taliter
1280 3601 1488 3677 delinquentis

222 3707 366 3765 dominus
389 3714 442 3765 aut
464 3715 614 3782 patronus
637 3709 735 3783 ipsius
759 3708 895 3766 detinere
918 3709 957 3766 sit
980 3708 1139 3780 obligatus
1161 3708 1290 3782 tamdiu,
1315 3709 1413 3768 donec
1431 3726 1488 3784 per

222 3830 278 3872 nos
312 3813 504 3872 declaratum
535 3814 636 3887 fuerit,
667 3830 730 3888 quo
765 3817 847 3873 bona
871 3819 924 3872 aut
953 3814 1103 3872 salarium
1134 3814 1313 3874 huiusmodi
1347 3815 1490 3892 deputari

223 3920 509 3980 debebunthxtra
532 3928 635 3979 autem
659 3922 812 3996 premissa
834 3921 867 3978 in
889 3921 989 3978 causis
1012 3919 1145 3993 levibus,
1168 3925 1198 3978 et
1222 3922 1359 3979 maxime
1382 3901 1489 3995 debiti,

224 4028 356 4100 quilibet
380 4043 417 4084 ex
440 4029 531 4086 nobis
564 4027 602 4085 de
626 4029 689 4086 suis
721 4027 928 4085 familiaribus
960 4031 990 4084 et
1011 4026 1191 4084 hominibus
1215 4027 1290 4100 ipsis
1313 4029 1489 4102 hospitibus

225 4134 337 4190 nostris
361 4139 390 4191 et
414 4149 521 4191 eorum
546 4133 637 4192 alteri
661 4133 921 4206 conquerentibus
944 4148 998 4190 seu
1022 4135 1223 4207 conquerenti
1255 4133 1369 4192 bonam
1402 4133 1489 4211 justl·

225 4241 305 4297 ciam
330 4239 430 4298 iacere
451 4241 492 4298 sit
515 4241 680 4313 obligatus;
705 4239 789 4313 quod
805 4241 830 4297 si
855 4240 923 4313 quis
946 4255 984 4297 ex
999 4239 1090 4298 nobis
1113 4239 1171 4297 hoc
1195 4239 1297 4297 lacere
1320 4239 1420 4299 nollet
1436 4241 1489 4300 vel

225 4345 374 4419 differret,
399 4350 511 4404 extunc
533 4361 589 4403 nos
613 4351 677 4404 tam
701 4345 740 4403 de
763 4343 899 4418 famulis,
931 4361 1025 4420 quam
1049 4345 1088 4404 de
1110 4361 1219 4404 eorum
1247 4346 1380 4405 dominis
1402 4346 1490 4423 justi·

227 4453 305 4508 ciam
330 4452 431 4510 facere
455 4453 714 4526 conquerentibus
737 4467 798 4510 non
822 4457 1051 4526 postponemus
1074 4453 1254 4525 insignum
1278 4458 1382 4511 autern
1405 4468 1490 4511 reco-

222 4559 372 4630 gnicionis
406 4558 535 4617 dominii
558 4559 655 4617 nostri
679 4557 869 4632 temporalis,
902 4559 1016 4632 elapsis
1046 4558 1180 4616 sedecim
1211 4560 1298 4616 annis
1328 4559 1490 4628 libertatis,

223 4679 302 4736 quos
326 4664 442 4723 eisdem
474 4681 530 4740 per
553 4665 629 4723 alias
656 4665 775 4723 litteras
799 4671 919 4723 nostras
943 4669 1081 4740 patentes
1104 4665 1243 4738 graciose
1274 4665 1488 4738 concessimus,

222 4771 313 4828 nobis
337 4772 494 4830 annuatim
518 4771 645 4830 infesto
663 4771 903 4829 circumcisionis
920 4771 1045 4829 Domini
1064 4769 1179 4843 singuli
1195 4769 1234 4829 de
1250 4771 1380 4844 singulis
1396 4771 1489 4831 curiis

221 4876 358 4950 integris,
383 4879 523 4951 quintam
546 4885 668 4953 partem
692 4877 782 4934 unius
805 4876 913 4935 floreni
936 4877 1004 4935 auri
1027 4877 1237 4949 hungaricalis
1260 4893 1331 4935 cum
1365 4883 1489 4936 moneta

223 4987 297 5040 tunc
320 4992 462 5042 currente
484 4985 607 5043 solvere
623 4985 817 5054 tenebuntur,
834 4984 948 5056 quibus
972 4983 1106 5042 contenti
1130 4997 1290 5057 nunquam
1310 4983 1352 5041 ab
1375 4983 1419 5042 eis
1434 4983 1489 5042 vel
