3930 5802
539 607 544 611 ,
577 607 625 612 ,ψ
646 503 766 612 „3205
779 507 1220 616 sese-1414&
1236 520 1331 616 fae·

1328 612 1640 621 ——-—-—-———-

971 713 1053 782 144.

486 801 567 849 Anno
589 813 662 864 ¹447·

485 911 660 970 Funduales
683 917 912 974 communitatis
935 918 1052 974 civium
1076 918 1190 974 montis
1211 916 1373 976 Grecensis
1395 933 1490 992 super
1507 917 1643 991 quodam

380 1015 475 1074 fundo
500 1019 659 1076 communi
682 1020 760 1078 alias
784 1021 915 1088 deserto,
938 1019 1001 1097 jam
1024 1039 1081 1095 per
1104 1022 1267 1094 Thomam,
1291 1023 1391 1082 filium
1416 1024 1534 1106 Jacobi,
1557 1024 1642 1082 insti·

378 1128 478 1180 torem
502 1133 532 1181 et
555 1125 714 1184 concivem
738 1142 838 1198 suum,
862 1128 1010 1186 aedificiis
1033 1130 1193 1202 instructo,
1216 1130 1311 1187 simul
1345 1145 1416 1187 cum
1445 1137 1529 1188 certo
1559 1128 1643 1206 adja-

379 1234 464 1287 cente
487 1235 587 1288 terrae
611 1232 720 1305 spatio,
745 1233 884 1305 praefato
901 1233 1039 1293 Thomae
1063 1250 1099 1292 ac
1121 1251 1178 1308 per
1200 1251 1271 1293 eum
1294 1237 1357 1294 suis
1372 1235 1559 1295 haeredibus
1574 1252 1643 1310 per·

379 1340 481 1406 petuo,
504 1335 542 1393 de
566 1337 712 1396 mandato
732 1339 936 1398 illustrissimi
958 1341 1108 1416 principis
1132 1341 1238 1414 Ulrici‚
1269 1341 1376 1414 Ciliae,
1406 1341 1642 1415 Ortemburgae‚

379 1441 587 1516 Zagoriaeque
610 1445 732 1502 comitis
754 1462 810 1502 nec
833 1460 895 1505 non
917 1449 1004 1519 regni
1027 1445 1210 1506 Sclavoniae
1234 1449 1314 1520 bani,
1337 1449 1492 1522 elargitus.

486 1561 548 1613 Act.
566 1570 674 1614 monast.
694 1561 855 1614 Remetensis
873 1565 934 1617 lasc.
952 1568 989 1615 II.
1009 1582 1046 1617 nr.
1068 1579 1108 1630 30.
1128 1567 1161 1616 In
1173 1567 1270 1616 archiv.
1282 1567 1355 1632 regni
1367 1567 1453 1619 Croat.
1472 1566 1540 1619 slav.
1553 1566 1632 1618 Dalm

971 1798 1053 1863 145.

491 1880 572 1930 Anno
594 1893 668 1945 1449,
688 1885 712 1936 8.
730 1885 799 1934 maii.
820 1885 905 1936 Crisii.

386 1988 500 2046 Ulricus
539 2007 628 2049 comcs
668 1992 777 2064 calena,
812 2013 850 2052 ex
882 1995 1005 2070 quodam
1039 1995 1220 2070 Sigismundi
1251 1996 1327 2070 regis
1360 1997 1497 2058 mandato
1528 1997 1645 2055 'nobiles

374 2079 657 2154 posscssionatosque
689 2082 815 2140 homines
844 2102 864 2140 a
896 2084 1006 2143 civibus
1037 2085 1271 2158 zagrabicnsibus
1305 2085 1443 2143 tn'butum
1467 2095 1528 2161 pro
1555 2103 1645 2144 merce

903 2174 1017 2246 exigere
1037 2181 1122 2232 vetat.

487 2312 612 2370 Vln'cus
646 2313 694 2372 dei
728 2316 833 2388 gracia
867 2315 955 2389 Cilic,
989 2317 1208 2391 Ortemburgc,
1243 2315 1434 2390 Zagorieque
1463 2331 1566 2374 comes
1588 2320 1643 2374 etc.

380 2433 499 2476 necnon
521 2421 608 2492 regni
632 2418 796 2481 Sclauonie
818 2424 924 2483 banus.
940 2425 1102 2484 Universis
1117 2431 1148 2484 et
1163 2425 1295 2498 singulis
1311 2424 1449 2498 prelatis,
1465 2422 1642 2494 baronibus,

379 2525 539 2583 nobilibus
562 2531 592 2584 et
611 2527 740 2586 alterius
763 2531 899 2589 cuiusvis
922 2537 1019 2590 status
1043 2531 1117 2590 dicti
1151 2532 1240 2604 regni
1276 2529 1439 2588 Sclauonie
1472 2528 1641 2603 possessio·

379 2632 458 2689 natis
480 2631 659 2691 hominibus
681 2640 711 2692 et
733 2636 765 2694 in
787 2637 850 2695 suis
873 2638 1120 2711 possessionibus
1142 2638 1260 2696 tributa
1282 2636 1468 2696 habentibus
1491 2639 1521 2692 et
1536 2639 1640 2693 tenen·

379 2738 471 2810 tibus,
496 2739 570 2797 item
593 2740 734 2814 ipsomm
749 2743 921 2802 tributariis
936 2745 1070 2803 ubilibet
1086 2745 1267 2817 constitutis,
1282 2743 1477 2818 presencium
1492 2741 1637 2800 noticiam

379 2843 540 2919 habituris,
563 2845 696 2906 salutem
718 2864 790 2907 cum
813 2849 931 2910 favore.
954 2851 1001 2909 Ex
1023 2851 1135 2910 litteris
1160 2851 1317 2925 quondam
1340 2848 1528 2908 serenissimi
1557 2847 1641 2922 prin·

379 2951 458 3025 cipis
480 2957 510 3010 et
533 2951 661 3025 domini,
684 2953 803 3014 domini
826 2955 1017 3030 sigismundi
1039 2958 1253 3016 Romanorum
1276 2955 1483 3031 imperatoris,
1506 2969 1542 3012 ac
1556 2953 1642 3011 Hun-

379 3059 473 3132 garie,
496 3058 643 3118 Bohemie
666 3065 721 3120 etc.
744 3063 835 3136 regis,
858 3079 918 3137 pro
941 3069 1030 3138 parte
1052 3063 1195 3122 fidelium
1217 3067 1396 3122 nostmrum
1418 3059 1538 3136 judicis,
1560 3057 1642 3136 jura·

379 3169 493 3238 torum,
517 3170 753 3241 ceterorumque
776 3169 892 3227 civium
915 3175 946 3228 et
964 3171 1125 3244 hospitum
1141 3185 1177 3229 ac
1192 3169 1365 3228 incolarum
1381 3166 1514 3226 civitatis
1530 3165 1642 3224 montis

380 3269 541 3329 Grecensis
564 3271 603 3330 de
625 3272 777 3347 Zagrabia
800 3277 958 3348 emanatis‚
981 3277 1134 3350 vobisque
1155 3281 1186 3334 et
1207 3275 1336 3334 cuilibet
1357 3281 1497 3333 vestrum
1512 3271 1642 3346 loquen-

380 3377 463 3435 tibus
488 3392 524 3435 ac
546 3393 652 3437 coram
674 3380 765 3438 nobis
787 3398 844 3456 per
867 3381 992 3440 eosdem
1012 3383 1045 3440 in
1067 3383 1170 3456 specie
1192 3381 1361 3457 productis,
1377 3381 1491 3440 clarius
1506 3377 1642 3437 vidimus

381 3483 540 3556 contineri,
564 3485 649 3559 quod
672 3502 727 3544 sua
750 3489 895 3546 maiestas
917 3504 956 3546 ex
978 3487 1099 3564 juribus
1123 3495 1153 3547 et
1175 3489 1309 3562 antiquis
1339 3486 1538 3545 libertatibus
1561 3485 1642 3558 ipso·

380 3605 451 3648 rum
474 3591 600 3664 civium,
622 3593 699 3651 alias
721 3609 828 3652 coram
850 3609 904 3652 sua
928 3596 1091 3654 serenitate
1114 3594 1283 3669 productis,
1306 3595 1390 3668 ipsos
1413 3599 1443 3651 et
1461 3607 1510 3650 res
1534 3605 1642 3649 eorum

381 3696 537 3770 quaslibet
579 3698 706 3757 uenales
745 3706 775 3757 et
808 3700 1057 3760 mercimoniales
1092 3716 1110 3758 a
1144 3701 1310 3759 cuiuslibet
1343 3699 1452 3758 tributi
1485 3697 1642 3755 solucione

381 3809 543 3877 exemptos
566 3812 596 3862 et
619 3813 803 3864 exoneratos
826 3806 892 3865 sore
915 3808 1081 3881 reperiens,
1112 3807 1203 3865 vobis
1226 3814 1256 3864 et
1290 3806 1418 3864 cuilibet
1450 3809 1588 3862 vestrum
1611 3802 1642 3860 in

380 3909 517 3967 solidum
551 3909 584 3968 id
619 3911 733 3970 seriose
764 3912 940 3971 mandasset
975 3919 1005 3972 et
1028 3913 1242 3984 commisisset,
1265 3917 1299 3970 ut
1322 3912 1407 3986 ipsos
1429 3911 1512 3968 cives
1536 3915 1566 3967 et
1588 3909 1644 3967 ho·

379 4016 475 4089 spites
497 4031 532 4074 ac
555 4031 664 4076 eorum
687 4019 820 4078 alterum
844 4021 967 4079 racione
989 4021 1120 4078 alicuius
1143 4019 1311 4078 solucionis
1341 4023 1371 4076 et
1394 4016 1567 4076 exaccionis
1590 4016 1643 4073 tri·

380 4123 501 4181 butarie
523 4124 555 4182 in
578 4125 655 4183 locis
678 4126 868 4184 tributorum
890 4132 1067 4184 vestrorum
1089 4127 1193 4185 ubivis
1217 4125 1395 4183 habitorum
1411 4139 1473 4182 non
1489 4121 1643 4181 auderetis

380 4245 437 4286 nec
459 4232 736 4304 presumpmeretis
760 4231 983 4306 quoquomodo
1006 4231 1159 4306 impedire
1182 4237 1212 4290 et
1235 4231 1401 4290 molestare
1424 4245 1479 4289 seu
1500 4227 1643 4303 dampni·

380 4336 481 4395 ficare.
515 4336 616 4412 Super
650 4354 713 4412 quo
747 4345 777 4397 et
811 4354 875 4408 nos,
911 4354 968 4397 vos
991 4345 1020 4398 et
1044 4340 1217 4413 quemlibet
1239 4344 1379 4397 vestrum
1402 4336 1591 4410 requirimus
1613 4339 1643 4390 et

380 4445 551 4517 hortamur,
575 4445 857 4519 nichilominusque
881 4445 987 4504 banali
1009 4451 1114 4504 nostra
1148 4446 1327 4503 auctoritate
1358 4443 1448 4501 vobis
1478 4439 1643 4499 committi-

380 4566 450 4608 mus
474 4557 504 4608 et
527 4551 713 4610 mandamus
736 4553 859 4624 seriose,
883 4558 1033 4626 quatenus
1056 4567 1074 4610 a
1105 4553 1250 4626 pretactis
1277 4549 1388 4627 judice,
1419 4547 1535 4623 juratis,
1565 4553 1643 4604 cete·

380 4657 485 4730 risque
508 4657 629 4716 civibus
652 4665 681 4716 et
704 4659 882 4732 hospitibus
905 4673 941 4715 ac
962 4659 1071 4717 incolis
1094 4665 1237 4716 annotate
1267 4656 1400 4716 civitatis
1430 4653 1544 4712 montis
1567 4650 1643 4710 Gre-

379 4765 479 4824 cencis
491 4764 530 4823 de
545 4762 704 4837 Zagrabia‚
720 4764 759 4821 de
781 4765 937 4837 rebusque
959 4778 990 4822 et
1008 4765 1098 4822 bonis
1120 4779 1228 4822 eorum
1251 4763 1414 4821 venalibus
1436 4767 1467 4818 et
1481 4759 1643 4818 mercimo-

379 4871 515 4930 nialibus
538 4871 787 4945 quibuscumque
810 4871 841 4929 in
865 4872 941 4929 locis
965 4870 1119 4929 dictomm
1142 4871 1331 4929 tributorum
1354 4875 1531 4926 uestrorum
1546 4871 1576 4922 et
1598 4863 1642 4922 al·

381 4978 475 5039 terius
498 4983 637 5038 vestrum
660 4982 768 5036 contra
790 4977 973 5035 mandatum
998 4975 1112 5052 prefati
1142 4975 1274 5034 condam
1305 4973 1424 5033 domini
1454 4969 1643 5044 sigismundi
