3932 5806
736 623 810 682 Doc.
833 635 902 698 232.
928 654 968 664 -
991 621 1047 680 An.
1072 618 1165 699 1464.
1514 642 1571 702 291

1099 725 1216 750 —ff-

310 841 423 894 verunt
432 837 523 894 nobis
540 835 692 910 quasdam
707 836 826 895 litteras
841 836 1029 895 serenissimi
1044 835 1178 894 condam
1194 757 1344 911 principis
1367 836 1486 896 domini
1509 836 1575 897 Ste

309 941 405 1015 phani
426 942 509 1015 regis
525 943 692 1015 Hungarie,
708 941 933 1016 predecessoris
949 943 1055 1015 nostri,
1068 943 1100 1000 in
1115 957 1265 1016 appresso
1286 944 1488 1017 consignatas,
1504 959 1575 1002 con·

310 1046 468 1106 firmative
491 1049 522 1106 in
545 1064 577 1106 se
600 1049 749 1107 habentes
771 1053 912 1106 tenorem
942 1047 1151 1122 quammdam
1172 1049 1355 1108 libertatum
1386 1049 1575 1108 serenissimi

309 1152 441 1211 condam
471 1155 622 1228 principis
645 1154 764 1214 domini
787 1154 858 1213 Bele
880 1155 1025 1213 similiter
1047 1155 1128 1228 regis
1151 1155 1318 1228 Hungarie,
1341 1155 1489 1229 genitoris
1518 1155 1574 1226 sui,

309 1259 423 1331 quibus
454 1259 663 1318 mediantibus
695 1259 779 1318 idem
810 1259 943 1318 condam
966 1259 1111 1318 dominus
1133 1259 1207 1318 Bela
1227 1276 1284 1319 rex
1309 1260 1427 1334 prefate
1450 1260 1569 1318 civitati

307 1369 412 1423 nostre
442 1365 557 1424 montis
588 1364 749 1424 Grecensis
779 1365 931 1424 nundinas
962 1367 1003 1422 ab
1025 1371 1095 1424 octo
1119 1366 1229 1424 diebus
1252 1371 1323 1424 ante
1345 1365 1459 1423 festum
1482 1365 1567 1423 beati

307 1471 403 1530 Marci
426 1471 624 1544 ewangeliste
653 1471 830 1546 incipiendo
865 1487 962 1545 usque
996 1471 1036 1530 ad
1070 1477 1196 1530 octavas
1232 1471 1371 1532 eiusdem
1398 1471 1468 1530 festi
1502 1471 1569 1530 sinc

307 1577 424 1635 tributo
455 1576 596 1651 quolibet
627 1576 829 1635 celebrandas
851 1577 994 1636 annuisse
1026 1576 1204 1649 dinoscitur,
1234 1578 1349 1636 tenoris
1372 1577 1573 1652 infrascripti,

306 1681 518 1757 supplicantes
548 1684 701 1742 maiestati
730 1689 834 1742 nostre
857 1682 971 1757 prefati
993 1683 1140 1741 Nicolaus
1162 1681 1256 1758 judex
1278 1699 1314 1742 ac
1339 1683 1512 1742 Anthonius
1536 1687 1565 1741 et

309 1786 430 1846 Biasius
459 1787 554 1864 jurati
584 1789 675 1860 cives,
707 1789 770 1847 suis
802 1795 832 1846 et
855 1788 1009 1847 dictorum
1032 1787 1249 1847 universorum
1272 1789 1389 1848 civium
1408 1805 1445 1846 ac
1467 1788 1567 1847 tocius

309 1895 540 1953 communitatis
569 1893 707 1968 predicte
730 1895 863 1952 civitatis
885 1898 989 1952 nostre
1012 1895 1126 1952 montis
1148 1893 1311 1953 Grecensis
1333 1894 1521 1966 nominibus,
1537 1897 1573 1952 ut

305 2015 362 2058 nos
386 2001 574 2076 prescriptae
598 2002 717 2059 litteras
740 2000 852 2075 prelati
876 1999 994 2058 domini
1018 1999 1167 2075 Stephani
1189 2001 1271 2074 regis
1293 2008 1324 2058 et
1346 2000 1450 2058 omnia
1472 1999 1568 2058 ineis

304 2112 445 2164 contenta
466 2113 557 2180 ratas,
572 2113 675 2180 gratas
688 2111 718 2165 et
733 2113 860 2181 accepta
877 2105 1021 2164 habendo
1036 2107 1162 2180 suisque
1181 2106 1293 2164 litteris
1317 2105 1568 2179 privilegialibus

305 2211 343 2270 de
363 2212 462 2271 verbo
485 2211 524 2270 ad
549 2212 684 2270 verbum
707 2211 871 2270 transcribi
894 2216 925 2269 et
946 2211 1040 2270 inseri
1063 2209 1205 2270 iaciendo
1227 2210 1406 2286 approbare
1428 2211 1564 2283 scipsas

305 2331 364 2391 pro
385 2316 515 2392 prelatis
539 2316 676 2388 Nicolao,
701 2318 857 2376 Anthonio
881 2323 911 2375 et
933 2317 1036 2374 Blasio
1058 2332 1095 2375 ac
1117 2322 1181 2375 tota
1203 2317 1426 2375 communitate
1448 2316 1566 2376 civium

303 2427 333 2480 et
363 2423 607 2481 inhabitatorum
640 2422 759 2497 prefate
788 2429 892 2481 nostre
922 2423 1072 2494 civitatis,
1105 2423 1397 2496 successoribusque
1427 2421 1570 2496 ipsorum

305 2528 458 2586 universis
479 2529 661 2588 innovantes
684 2535 835 2603 perpetuo
866 2529 1017 2588 valituras
1046 2529 1232 2588 confirmare
1255 2529 1462 2602 dignaremur.
1488 2527 1571 2602 Qua·

302 2635 502 2709 rumquidem
534 2635 712 2694 litterarum
736 2643 823 2694 tenor
847 2635 918 2694 talis
941 2642 1002 2694 est:
1016 2625 1110 2714 ¹(vide
1132 2635 1193 2694 vol.
1218 2635 1239 2694 1.
1263 2635 1337 2692 Doc.
1362 2647 1411 2703 51.
1436 2635 1474 2692 de
1490 2649 1570 2693 anno

305 2743 410 2812 1270).
433 2741 497 2799 Nos
509 2741 605 2814 igitur
626 2741 814 2800 humillimis
836 2741 1121 2816 supplicacionibus
1145 2740 1354 2800 antelatorum
1377 2741 1494 2798 civium
1512 2755 1567 2814 per

302 2861 354 2906 eos
383 2848 447 2905 suis
477 2863 513 2905 ac
543 2846 737 2922 prelatorum
765 2847 905 2906 omnium
936 2847 1052 2906 civium
1068 2853 1099 2906 et
1122 2847 1220 2906 tocius
1243 2846 1475 2904 communitatis
1501 2862 1571 2920 pre·

302 2957 382 3011 tacte
413 2953 548 3010 civitatis
578 2959 683 3012 nostre
714 2954 829 3012 montis
852 2953 1015 3012 Grecensis
1037 2953 1217 3012 nominihus
1240 2957 1271 3011 et
1293 2953 1434 3027 personis
1456 2957 1570 3023 nostre,

301 3056 397 3115 modo
427 3073 489 3131 quo
519 3073 623 3132 supra,
658 3063 799 3133 porrecte
821 3060 983 3132 maiestati,
1017 3060 1102 3133 regia
1134 3060 1324 3134 benignitate
1355 3057 1508 3117 exauditis
1539 3064 1570 3116 et

301 3163 470 3222 clementer
501 3163 653 3236 admissis,
678 3165 865 3239 prescriptas
896 3165 1014 3224 litteras
1036 3165 1151 3240 prelati
1174 3165 1293 3223 domini
1315 3164 1464 3238 Stephani
1487 3165 1569 3238 regis

300 3283 362 3326 non
383 3270 519 3342 abrasas,
543 3284 605 3327 uon
627 3270 812 3328 cancellatas
831 3286 887 3328 nec
903 3271 934 3328 in
949 3272 1055 3345 aliqua
1077 3272 1124 3329 sui
1148 3275 1236 3346 parte
1256 3279 1422 3344 suspectas,
1446 3286 1569 3344 presen-

300 3373 447 3448 tibusque
477 3376 589 3434 litteris
612 3376 725 3434 nostris
748 3377 999 3450 privilegialibus
1022 3378 1087 3436 sine
1110 3376 1319 3436 diminucione
1342 3383 1372 3434 et
1403 3383 1569 3449 augmento

299 3481 431 3555 aliquali
446 3481 586 3557 insertas,
603 3482 707 3556 quoad
723 3497 829 3542 omnes
845 3499 952 3541 earum
968 3485 1182 3556 continencias,
1195 3482 1350 3541 clausulas
1373 3488 1403 3540 et
1419 3481 1569 3541 articulos

299 3593 435 3657 eatenus,
476 3595 628 3662 quatenus
658 3588 766 3646 eedem
797 3590 855 3648 rite
885 3596 916 3648 et
946 3590 1098 3663 legittime
1129 3595 1270 3648 emanate
1293 3590 1437 3661 existunt,
1469 3603 1564 3662 acep-

298 3697 408 3764 tamus,
432 3695 646 3768 approbamus
669 3701 699 3752 et
723 3695 916 3753 ratificamus
932 3711 968 3753 ac
983 3695 1108 3754 easdem
1131 3701 1161 3752 et
1184 3696 1288 3753 omnia
1312 3695 1404 3752 iniis
1427 3691 1575 3752 contentas

300 3813 338 3856 ex
361 3810 444 3857 certa
467 3807 571 3858 nostre
594 3802 763 3884 maiestatis
779 3803 910 3860 sciencia
926 3807 956 3859 et
978 3802 1083 3858 animo
1107 3801 1280 3858 deliberato
1305 3815 1363 3874 pro
1387 3799 1568 3858 memoratis

297 3903 418 3962 civibus
450 3911 479 3964 et
513 3912 577 3966 tota
600 3910 822 3968 communitate
844 3908 963 3982 prefate
986 3909 1119 3966 civitatis
1142 3915 1245 3966 nostre
1269 3909 1472 3981 ipsorumque
1499 3921 1567 3964 suc-

297 4013 472 4069 cessoribus
502 4018 533 4070 et
565 4015 798 4088 posteritatibus
831 4016 982 4074 universis
1013 4013 1206 4072 innovandas
1239 4019 1390 4086 perpetuo
1413 4013 1565 4070 valituras

296 4115 518 4174 confirmamus
541 4119 693 4192 presentis
715 4121 824 4195 scripti
846 4122 945 4179 nostri
968 4121 1141 4195 patrocinio
1164 4119 1327 4179 mediante.
1350 4119 1384 4177 In
1408 4119 1496 4176 cuius
1519 4118 1566 4176 rei

297 4223 490 4294 memoriam,
519 4223 764 4299 firmitatemque
796 4233 978 4300 perpetuam
1003 4231 1160 4302 presentes
1182 4227 1303 4284 litteras
1325 4229 1446 4284 nostras
1469 4225 1566 4298 priri-

296 4327 425 4400 legiales
457 4329 618 4403 pendentis
648 4337 678 4388 et
709 4334 854 4391 autentici
884 4333 1010 4391 maioris
1042 4333 1140 4406 sigilli
1159 4333 1257 4390 nostri
1280 4331 1440 4406 dupplicis
1465 4331 1564 4388 muni·

296 4434 380 4492 mine
401 4434 564 4494 roboratas
587 4437 704 4495 eisdem
727 4419 874 4497 duximus
891 4439 1108 4499 concedendas.
1125 4440 1243 4496 Datum
1267 4455 1323 4512 per
1347 4453 1457 4496 manus
1473 4452 1559 4495 reve

295 4539 472 4599 rendisslmi
495 4542 527 4600 in
550 4541 676 4601 Christo
700 4545 805 4618 patris,
830 4545 949 4604 domini
972 4545 1120 4618 Stephani
1143 4545 1312 4603 colocensis
1335 4551 1365 4602 et
1388 4543 1564 4601 bachiensis
1641 4593 1648 4608 ,

295 4646 496 4720 ecclesiarum
519 4649 753 4723 archiepiscopi,
781 4651 905 4725 locique
921 4650 1059 4709 eiusdem
1075 4651 1252 4708 Colocensis
1276 4650 1398 4708 comitis
1414 4648 1566 4724 perpetui,

294 4753 365 4810 aule
387 4757 492 4812 nostre
523 4756 640 4813 summi
662 4756 848 4828 cancellarii,
864 4757 968 4815 fidelis
983 4757 1081 4815 nostri
1104 4755 1221 4814 dilecti.
1247 4758 1336 4814 Anno
1359 4754 1479 4813 domini
1495 4754 1567 4812 mil·

294 4859 407 4917 lesimo
439 4859 745 4934 quadringentesimo
776 4863 970 4936 sexagesimo
1000 4867 1120 4936 quarto,
1151 4875 1233 4920 nono
1264 4859 1413 4920 kalendas
1445 4859 1564 4934 aprilis.

293 4965 393 5038 Regni
423 4967 522 5025 nostri
544 4983 625 5026 anno
647 4969 790 5044 septimo,
814 4969 1026 5027 coronacionis
1041 4983 1117 5026 vero
1140 4968 1252 5042 primo.
1276 4967 1517 5026 venerabilibus
1534 4967 1568 5026 in

294 5071 418 5131 Christo
449 5074 602 5148 patribus,
635 5075 780 5149 dominis,
804 5076 945 5134 Dionisio
969 5075 1008 5133 de
1039 5074 1146 5147 Zeech,
1177 5075 1330 5134 cardinali
1361 5073 1566 5146 strigoniensi,

1459 5176 1477 5215 t
