3948 5804
771 553 846 612 Dec.
871 548 920 610 81.
947 585 982 594 —
1010 563 1098 628 1435.
1507 568 1563 623 ¹05

301 774 469 832 vulnerum
493 773 595 847 plagis
619 771 788 829 affecerunt
803 773 833 826 et
848 769 1017 829 semivivos
1033 769 1152 829 ibidem
1171 769 1372 843 reliquerunt,
1388 775 1418 830 et
1440 770 1567 843 insuper

302 881 401 938 boues
424 893 532 938 eorum
556 881 627 935 octo
650 889 788 948 magnos,
811 890 872 934 una
896 891 967 934 cum
989 877 1059 934 aliis
1076 891 1185 934 eorum
1204 876 1299 933 rebus
1315 876 1356 933 ab
1387 876 1463 949 ipsis
1485 891 1568 934 rece·

300 977 415 1062 perunt
437 1003 476 1044 ex
499 999 649 1043 consensu
672 988 702 1040 et
724 981 911 1041 admissione
933 987 1027 1056 atque
1050 983 1210 1041 voluntate
1233 981 1446 1056 predictorum
1469 982 1567 1042 domi-

301 1109 414 1152 norum
437 1091 566 1166 capituli
589 1087 752 1163 prenotati,
775 1089 917 1162 potencia
940 1088 1103 1160 mediante,
1126 1089 1158 1146 in
1180 1087 1388 1163 preiudicium
1410 1091 1440 1146 et
1469 1087 1566 1146 viola-

304 1200 425 1257 cionem
447 1197 561 1256 furium
587 1200 618 1254 et
648 1195 831 1252 libertatum
865 1208 901 1252 ac
933 1195 1080 1252 territorii
1114 1194 1247 1252 civitatis
1280 1198 1459 1268 prenotate;
1482 1193 1567 1267 quod

302 1305 400 1363 eciam
423 1303 541 1362 factum
564 1301 691 1359 domino
714 1297 873 1358 Mathkoni
897 1305 927 1358 et
957 1299 1084 1358 domino
1107 1299 1248 1370 Perkoni,
1280 1299 1369 1358 fratri
1392 1313 1457 1372 suo,
1487 1299 1566 1357 bene

299 1415 408 1469 notum
432 1413 485 1467 est,
507 1408 546 1466 Et
568 1406 645 1464 dum
667 1405 834 1480 superinde
856 1406 898 1464 ab
921 1407 997 1480 ipsis
1020 1405 1155 1464 dominis
1176 1405 1307 1480 capituli
1329 1405 1459 1479 sepefati
1482 1407 1567 1465 iusti·

302 1517 383 1575 ciam
405 1515 495 1574 nobis
513 1513 674 1588 ¹impertiri
696 1512 950 1586 postulassemus,
973 1513 1004 1570 in
1027 1514 1166 1572 sacristia
1190 1527 1299 1571 eorum
1323 1512 1567 1586 postulassemus

301 1631 331 1680 et
353 1620 607 1691 satisfaccionem,
631 1624 703 1676 tunc
726 1619 758 1676 in
780 1619 939 1692 presencia
961 1619 1096 1678 hominis
1119 1619 1318 1677 dominorum
1336 1617 1511 1677 Mathlmnis
1537 1623 1568 1676 et

300 1726 447 1786 Perkonis
470 1726 574 1784 fratris
595 1725 651 1796 sui,
671 1725 819 1783 curiensis
849 1724 995 1783 videlicet
1022 1726 1106 1784 curie
1129 1725 1317 1800 episcopalis
1346 1724 1565 1797 zagrabiensis,

301 1849 406 1893 coram
438 1832 549 1890 eodem
578 1833 718 1890 curiense
740 1831 862 1890 nullam
884 1831 975 1889 nobis
998 1829 1152 1909 justiciam
1176 1848 1232 1890 nec
1255 1831 1395 1906 aliquam
1431 1831 1568 1890 satisfac·

301 1941 420 1999 cionem
443 1937 623 2014 impendere
647 1939 814 1996 voluerunt
836 1937 955 1996 domini
978 1939 1108 2012 capituli
1130 1937 1268 2012 sepefati,
1291 1939 1324 1996 in
1354 1943 1568 2013 contemptum

302 2055 332 2106 et
355 2047 544 2120 derogamen
567 2061 603 2104 ac
625 2045 859 2120 oppressionem
881 2044 998 2123 jurium
1022 2050 1052 2104 et
1065 2045 1248 2104 libertatum
1263 2045 1397 2106 civitatis
1420 2044 1567 2120 sepefate.

405 2193 595 2242 Documentum
622 2189 828 2244 transactionale.
855 2191 888 2239 In
910 2191 1006 2243 archiv.
1026 2207 1083 2244 ven.
1103 2191 1188 2256 Capit.
1209 2192 1309 2256 zagrab.
1330 2193 1392 2243 Act.
1412 2191 1496 2257 Capit.
1515 2198 1568 2244 ant.

300 2281 362 2332 fasc.
385 2291 424 2332 ιο.
444 2295 480 2332 nr.
503 2279 543 2329 16.

904 2457 959 2521 81.

409 2617 490 2668 Anno
512 2629 586 2683 1435,
609 2629 630 2670 1.
648 2618 766 2682 januarii.
786 2616 935 2681 Zagrabiae.

300 2745 462 2824 Johannes,
493 2746 626 2804 O'sterctt.
649 2747 766 2819 zagrab.
790 2746 889 2816 abbas,
921 2747 1117 2803 communitati
1135 2747 1261 2804 civitatis
1282 2747 1399 2820 zagrab.
1422 2749 1571 2822 exemplar

301 2855 378 2926 regis
401 2849 586 2926 sigemundi
605 2853 777 2924 litterarum,
800 2852 905 2926 quibus
934 2853 1120 2910 communitas
1141 2853 1273 2928 civesque
1295 2853 1325 2911 in
1347 2855 1465 2911 tutelam
1488 2873 1569 2913 assu·

804 2966 931 3028 munder,
954 2959 1055 3034 defert.

406 3101 470 3159 Nos
493 3101 590 3160 frater
611 3101 774 3184 Johannes,
798 3103 897 3162 abbas
920 3105 1101 3162 monasterii
1125 3105 1215 3164 beate
1238 3107 1336 3163 Marte
1359 3120 1484 3180 semper
1506 3108 1569 3166 rir-

303 3209 382 3282 ginis
405 3207 444 3265 de
467 3207 626 3280 Zagrabia,
649 3207 767 3266 ordinis
788 3207 921 3267 fratmm
945 3210 1207 3283 cisterciensium,
1231 3217 1377 3287 totusque
1400 3218 1569 3272 conventus

301 3313 434 3372 fratrum
456 3314 520 3372 loci
542 3313 691 3372 eiusdem.
715 3313 933 3388 significamus
955 3323 1061 3377 tenore
1085 3320 1288 3392 presencium,
1306 3319 1421 3393 quibus
1441 3319 1567 3393 expedit

292 3421 464 3492 universis,
489 3420 572 3494 quod
597 3422 758 3503 JohanneS,
781 3422 867 3482 filius
890 3423 978 3496 Pero,
1003 3424 1097 3484 iudex
1120 3433 1150 3484 et
1181 3427 1357 3484 Anthonius
1379 3441 1415 3484 ac
1437 3426 1566 3500 Fryche,
1629 3433 1637 3450 ·

302 3527 394 3585 iurati
417 3528 500 3586 cives
523 3529 657 3586 civitatis
681 3531 794 3588 montis
818 3529 989 3602 Grecensis,
1010 3547 1069 3606 pro
1092 3548 1125 3590 se
1149 3537 1179 3590 et
1194 3547 1253 3607 pro
1277 3534 1430 3591 universis
1447 3533 1569 3590 civibus

304 3647 340 3690 ac
361 3649 420 3706 pro
443 3638 508 3692 tota
531 3636 752 3693 communitate
781 3635 920 3694 eiusdem
951 3639 1093 3710 civitatis,
1125 3639 1164 3698 ad
1195 3643 1334 3698 nostram
1364 3639 1570 3713 personaliter

304 3741 459 3799 venientes
489 3742 690 3814 presenciam,
725 3742 932 3802 exhibuerunt
965 3745 1055 3803 nobis
1092 3745 1243 3819 quasdam
1277 3747 1398 3805 litteras
1429 3749 1568 3820 patentes

305 3847 557 3906 excellentissimi
591 3849 740 3922 principis
770 3848 890 3908 domini
920 3848 1120 3924 sigismundi,
1148 3853 1198 3911 dei
1228 3854 1333 3926 gracia
1355 3853 1569 3911 Romanorum

299 3953 506 4026 imperatoris,
530 3969 654 4028 semper
676 3957 808 4028 augusti,
831 3971 867 4014 ac
889 3957 1056 4030 Hungarie,
1080 3959 1234 4030 Bohemie,
1253 3959 1424 4030 Dalmacie,
1441 3960 1568 4018 Croacie

303 4063 359 4117 etc.
382 4061 473 4132 regis,
496 4058 615 4118 domini
637 4063 734 4120 nostri
757 4067 787 4120 et
810 4076 919 4120 eorum
935 4065 1095 4137 naturalis,
1112 4065 1284 4140 plurimum
1302 4065 1460 4124 metuendi
1475 4071 1568 4140 atque

300 4167 449 4238 generosi,
474 4167 579 4239 sigillo
601 4182 655 4225 sue
678 4169 850 4226 serenitatis
873 4171 957 4241 regie
981 4169 1101 4228 dudum
1125 4173 1326 4244 consignatas,
1351 4178 1489 4246 petentes
1511 4187 1568 4231 nos

302 4270 408 4329 debita
431 4288 559 4346 precum
583 4289 653 4332 cum
677 4276 834 4348 instancia,
858 4281 892 4333 ut
914 4281 1054 4334 tenorem
1077 4277 1258 4335 earumdem
1278 4279 1453 4338 litterarum
1470 4280 1568 4353 ipsius

301 4376 421 4436 domini
442 4380 541 4437 nostri
564 4382 646 4452 regis
675 4382 871 4456 presentibus
904 4382 1017 4440 fitteris
1051 4384 1165 4440 nostris
1199 4385 1376 4458 patentibus
1411 4385 1503 4442 inseri
1538 4389 1568 4443 et

300 4483 406 4556 sigillo
429 4489 536 4544 nostro
560 4491 589 4544 et
612 4487 809 4546 conventuali
830 4490 1006 4562 consignari
1029 4489 1183 4562 facientes,
1207 4489 1325 4547 eisdem
1357 4507 1395 4549 ex
1426 4505 1462 4549 eo
1494 4490 1568 4549 dare

299 4589 508 4665 dignaremur,
532 4607 570 4650 ne
594 4607 651 4666 per
673 4592 852 4652 discrimina
875 4597 1000 4654 viarum
1023 4597 1107 4669 ipsas
1131 4596 1251 4655 litteras
1279 4596 1418 4655 eiusdem
1449 4595 1568 4656 domini

299 4698 398 4756 nostri
426 4700 517 4772 regis,
549 4698 675 4758 eosdem
707 4700 789 4757 cives
812 4699 893 4760 dicte
916 4703 1050 4761 civitatis
1084 4701 1307 4776 quoquomodo
1330 4704 1471 4761 amittere
1494 4717 1566 4762 con·

299 4804 404 4876 tingat.
428 4803 698 4880 Quarumquidem
723 4806 898 4865 litterarum
914 4813 1002 4867 tenor
1016 4808 1088 4868 talis
1105 4814 1165 4867 est:
1183 4802 1257 4887 (vid.
1275 4809 1345 4869 Vol.
1361 4809 1382 4868 I.
1397 4809 1473 4868 Doc.
1490 4825 1565 4887 404.

299 4909 337 4967 de
352 4924 433 4968 anno
454 4925 544 4986 1397.
564 4927 611 4971 ει.
629 4905 752 4990 martii).
770 4912 832 4971 Nos
848 4914 953 4988 itaque
969 4917 1175 4988 peticionibus
1193 4922 1440 4975 memoratorum
1455 4915 1565 4975 iudicis

298 5019 328 5074 et
349 5016 523 5074 iuratorum
546 5018 665 5076 civium
688 5019 820 5078 civitatis
842 5027 1011 5095 prenotate,
1034 5022 1123 5081 iustis
1158 5029 1268 5099 utputa
1299 5027 1329 5081 et
1360 5023 1563 5082 turiconsonis
