3804 5858
370 515 433 576 420
782 497 854 555 Dec.
872 511 949 574 330.
977 530 1015 540 -
1041 498 1097 554 An.
1120 493 1212 573 1482.

370 713 475 787 ipsum
487 711 622 772 fideliter
637 713 843 786 ingrossatum
860 709 921 787 (sic)
937 711 1047 772 exinde
1070 711 1188 771 confeci
1210 718 1241 770 et
1264 713 1295 770 in
1318 714 1397 770 hanc
1420 711 1555 770 formam
1576 729 1633 786 pu·

370 818 487 877 blicam
509 819 623 892 redegi,
647 820 796 893 signoque
820 825 849 877 et
871 821 996 878 nomine
1012 820 1089 878 meis
1105 819 1204 877 solitis
1227 825 1258 876 et
1273 819 1426 878 consvetis
1443 819 1634 892 consignavi,

370 931 496 999 rogatus
519 932 548 983 et
571 925 737 999 requisitus
760 927 791 983 in
815 924 909 983 fidem
934 931 964 984 et
986 925 1197 983 testimonium
1221 925 1360 983 omnium
1384 933 1415 983 et
1438 927 1633 999 singulorum

371 1033 600 1107 premissorum.

476 1221 581 1270 Summa
604 1221 796 1286 privilegiorum
821 1221 968 1270 monasterii
994 1221 1168 1272 Remetensis.
1199 1221 1278 1273 MSC.
1309 1223 1336 1270 in
1356 1222 1451 1274 archiv,
1471 1221 1530 1272 incl.
1551 1223 1634 1272 Arari.

373 1309 469 1363 Scient.
488 1309 587 1362 Slavor.
607 1310 696 1360 merid.

962 1542 1054 1608 3:30.

482 1699 564 1749 Anno
586 1699 660 1763 1482,
680 1712 721 1764 30.
741 1701 833 1752 martii.
853 1701 950 1752 Budne.

376 1824 519 1897 Mathias,
542 1827 721 1900 Hungariae
750 1835 798 1897 etc,
828 1846 891 1898 rex,
920 1829 1049 1887 omnibus
1071 1831 1307 1904 posssessionatis
1337 1825 1507 1900 hominebus,
1531 1829 1639 1887 tributa

403 1951 568 2021 menalus,
585 1951 741 2028 praecipit,
763 1969 799 2009 nc
819 1969 840 2008 a
863 1952 971 2010 cabt'lms
992 1953 1112 2032 sagrab.
1135 1954 1276 2012 tributum
1295 1961 1351 2028 pro
1373 1971 1461 2011 merce
1483 1955 1609 2028 exigant.

481 2113 614 2170 Mathias
637 2112 687 2171 dei
709 2113 814 2186 gracia
836 2129 892 2172 rex
915 2115 1082 2188 Hungarie,
1105 2115 1251 2174 Bohemie
1276 2121 1331 2173 etc.
1348 2113 1508 2173 Fidelibus
1524 2114 1637 2173 nostris

379 2219 533 2277 universis
556 2223 586 2277 et
609 2219 739 2292 singulis
772 2219 933 2278 nobilibus
965 2225 996 2278 et
1026 2221 1153 2279 alterius
1184 2221 1320 2279 cuiusvis
1350 2225 1448 2278 status
1478 2226 1507 2278 et
1538 2219 1641 2278 condi·

378 2323 474 2382 ciouis
496 2324 685 2397 hominibus,
709 2324 813 2384 ubivis
836 2341 893 2400 per
921 2341 1016 2400 regna
1045 2332 1151 2384 nostra
1181 2325 1343 2384 Sclauonie
1374 2331 1406 2384 et
1433 2325 1561 2384 Croacie
1588 2327 1642 2384 tri·

379 2431 454 2488 buta
478 2430 673 2504 habentibus,
689 2431 864 2490 tenentibus
885 2447 939 2490 seu
961 2433 1163 2506 exigentibus,
1183 2437 1342 2507 presentes
1365 2432 1487 2504 visuris,
1509 2432 1641 2489 salutem

379 2541 410 2595 et
432 2536 579 2609 graciam.
603 2535 683 2594 Cum
706 2536 820 2596 fideles
836 2539 933 2596 nostri
948 2537 1116 2613 prudentes
1132 2545 1162 2598 et
1178 2539 1402 2613 circumspecti,
1418 2536 1523 2613 judex,
1538 2535 1640 2612 jurati,

382 2642 536 2716 ceterique
559 2642 643 2700 cives
665 2647 696 2700 et
718 2643 819 2701 incole
841 2643 974 2702 civitatis
997 2651 1101 2703 nostre
1126 2647 1239 2704 montis
1263 2643 1433 2714 Grecensis,
1456 2644 1582 2717 antiqua
1604 2643 1641 2700 li·

380 2748 509 2807 bertatis
532 2763 640 2806 eorum
662 2751 861 2822 prerogativa
890 2750 1074 2824 requirente,
1097 2752 1138 2810 ab
1171 2751 1257 2809 omni
1287 2751 1448 2809 solucione
1480 2749 1644 2807 tributaria

381 2854 486 2914 ubivis
508 2871 566 2929 per
588 2855 743 2912 ambitum
766 2856 983 2914 universorum
1004 2871 1171 2929 regnorum
1195 2871 1281 2914 sacre
1306 2871 1417 2914 corone
1440 2855 1528 2929 regni
1546 2855 1642 2913 nostri

385 2960 595 3019 subiectorum
632 2962 769 3034 exempti
800 2961 861 3019 sint
892 2967 922 3020 et
953 2964 1128 3037 supportati
1158 2963 1340 3035 habeantur,
1371 2963 1592 3035 libertatesque
1615 2967 1645 3018 et

383 3067 599 3141 exempciones
629 3066 809 3126 huiusmodi
840 3082 899 3142 pro
931 3068 1048 3126 eisdem
1077 3066 1187 3145 judice,
1219 3068 1341 3126 civibus
1371 3073 1401 3126 et
1432 3067 1542 3126 incolis
1565 3067 1645 3125 dicte

385 3172 519 3230 civitatis
541 3177 645 3231 nostre
665 3173 698 3230 in
720 3175 837 3231 octavis
861 3173 932 3232 festi
954 3175 1199 3248 Epiphaniamm
1223 3175 1342 3232 domini
1372 3173 1514 3247 proxime
1546 3179 1645 3246 prete·

384 3279 437 3336 riti
460 3295 517 3353 per
540 3279 685 3353 prelatos,
718 3279 848 3338 barones
878 3285 908 3338 et
938 3281 1103 3353 magistros
1126 3281 1377 3355 prothonotarios
1398 3279 1486 3352 regni
1508 3285 1539 3336 et
1561 3279 1645 3336 curie

385 3389 489 3443 nostre
519 3381 635 3459 judices
665 3386 891 3444 sentencialiter
924 3387 1097 3460 approbate
1127 3393 1157 3444 et
1179 3387 1326 3444 roborate
1349 3385 1490 3454 existant,
1514 3385 1556 3441 ob
1580 3385 1647 3454 hoc,

387 3497 422 3549 ut
442 3490 572 3565 prefatis
594 3489 697 3567 judici,
721 3492 842 3550 civibus
866 3497 897 3550 et
919 3493 1030 3551 incolis
1053 3490 1134 3550 dicte
1150 3493 1284 3550 civitatis
1300 3495 1403 3548 nostre
1419 3491 1535 3564 ubique
1551 3505 1643 3564 penes

386 3611 494 3655 eorum
516 3595 583 3672 jura
605 3601 636 3654 et
658 3598 874 3672 exempciones
897 3604 981 3656 tutus
1004 3613 1188 3671 secerusque
1208 3601 1312 3671 pateat
1342 3611 1533 3670 progressus,
1558 3595 1648 3653 volu·

387 3719 457 3761 mus
480 3710 510 3760 et
533 3702 718 3760 mandamus
741 3703 885 3762 fidelitati
908 3710 1009 3762 vestre
1025 3709 1054 3760 et
1070 3703 1198 3761 cuilibet
1212 3707 1352 3761 vestrum
1368 3701 1555 3774 firmissime,
1572 3716 1647 3775 qua·

387 3813 475 3867 tenus
498 3807 612 3866 amodo
635 3807 781 3883 deinceps
804 3807 941 3884 prefatos
963 3807 1113 3885 judicem,
1137 3809 1220 3868 cives
1236 3817 1266 3866 et
1283 3809 1399 3866 incolas
1417 3807 1497 3866 dicte
1512 3807 1647 3866 civitatis

388 3920 492 3973 nostre
515 3915 628 3972 montis
652 3913 814 3973 Grecensis
834 3914 874 3972 ad
897 3915 1089 3974 solucionem
1105 3929 1374 3988 quorumcumque
1393 3913 1581 3970 tributorum
1597 3927 1650 3970 seu

391 4021 601 4080 theloniorum
633 4025 740 4080 contra
771 4020 906 4079 formam
938 4021 1087 4096 premisse
1118 4021 1259 4094 ipsorum
1289 4019 1442 4076 libertatis
1474 4025 1504 4075 et
1525 4033 1650 4092 exemp·

390 4127 486 4185 cionis
509 4132 602 4200 atque
624 4127 783 4186 iudiciarie
806 4126 1043 4186 deliberacionis
1066 4125 1248 4184 eorumdem
1282 4125 1475 4199 prelatorum
1508 4133 1538 4182 et
1561 4125 1652 4182 baro-

390 4247 466 4291 num
489 4247 525 4290 ac
547 4233 768 4306 magistrorum
791 4233 1098 4308 prothonotariorum
1121 4232 1209 4305 regni
1231 4247 1267 4288 ac
1289 4231 1373 4289 curie
1395 4237 1499 4288 nostre
1514 4228 1651 4306 judicum

391 4343 492 4397 artare
515 4343 545 4396 et
567 4339 758 4412 compellere
787 4355 942 4415 nusquam
964 4345 995 4398 et
1023 4353 1220 4412 nequaquam
1250 4338 1469 4412 presummatis
1501 4353 1557 4395 nec
1588 4335 1654 4394 sitis

391 4445 460 4504 ausi
482 4444 723 4519 quoquomodo;
744 4447 891 4519 quoniam
915 4445 1054 4519 alioquin
1079 4445 1292 4503 commisimus
1322 4451 1352 4502 et
1382 4443 1577 4518 presentibus
1599 4441 1654 4500 fir·

392 4552 474 4610 mius
497 4551 721 4609 committimus
743 4552 825 4609 bano
847 4552 899 4609 vel
923 4553 988 4609 eius
1011 4552 1169 4609 vicebanis
1191 4565 1358 4625 regnorum
1380 4554 1559 4608 nostrorum
1579 4548 1655 4606 Cro·

392 4659 457 4718 acie
480 4663 510 4716 et
533 4655 696 4716 Sclauonie
717 4659 913 4732 presentibus
936 4662 966 4716 et
989 4657 1110 4731 futuris,
1131 4663 1166 4715 ut
1187 4658 1248 4732 ipsi
1271 4671 1329 4716 vos
1351 4663 1382 4716 et
1405 4656 1577 4730 quemlibet
1601 4670 1651 4712 ve·

393 4771 492 4823 strum
515 4763 556 4822 ad
578 4764 638 4822 hoc
660 4764 766 4838 ipsum
789 4762 966 4822 faciendum
987 4769 1017 4822 et
1039 4763 1172 4822 firmiter
1202 4761 1443 4822 observandum'
1464 4777 1521 4836 per
1551 4761 1655 4819 omnia

394 4877 571 4945 opportuna
594 4871 777 4944 gravamina
800 4869 990 4943 compellant
1013 4875 1043 4927 et
1065 4871 1236 4943 astringant
1257 4869 1438 4927 auctoritate
1460 4872 1565 4926 nostra
1588 4883 1657 4940 pre·

395 4975 534 5034 sentibus
557 4977 633 5050 ipsis
656 4977 688 5034 in
709 4977 767 5035 hac
791 4981 880 5050 parte
903 4976 1053 5034 attributa
1075 4982 1106 5034 et
1136 4975 1255 5034 iusticia
1278 4975 1440 5034 mediante.
1468 4973 1561 5033 Secus
1583 4987 1657 5047 ergo
