3932 5806
762 532 836 590 Doc.
860 527 933 608 189.
957 482 1031 607 roo.
1055 565 1097 576 -
1120 533 1177 590 An.
1201 543 1290 610 1457.

1327 637 1659 648 ——-—.———-——

987 743 1068 810 189.

497 886 579 936 Anno
600 895 675 952 1457,
697 898 719 938 1.
739 886 899 952 septembris.
920 887 1048 938 Viennae.

391 1011 559 1083 Ladislaus,
582 1013 762 1088 Hungan'ae
785 1021 834 1078 etc.
859 1032 922 1084 rex,
941 1013 1082 1092 Johanm'
1111 1013 1222 1070 Vr'tovcc
1244 1012 1278 1070 de
1305 1011 1419 1072 Greben
1441 1013 1515 1071 bano
1530 1013 1659 1085 mandat,

577 1127 611 1177 ut
631 1121 727 1177 omnia
749 1121 854 1180 civium
877 1121 996 1194 sagrab.
1013 1121 1091 1196 jura
1113 1128 1142 1178 et
1161 1119 1306 1178 libertates
1327 1119 1469 1194 defendat.

497 1263 660 1322 ladislaus
684 1263 734 1322 dei
756 1263 860 1337 gracia
883 1265 1050 1338 Hungarie‚
1074 1263 1229 1335 Bohemie,
1253 1263 1422 1335 Dalmacie,
1446 1263 1574 1322 Croacie
1597 1267 1656 1321 etc.

391 1386 455 1442 rex,
479 1385 515 1430 ac
534 1371 658 1430 Austrie
676 1378 706 1430 et
729 1369 820 1430 Stirie
844 1371 916 1442 dux,
947 1371 1149 1445 marchioque
1173 1371 1311 1429 Morauie
1334 1376 1391 1429 etc.
1416 1369 1517 1430 Fideli
1551 1375 1657 1427 nostro

391 1476 561 1550 magnifico
584 1477 648 1536 Pan
679 1477 737 1562 Jan
772 1477 956 1551 Bythowecz
991 1477 1030 1536 de
1065 1477 1216 1549 Gereben,
1250 1478 1337 1552 regni
1373 1477 1471 1536 nostri
1493 1475 1657 1534 Sclauonie

391 1583 482 1654 bano,
507 1583 642 1642 salutern
665 1586 695 1642 et
717 1583 864 1657 graciam,
887 1583 968 1657 Quia
989 1599 1047 1642 nos
1070 1584 1230 1642 civitatem
1258 1591 1397 1642 nostram
1431 1583 1545 1640 montis
1580 1578 1657 1640 Gre-

390 1689 481 1746 sicuti
503 1689 582 1748 alias
605 1689 721 1748 liberas
744 1690 884 1750 civitates
906 1695 1027 1749 nostras
1050 1690 1171 1763 regales
1194 1689 1234 1748 ad
1266 1704 1376 1748 manus
1398 1693 1520 1747 nostras
1555 1686 1655 1759 regias

390 1795 564 1869 recepimus
587 1803 618 1854 et
641 1795 770 1854 eandem
794 1797 916 1854 civibus
933 1801 962 1854 et
984 1797 1245 1855 inhabitatoribus
1261 1794 1399 1855 eiusdem
1417 1770 1653 1868 gubernandam

389 1916 455 1960 esse
476 1901 698 1973 commisimus,
714 1901 869 1974 volumus,
886 1901 970 1976 quod
986 1903 1088 1976 ipsam
1099 1901 1257 1960 civitatem
1271 1906 1409 1960 nostram
1434 1914 1470 1959 ac
1494 1899 1654 1958 universos

392 2007 476 2065 cives
500 2012 530 2066 et
553 2007 775 2066 inhabitatores
798 2007 937 2066 eiusdem
953 2014 1060 2066 contra
1076 2007 1234 2080 quoslihet
1257 2007 1438 2081 illegitimos
1461 2005 1656 2079 impetitores

391 2113 480 2185 tueri,
505 2119 668 2188 protegere
691 2119 721 2172 et
744 2111 914 2186 defensare,
938 2113 1008 2172 ideo
1039 2113 1183 2173 fidelitati
1217 2119 1319 2172 vestre
1352 2111 1485 2172 firmiter
1520 2110 1655 2187 precipi-

389 2218 469 2279 endo
492 2219 685 2292 mandamus,
710 2223 862 2294 quatenus
887 2225 1059 2294 pretactam
1082 2220 1241 2279 civitatem
1263 2225 1402 2278 nostram
1433 2218 1546 2276 montis
1574 2215 1651 2275 Gre-

389 2325 486 2384 censis
508 2340 544 2383 ac
565 2325 726 2385 universos
750 2327 832 2385 cives
855 2333 885 2385 et
908 2327 1130 2386 inhabitatores
1160 2327 1316 2398 eiusdem,
1352 2331 1458 2385 contra
1491 2324 1649 2398 quoslibet

390 2429 587 2504 illegittimos
609 2432 802 2507 impetitores
825 2433 914 2506 tueri,
936 2439 1098 2508 protegere
1122 2438 1152 2493 et
1175 2431 1340 2491 defendere
1372 2447 1408 2490 ac
1442 2429 1653 2506 indempniter

391 2543 588 2595 manutenere
619 2535 766 2610 debeatis,
790 2545 894 2597 nostre
914 2540 1084 2598 maiestatis
1107 2540 1138 2598 in
1162 2554 1294 2614 persona
1316 2545 1346 2598 et
1376 2537 1559 2598 auctoritate
1585 2552 1655 2611 pre·

393 2643 532 2702 sentibus
554 2643 646 2704 vobis
668 2645 700 2702 in
723 2645 781 2703 hac
804 2649 893 2718 parte
924 2645 1071 2704 attributa
1095 2651 1124 2704 et
1146 2643 1268 2722 justicia
1291 2644 1454 2704 mediante.
1477 2641 1572 2702 Secus
1593 2657 1655 2702 uon

391 2748 511 2808 facturi.
534 2749 733 2810 Presentibus
760 2752 915 2827 perlectis,
940 2752 1099 2810 exhibenti
1122 2753 1282 2811 restituris.
1306 2751 1423 2810 Datum
1444 2749 1586 2824 Wyenne
1623 2750 1654 2808 in

390 2855 468 2915 festo
492 2857 575 2916 beati
597 2856 699 2932 Egidii
722 2858 846 2917 abbatis
869 2865 899 2917 et
922 2856 1113 2917 confessoris.
1137 2859 1228 2916 Anno
1251 2857 1369 2918 domini
1385 2856 1555 2916 millesimo
1579 2870 1654 2930 qua·

390 2961 632 3036 dringentesimo
666 2965 925 3040 quinquagesimo
960 2965 1102 3039 septimo.
1136 2964 1316 3038 Regnorum
1360 2969 1539 3022 nostrorum
1574 2976 1654 3020 anno

389 3069 549 3143 Hungarie
571 3075 619 3129 etc
643 3069 764 3130 decimo
787 3077 907 3144 octavo,
932 3071 1078 3130 Bohemie
1101 3086 1177 3130 vero
1201 3075 1320 3144 quarto.

494 3259 839 3324 Originaleiucharta.1n
857 3261 972 3326 margine
990 3261 1105 3311 inferiori
1126 3261 1279 3326 impressum
1305 3265 1344 3308 est
1369 3257 1492 3324 sigillum.
1511 3259 1535 3308 E
1554 3257 1653 3308 collect.

388 3349 426 3398 Iv.
447 3347 616 3413 Kukuljevit.

980 3545 1064 3611 190.

493 3686 575 3736 Anno
596 3699 670 3752 1457,
693 3698 714 3738 1.
734 3685 893 3751 septembris.
914 3687 1040 3737 Viennae.

388 3813 557 3890 ladislaus,
580 3814 760 3887 Hungorr'ae
782 3821 831 3874 etc.
853 3832 915 3884 rex,
932 3813 1073 3891 Johanm'
1101 3813 1212 3872 Vitovec
1233 3813 1307 3870 bano
1330 3814 1466 3886 imperat,
1496 3819 1530 3869 ut
1553 3819 1654 3870 contra

393 3919 594 3990 Catharinam,
624 3921 804 3988 comitissam,
833 3939 907 3994 quae
937 3939 974 3978 cx
1005 3920 1119 3978 castello
1142 3921 1172 3976 in
1196 3919 1310 3978 ciuitate
1332 3919 1386 3976 sito
1408 3919 1551 3991 emigrare
1573 3917 1651 3986 nolr't,

833 4027 941 4084 civibus
963 4022 1107 4084 auxilriem
1123 4026 1215 4100 ferat.

822 4165 976 4215 Commissio
994 4165 1098 4230 propris
1116 4164 1215 4214 domini
1233 4163 1309 4228 regis,
1329 4163 1451 4227 magistro
1469 4161 1599 4212 Michaele

880 4254 972 4317 Orzag,
991 4254 1114 4318 magistro
1133 4253 1210 4310 curie,
1230 4253 1365 4304 referente.

493 4367 656 4427 Ladislaus
679 4367 728 4426 dei
751 4367 855 4441 gracia
878 4366 1044 4438 Hungarie,
1069 4365 1225 4435 Bohemie,
1249 4364 1419 4434 Dalmacie,
1441 4363 1569 4422 Croacie
1595 4367 1650 4422 etc.

388 4491 452 4546 rex,
476 4490 512 4532 ac
535 4476 660 4532 Austrie
683 4481 713 4532 et
735 4473 827 4532 Stirie
862 4472 934 4542 dux,
968 4486 1086 4530 necnon
1122 4472 1261 4530 marchio
1296 4472 1434 4529 Morauie
1469 4477 1525 4529 etc.
1549 4469 1650 4530 Fideli

385 4587 492 4638 nostro
514 4581 681 4654 magnifico
703 4581 761 4664 Jan
784 4579 967 4652 Bythowecz
991 4578 1029 4635 de
1060 4577 1210 4651 Gereben,
1245 4577 1333 4650 regni
1355 4577 1453 4635 nostri
1486 4575 1650 4636 Sclauonie

385 4689 476 4758 bano,
498 4687 630 4745 salutern
654 4695 684 4745 et
706 4687 851 4760 graciam.
876 4683 956 4758 Quia
978 4699 1034 4742 nos
1057 4699 1114 4758 per
1146 4684 1224 4742 alias
1259 4684 1378 4742 litteras
1411 4693 1532 4742 nostras
1566 4697 1651 4742 corn·

387 4796 532 4852 misimus
556 4793 671 4852 illustri
702 4791 827 4850 domine
862 4791 1031 4848 Katherine
1065 4789 1172 4848 relicte
1206 4789 1339 4848 condam
1374 4788 1506 4848 illustris
1542 4789 1650 4862 Vlricl,

386 4899 508 4960 comitis
531 4899 610 4958 Cilie
635 4905 690 4958 etc.
714 4905 749 4958 ut
777 4899 854 4974 ipsa,
879 4897 1044 4956 castellum
1078 4896 1166 4968 illud,
1202 4896 1286 4970 quod
1322 4897 1352 4954 in
1387 4897 1511 4956 civitate
1545 4905 1649 4955 nostra

387 5007 501 5068 montis
524 5005 686 5066 Grecensis
709 5005 886 5064 edificatum
910 5005 1021 5076 existit,
1047 5018 1118 5062 curn
1135 5002 1397 5077 gubernacionem
1420 5001 1560 5064 eiusdem
1574 5003 1650 5062 ciri-
