3932 5806
674 580 746 640 Doc.
769 573 841 636 168.
866 573 939 653 169.
963 611 1006 621 -
1031 577 1198 654 An.1453.

883 789 964 854 168.

396 931 476 982 Anno
499 943 573 997 1453,
595 943 635 995 31.
653 931 772 995 januarii.
792 931 940 994 Zagrabiae.

292 1059 464 1128 autentus,
493 1058 584 1116 tiliae
603 1076 691 1116 comos
713 1065 742 1116 ct
761 1057 862 1127 banus,
883 1056 956 1114 diem
979 1057 1160 1115 constitutam
1191 1058 1223 1116 in
1253 1074 1342 1114 caasa
1376 1074 1450 1132 quae
1480 1058 1557 1113 inter

389 1166 612 1224 communitatem
635 1165 760 1223 civitatis
784 1171 812 1222 et
832 1164 999 1237 Hmingum
1022 1164 1056 1222 do
1079 1163 1172 1222 Sused
1192 1165 1298 1238 agatur,
1315 1170 1467 1238 prorogat.

395 1309 458 1368 Nos
480 1308 655 1368 Fridericus
679 1309 729 1368 dei
752 1309 855 1382 gracie
877 1307 964 1380 Cilie,
996 1309 1199 1382 Ostenburge,
1223 1309 1414 1382 Zagorieque
1448 1321 1553 1365 comes

294 1420 346 1475 etc.
369 1431 487 1475 necnon
508 1416 596 1489 regni
619 1415 782 1474 Sclauonie
809 1415 915 1473 banus.
931 1415 1050 1472 Damus
1066 1430 1124 1489 pro
1138 1415 1298 1486 memoria,
1314 1413 1397 1487 quod
1414 1427 1554 1485 causam,

298 1537 390 1595 quam
412 1519 516 1598 judex,
538 1519 632 1597 jurati
655 1527 685 1580 et
707 1521 844 1580 universi
860 1521 943 1578 cives
959 1521 1093 1578 civitatis
1108 1521 1223 1578 montis
1238 1518 1399 1580 Grecensis
1410 1519 1453 1602 ¹de
1468 1518 1556 1594 juxta

294 1628 477 1702 Zagrabiam
509 1633 615 1687 contra
646 1628 805 1702 egregium
830 1627 985 1700 Henniigh
1007 1626 1045 1685 de
1070 1626 1269 1684 Zomzedwar
1291 1627 1377 1684 iuxta
1400 1626 1555 1685 contineu-

293 1735 371 1793 ciam
405 1735 581 1793 litterarum
609 1740 787 1794 nostrarum
823 1735 1108 1808 prorogatoriarum
1143 1749 1238 1806 super
1270 1731 1358 1790 iactis
1389 1734 1421 1792 in
1443 1733 1555 1791 litteris

293 1843 403 1900 nostris
426 1842 575 1900 citatoriis
598 1846 629 1899 et
651 1842 781 1915 capituli
812 1840 940 1899 ecclesie
971 1839 1179 1914 zagrabiensis
1208 1840 1359 1899 contentis
1381 1841 1413 1898 in
1436 1839 1554 1897 octavis

293 1946 360 2005 testi
394 1947 640 2021 Epiphaniamm
674 1947 794 2006 domini
827 1962 954 2005 movere
989 1947 1147 2005 habebant
1178 1960 1284 2005 coram
1315 1947 1414 2018 nobis,
1438 1947 1469 2004 in
1493 1960 1555 2019 quo
1586 1970 1590 1976 ·

293 2053 388 2111 eciam
424 2055 556 2112 termino
589 2053 672 2112 idem
696 2054 871 2127 Hennyngh
893 2051 1007 2129 judicia
1029 2069 1084 2112 sex
1108 2068 1284 2111 marcarum
1307 2053 1398 2111 nobis
1421 2058 1451 2110 et
1474 2053 1556 2126 parti

293 2158 422 2218 adverse
437 2161 617 2233 persolvere
642 2161 813 2232 tenebatur,
836 2159 875 2218 de
898 2160 1058 2218 voluntate
1080 2161 1236 2218 nobilium
1258 2160 1345 2233 regni
1367 2159 1407 2217 ad
1430 2163 1556 2218 octavas

295 2264 365 2325 festi
388 2267 471 2324 beati
494 2266 621 2341 Georgii
644 2268 790 2340 martiris,
812 2282 893 2325 nunc
916 2271 1070 2340 venturas,
1093 2266 1188 2325 simul
1212 2282 1284 2324 cum
1314 2266 1404 2324 dictis
1433 2264 1556 2342 judiciis

293 2370 437 2430 duximus
453 2373 692 2446 prorogandam.
719 2373 877 2432 Presentes
902 2373 1005 2446 sigilio
1028 2374 1144 2446 egregii
1176 2373 1311 2446 Georgii,
1335 2371 1394 2430 filii
1416 2371 1555 2430 Farkasii

293 2477 331 2536 de
352 2477 457 2551 Ebres,
481 2481 603 2539 comitis
627 2481 724 2538 nostri
747 2480 954 2553 zagrabiensis
977 2479 1106 2538 fecimus
1138 2480 1317 2553 consignari.
1350 2479 1466 2537 Datum
1501 2477 1556 2536 Za·

292 2584 398 2657 grahie
420 2584 543 2646 decimo
565 2602 647 2645 nono
681 2585 730 2645 die
765 2587 889 2645 termini
923 2587 1087 2660 prenotati.
1124 2589 1214 2644 Anno
1240 2585 1359 2645 domini
1383 2585 1554 2644 millesimo

294 2689 545 2765 quadringesimo
568 2694 825 2768 quinquagesimo
849 2694 954 2752 tercio.

397 2806 438 2872 (A
458 2783 552 2868 tergo),
577 2800 637 2858 Pro
661 2798 771 2876 judice,
794 2797 904 2874 juratis
928 2803 959 2857 et
981 2800 1133 2857 universis
1157 2799 1278 2856 civibus
1292 2800 1426 2857 civitatis
1442 2799 1556 2856 montis

292 2911 454 2972 Grecensis
485 2908 523 2965 de
552 2908 638 2965 iuxta
671 2905 855 2979 Zagrabiam
888 2911 994 2964 contra
1026 2907 1183 2980 egregium
1207 2905 1381 2978 Hennyngh
1406 2905 1443 2962 de
1467 2905 1556 2964 Zom-

290 3015 412 3078 zedwar
435 3015 474 3074 ad
498 3019 623 3072 octavas
647 3012 717 3070 testi
738 3013 822 3070 beati
843 3012 971 3086 Georgii
994 3013 1131 3070 martiris
1154 3013 1374 3086 prorogatorie.

396 3149 530 3216 Originale
548 3150 576 3200 in
594 3149 689 3200 charta.
710 3150 737 3198 A
756 3156 828 3214 tergo
847 3150 984 3214 vestigium
1002 3149 1118 3214 oppressi
1137 3148 1224 3213 sigilli.
1256 3149 1287 3198 Iu
1306 3149 1420 3198 archivio
1438 3147 1483 3198 lib.
1503 3163 1555 3212 reg.

291 3245 339 3294 civ.
358 3242 457 3306 zagrab.
1471 3239 1474 3248 '

883 3467 967 3534 169.

396 3612 477 3661 Anno
498 3623 572 3676 1453,
593 3609 616 3662 6.
636 3609 728 3661 martii.
748 3609 844 3661 Budae.

295 3741 418 3812 Ulmus,
441 3741 651 3798 taacrm'carum
674 3739 816 3812 regaliam
838 3739 984 3812 magister,
1009 3741 1205 3798 communitati
1224 3739 1349 3796 civitatis
1371 3740 1499 3810 mandat,
1524 3747 1558 3797 ut

423 3847 565 3905 sutoribus
588 3847 618 3902 in
634 3846 772 3920 pristinis
794 3846 879 3903 ettam
895 3853 989 3919 porro
1012 3846 1154 3918 nogotium
1173 3862 1274 3918 gerere
1294 3845 1434 3904 concedat.

396 3991 528 4063 Vlricus,
561 3991 645 4050 filius
679 3991 805 4074 Joannis
829 3990 868 4048 de
891 3991 1014 4060 Kanisa,
1039 4005 1156 4048 necnon
1179 3983 1282 4068 (inter)
1313 3991 1391 4048 alios
1414 3993 1555 4064 honores,

290 4099 521 4158 tavernicorum
544 4097 698 4171 regalium
722 4098 878 4170 magister.
902 4096 1031 4154 Dilectis
1053 4097 1143 4154 nobis
1168 4098 1243 4155 viris
1277 4097 1427 4172 providis,
1451 4096 1555 4173 judici,

288 4203 397 4282 juratis
429 4210 459 4262 et
492 4204 610 4262 cunctis
645 4205 766 4262 civibus
803 4203 936 4260 civitatis
967 4204 1081 4261 montis
1105 4202 1266 4261 Grecensis
1289 4208 1319 4262 et
1342 4202 1555 4276 Zagrabiensis

290 4311 492 4369 dileccionem
517 4325 588 4368 cum
612 4310 719 4368 salute.
744 4311 789 4369 Ex
812 4309 949 4368 veridica
973 4310 1128 4368 relacione
1160 4311 1365 4384 percepimus,
1397 4309 1555 4384 quomodo

289 4416 434 4475 videlicet
458 4417 650 4487 universitas,
673 4415 896 4490 disposiciones
921 4421 951 4474 et
974 4416 1219 4488 constituciones,
1241 4432 1341 4491 nuper
1365 4417 1455 4474 nobis
1470 4418 1554 4492 apud

289 4539 346 4581 vos
369 4529 399 4580 et
421 4524 517 4580 vestri
539 4524 571 4580 in
594 4522 697 4581 medio
721 4524 934 4597 existentibus,
960 4525 991 4582 in
1017 4523 1176 4582 nonnullis
1199 4524 1414 4582 laboratorum
1437 4529 1467 4581 ct
1482 4525 1554 4582 arti·

290 4631 384 4688 ficum
408 4630 439 4688 in
461 4627 572 4687 eodem
596 4630 692 4688 vestri
715 4629 819 4688 medio
843 4630 1047 4690 residencium
1072 4630 1176 4702 factas,
1192 4629 1256 4704 'per
1279 4644 1335 4688 nos
1366 4637 1395 4688 et
1418 4636 1555 4688 vestram

290 4734 544 4793 consvetudinem
568 4741 651 4794 actas
674 4741 705 4795 et
728 4735 902 4810 dispositas,
926 4751 982 4808 per
1011 4738 1096 4811 ipsos
1131 4736 1264 4794 artifices
1298 4741 1329 4795 et
1360 4736 1555 4796 laboratores

290 4857 473 4900 conservare
496 4849 526 4900 et
549 4847 652 4900 tenere
676 4843 803 4902 minime
825 4842 1002 4910 curassetis;
1041 4814 1153 4900 saltem
1174 4844 1335 4902 universos
1365 4848 1484 4901 sutores
1515 4844 1554 4901 ad

290 4949 414 5008 easdem
457 4949 679 5024 disposiciones
721 4956 751 5008 et
789 4951 1024 5010 constituciones
1060 4951 1298 5024 astrinxissetis,
1341 4950 1554 5009 consuetudini

290 5056 473 5115 eorumdem
496 5061 637 5116 sutorum
661 5058 691 5116 in
715 5056 921 5132 preludicium
945 5057 1038 5116 valde
1061 5073 1164 5131 grave.
1188 5058 1330 5132 Cumque
1345 5073 1400 5116 nos
1417 5057 1554 5132 prefatos
