3736 5826
735 613 807 673 Dec.
832 609 880 669 r6.
906 645 945 655 -
966 613 1022 670 An.
1047 626 1139 690 1409.
1531 631 1565 684 15

410 963 491 1011 Anno
513 975 587 1026 1409,
608 963 631 1014 6.
651 964 724 1028 Julii.
746 965 892 1028 Zagrabiae.
919 876 971 944 16

303 1086 441 1147 Andreas
462 1091 605 1164 episcopus
626 1091 832 1164 regrediensis,
855 1091 1028 1148 Eberhaedi
1048 1093 1171 1170 episcopi
1193 1093 1381 1162 donationem,
1405 1112 1466 1167 quo
1489 1094 1569 1150 eccle-

304 1196 365 1252 siae
387 1197 561 1254 cathedralis
575 1196 788 1270 praebendarii
807 1197 842 1254 de
870 1197 979 1254 decima
1007 1197 1140 1272 episcopis
1170 1200 1403 1274 zagrabiensibus
1432 1199 1568 1257 solvenda

759 1305 928 1374 liberantur,
951 1307 1108 1380 confirmat.

408 1447 549 1506 Andreas
573 1448 622 1506 dei
646 1455 676 1506 et
700 1449 871 1522 apostolice
901 1449 983 1507 sedis
1013 1452 1117 1523 gracia
1153 1451 1317 1525 episcopus
1352 1451 1566 1524 zagrabieusis.

304 1553 456 1611 Omnibus
472 1553 587 1612 Christi
609 1554 756 1612 fidelibus
779 1555 975 1630 presentibus
997 1561 1027 1614 et
1048 1555 1167 1628 futuris,
1191 1562 1349 1630 presentes
1375 1559 1567 1632 inspecturis,

305 1661 438 1719 salutem
461 1667 491 1718 et
514 1660 692 1719 devocionis
715 1661 835 1718 cultum
858 1663 1040 1734 augmetari.
1064 1663 1232 1721 Pastoralis
1256 1680 1327 1722 cure
1351 1664 1492 1722 debitum
1516 1664 1566 1722 di-

304 1767 412 1839 ligenti
435 1767 644 1826 sollicitudine
667 1774 851 1842 exequentes
873 1767 912 1826 ad
936 1785 971 1826 ea
995 1769 1129 1827 libenter
1152 1769 1350 1842 intendimus,
1382 1787 1441 1844 que
1465 1771 1567 1828 cultus

305 1873 403 1932 divini
438 1880 640 1947 augmentum
674 1882 703 1932 et
735 1875 950 1933 ministrorum
985 1876 1051 1933 eius
1086 1877 1254 1934 comodum
1277 1893 1313 1934 ac
1335 1877 1568 1934 sustentacionis

305 1981 457 2038 auxilium
481 1981 626 2040 videntur
654 1981 815 2055 ampliare.
839 1981 970 2040 Proinde
993 1983 1211 2040 universorum
1234 1984 1429 2058 presencium
1452 1983 1569 2056 pariter

304 2091 334 2143 et
354 2085 531 2146 futurorum
553 2088 665 2146 noticie
687 2088 837 2145 volumus
861 2087 929 2146 fieri
953 2089 1170 2147 manifestum:
1194 2089 1277 2162 quod
1301 2089 1425 2148 discreti
1440 2088 1568 2147 virido-

304 2194 381 2252 mini
414 2193 582 2268 Gregorius
612 2195 767 2268 presbiter
801 2194 839 2252 de
877 2196 1032 2268 Ilvanych,
1056 2195 1189 2254 decanus
1215 2195 1502 2270 prebendariorum,
1538 2201 1568 2252 et

305 2315 412 2358 omues
436 2301 634 2374 prebendarii
657 2302 744 2359 chori
768 2302 896 2359 ecclesie
920 2308 1024 2360 nostre
1047 2303 1263 2375 aagrabiensis,
1287 2303 1380 2360 nobis
1396 2302 1427 2360 in
1444 2301 1567 2360 Christo

308 2406 421 2478 dilecti,
445 2406 483 2464 ad
507 2415 645 2465 nostram
678 2409 833 2467 venientes
864 2411 1057 2482 presenciam
1089 2409 1296 2467 exhibuerunt
1327 2409 1417 2466 nobis
1447 2408 1567 2466 litteras

306 2513 468 2572 reverendi
487 2515 530 2594 ‚in
565 2514 690 2573 Christo
724 2516 822 2589 patris
857 2515 975 2574 domini
1001 2515 1182 2587 Eberhardi,
1215 2516 1338 2590 pridem
1360 2515 1567 2588 zagrabiensis

304 2635 385 2677 nunc
407 2635 483 2678 vero
505 2621 725 2680 waradinensis
749 2623 895 2697 episcopi,
920 2622 1146 2696 predecessoris
1169 2624 1274 2692 nostri,
1299 2622 1358 2680 sub
1388 2627 1505 2678 secreto
1528 2621 1568 2678 si·

304 2726 383 2798 gillo
406 2741 463 2784 suo
486 2728 724 2800 privilegialiter
754 2735 911 2787 emanatas
934 2730 1049 2786 tenoris
1072 2729 1269 2802 infrascripti,
1293 2728 1384 2786 nobis
1407 2727 1569 2785 humiliter

305 2831 520 2907 supplicando,
544 2839 578 2892 ut
602 2839 740 2893 tenorem
764 2836 904 2909 ipsarum
927 2836 1102 2893 litterarum
1126 2836 1237 2894 litteris
1261 2835 1373 2892 nostris
1390 2834 1568 2908 privilegia·

305 2938 389 2997 libus
413 2939 451 2998 de
471 2941 569 2998 verbo
592 2939 631 2998 ad
655 2941 789 2999 verbum
812 2942 905 3000 inseri
928 2940 1083 3014 iacientes,
1107 2941 1231 2998 easdem
1256 2949 1286 2998 et
1309 2941 1339 2998 in
1364 2942 1407 2998 eis
1425 2946 1566 2998 contenta

304 3051 473 3120 acceptare,
496 3048 673 3121 approbare
696 3055 727 3106 et
749 3048 903 3107 ratificare
925 3057 955 3106 et
970 3049 1151 3106 auctoritate
1167 3053 1270 3105 nostra
1288 3064 1325 3105 ex
1342 3053 1423 3105 certa
1439 3047 1569 3104 sciencia

305 3153 489 3212 confirmare
523 3153 731 3227 dignaremur.
768 3154 908 3227 Quarum
943 3161 1031 3213 tenor
1064 3155 1203 3228 sequitur
1237 3160 1267 3211 et
1301 3159 1346 3210 est
1373 3153 1458 3210 talis:
1484 3145 1568 3230 (vide

306 3260 380 3317 Doc.
407 3274 432 3317 a.
456 3274 536 3318 anno
562 3253 666 3339 1401).
690 3261 754 3319 Nos
779 3263 882 3334 itaque
914 3261 1199 3336 supplicacionibus
1234 3260 1390 3318 dictorum
1424 3258 1568 3332 Gregorii

305 3365 414 3424 decani
437 3371 467 3424 et
489 3366 767 3440 prebendariorum
790 3367 976 3426 devotorum
1000 3367 1127 3425 ecclesie
1151 3372 1254 3425 nostre
1274 3367 1482 3438 zagrabiensis
1506 3381 1568 3422 ser·

305 3473 443 3530 vitorum
466 3473 517 3546 pie
539 3473 691 3531 exauditis
715 3481 745 3532 et
767 3474 982 3548 principaliter
1003 3473 1155 3546 admissis,
1180 3472 1370 3531 attendentes
1395 3489 1432 3529 111
1462 3472 1567 3530 huius·

305 3579 392 3637 modi
415 3577 560 3637 decimali
584 3580 778 3638 relaxacione
801 3581 921 3638 cultum
945 3580 1088 3638 divinum
1111 3595 1172 3637 non
1203 3579 1363 3637 modicum
1386 3580 1567 3649 excrevisse,

304 3687 402 3744 immo
425 3686 456 3743 111
480 3687 616 3744 maxima
640 3685 728 3760 parte
749 3703 787 3744 ex
811 3702 846 3744 eo
871 3685 938 3744 fore
962 3695 991 3744 et
1018 3703 1083 3744 esse
1107 3691 1350 3759 augmentatum,
1367 3685 1568 3757 volentesque

305 3793 385 3850 votis
409 3791 623 3852 laudabilibus
647 3795 687 3851 ab
710 3795 853 3852 humanis
877 3801 907 3851 et
931 3793 1046 3851 divinis
1064 3787 1185 3866 legibus
1201 3807 1324 3850 summo
1341 3807 1434 3865 opere
1458 3791 1569 3848 suffra-

304 3899 380 3972 gari,
406 3899 541 3973 prelatas
564 3901 682 3958 litteras
705 3901 842 3958 annotati
866 3899 984 3958 domini
1000 3899 1173 3958 Eberhardi
1192 3900 1338 3973 episcopi,
1356 3913 1415 3955 non
1433 3899 1567 3968 abrasas,

305 4021 366 4064 non
389 4006 582 4078 cancellatas,
617 4022 673 4064 nec
707 4007 738 4065 in
771 4007 877 4080 aliqua
910 4022 1019 4064 eorum
1051 4013 1138 4080 parte
1173 4007 1309 4076 viciatas,
1346 4005 1443 4062 immo
1468 4004 1568 4060 omnis

305 4127 432 4184 prorsus
457 4111 600 4194 salsitatis
624 4113 806 4186 suspicionis
829 4113 911 4170 vicio
934 4119 1080 4183 carentes,
1113 4112 1370 4184 presentibusque
1402 4110 1440 4166 de
1471 4109 1568 4166 verbo

304 4219 343 4275 ad
369 4219 500 4276 verbum
525 4219 569 4276 nil
593 4218 706 4290 addito,
734 4219 887 4276 diminuto
911 4219 963 4276 vel
1001 4219 1119 4276 variato
1154 4218 1291 4287 insertas,
1324 4215 1425 4289 quoad
1461 4229 1568 4271 omnes

305 4340 412 4382 earum
436 4325 650 4396 continendas,
674 4325 829 4398 articulos,
854 4331 968 4399 puncta
992 4331 1021 4382 et
1044 4323 1199 4381 clausulas
1229 4329 1434 4396 receptamus,
1455 4335 1568 4394 appro-

309 4432 421 4489 bamus
445 4439 475 4488 et
498 4431 697 4503 ratificamus,
721 4431 764 4489 eis
795 4431 1014 4489 nichilominus
1042 4431 1074 4488 in
1105 4429 1203 4486 divini
1234 4429 1335 4486 cultus
1366 4434 1569 4499 augmentum

305 4543 335 4595 et
359 4537 514 4596 dictorum
538 4538 817 4612 prebendariorum
834 4538 1080 4596 comodosiorem
1105 4535 1363 4594 sustentacionem
1386 4535 1568 4592 innovantes

303 4650 456 4717 perpetuo
480 4645 629 4702 valituras
663 4643 893 4716 confirmamus
918 4643 1098 4700 mandantes
1131 4643 1283 4700 universis
1314 4639 1568 4714 procuratoribus

304 4766 358 4808 seu
381 4751 597 4824 provisoribus
621 4751 704 4809 curie
728 4757 831 4809 nostre
855 4751 1040 4825 episcopalis
1063 4749 1271 4822 zagrabiensis
1294 4763 1330 4804 ac
1353 4745 1506 4804 universis
1539 4749 1568 4802 et

305 4857 444 4930 singulis,
481 4857 594 4930 quibus
628 4859 755 4915 interest
778 4858 830 4915 vel
852 4857 989 4915 intererit
1012 4857 1043 4913 in
1069 4854 1218 4927 futurum,
1242 4859 1277 4912 ut
1307 4853 1365 4911 sub
1389 4851 1568 4910 intermina-

306 4963 393 5021 cione
417 4962 515 5022 divini
539 4962 645 5022 iudicii
674 4964 763 5022 nullo
786 4979 925 5038 unquam
948 4969 1090 5036 tempore
1113 4966 1219 5019 contra
1249 4960 1401 5034 premissa
1425 4955 1568 5032 quitquid

309 5075 495 5144 attemptare
519 5069 652 5129 audeant
676 5071 912 5144 quomodolibet
936 5071 987 5127 vel
1011 5073 1233 5144 presummant,
1256 5065 1310 5124 sed
1342 5065 1466 5122 eosdem
1498 5079 1567 5137 pre·
