3828 5822
386 487 449 563 380
804 483 877 544 Dor.
895 493 970 559 305.
997 515 1034 526 -
1061 483 1116 542 An.
1141 479 1231 560 1476,

383 698 461 777 juris
484 701 623 774 vigorem
648 700 775 759 lenitate
797 696 908 775 justice
932 703 1106 772 temperare
1129 713 1165 758 ac
1187 699 1227 757 de
1250 699 1409 773 premissis
1424 700 1592 758 cerciorem
1607 699 1651 758 in·

384 806 606 866 tormacionem
638 807 753 864 habere
774 805 923 877 volentes,
943 805 1113 879 previaque
1134 805 1371 864 mansvetudine
1393 805 1578 879 vigilancius
1600 822 1653 865 ex·

385 913 490 988 periri,
521 913 613 972 vobis
643 913 777 970 dominis
808 908 995 986 supradictis
1027 916 1058 972 et
1089 917 1228 970 vestrum
1252 911 1380 970 cuilibet
1403 913 1436 970 in
1459 912 1595 972 solidum
1619 915 1652 972 in

384 1020 499 1078 virtute
522 1019 667 1078 salutaris
690 1017 869 1076 obediencie
885 1022 916 1075 et
931 1018 1113 1076 auctoritate
1127 1023 1232 1075 nostra
1253 1018 1401 1091 predicta,
1424 1018 1522 1076 immo
1546 1018 1650 1078 verius

384 1127 565 1200 apostolica,
589 1127 649 1184 sub
672 1139 751 1200 pena
767 1125 1107 1194 excommunicacionis,
1121 1139 1216 1198 quarn
1239 1124 1270 1182 in
1293 1139 1350 1182 vos
1365 1124 1417 1182 rel
1440 1125 1575 1183 alterum
1596 1141 1649 1184 ve·

384 1235 484 1290 strum
505 1232 566 1291 nisi
587 1229 721 1290 feceritis
743 1246 804 1304 que
826 1229 1012 1288 mandamus
1034 1231 1125 1289 vobis
1145 1235 1175 1288 et
1189 1230 1381 1304 precipimus
1396 1229 1526 1290 ferimus
1542 1231 1574 1290 in
1588 1231 1649 1289 hiis

384 1338 516 1412 scriptis,
549 1342 701 1412 quatenus
732 1337 838 1395 statim
861 1337 975 1394 habitis
999 1337 1195 1411 presentibus
1218 1335 1258 1394 ad
1280 1336 1481 1395 honorabiles
1504 1341 1534 1395 et
1555 1351 1648 1396 vene·

383 1443 499 1502 rabiles
522 1443 615 1516 viros,
646 1443 790 1502 dominos
812 1443 985 1527 Johannem
1016 1443 1175 1514 lectorem,
1198 1441 1453 1501 Bartholomeum
1483 1448 1649 1513 cantorem,

384 1549 495 1624 Elyarn
526 1549 565 1608 de
595 1549 727 1624 Othyna,
760 1549 926 1616 Thomam,
958 1549 1114 1624 Tumpam
1146 1547 1272 1622 dictum,
1307 1547 1443 1623 Crispos,
1475 1548 1649 1608 Barnabam

383 1655 626 1730 prebendarium
650 1656 779 1714 ecclesie
800 1655 1015 1729 zagrabiensis,
1038 1653 1239 1729 Stephanum,
1264 1655 1367 1714 civem
1390 1654 1428 1714 de
1451 1661 1558 1714 monte
1573 1654 1649 1714 Gre-

383 1763 465 1820 censi
488 1769 517 1820 et
539 1762 626 1834 alios,
644 1776 722 1836 quos
745 1762 836 1819 vobis
859 1760 959 1819 dictus
982 1760 1078 1820 frater
1099 1759 1254 1845 Johannes
1281 1767 1464 1836 procurator
1487 1761 1576 1820 duxit
1597 1776 1648 1820 no·

382 1867 556 1936 minandos,
584 1868 789 1942 personaliter
811 1866 973 1940 accedatis,
1004 1868 1044 1948 ab
1067 1867 1242 1941 iisdemque
1273 1867 1312 1926 de
1335 1865 1496 1942 premissis
1518 1872 1549 1927 et
1571 1866 1647 1941 quid

380 1966 458 2048 ipsis
492 1974 671 2046 constiterit,
706 1979 831 2048 recepto
866 1973 954 2048 prius
988 1974 1029 2032 ab
1057 1971 1176 2032 eisdem
1199 1973 1357 2048 corporali
1378 1971 1554 2050 juramento
1577 1973 1648 2034 dili·

381 2085 490 2153 genter
512 2080 675 2154 inquiratis
699 2085 729 2138 et
751 2080 898 2152 resciatis,
922 2079 1005 2138 dicto
1028 2077 1126 2138 Paulo
1149 2085 1273 2138 cantore
1295 2081 1384 2154 prius
1407 2079 1447 2138 ad
1477 2079 1647 2139 videndum

379 2183 484 2262 jurare
506 2192 597 2246 testes
620 2191 729 2245 vocato
752 2185 782 2246 et
804 2187 906 2260 citato,
922 2193 955 2250 et
976 2185 1128 2260 quidquid
1151 2185 1275 2245 tandem
1307 2187 1348 2246 ab
1377 2187 1495 2246 eisdem
1517 2187 1647 2247 rescive-

380 2292 456 2368 ritis,
479 2293 570 2352 nobis
599 2293 711 2351 vestris
733 2293 765 2351 in
795 2293 906 2351 litteris
938 2293 1051 2351 clausis
1074 2298 1104 2352 et
1126 2293 1271 2366 sigillatis
1294 2293 1517 2352 conscienciose
1539 2293 1647 2352 rescri-

380 2399 469 2459 batis.
492 2398 631 2457 Tandem
661 2413 737 2457 vero
771 2397 929 2472 prelatum
958 2397 1091 2456 Paulum
1123 2397 1387 2472 archidyaconum
1410 2403 1441 2457 et
1463 2399 1646 2458 canonicum

382 2505 421 2563 ad
445 2521 562 2566 nonum
586 2505 668 2564 diem
693 2505 754 2564 diei
777 2511 879 2562 vestre
899 2504 1080 2564 huiusmodi
1109 2505 1321 2579 inquisicionis
1353 2519 1460 2564 coram
1481 2506 1572 2564 nobis
1594 2506 1645 2564 hic

379 2611 411 2670 in
434 2611 509 2671 Bela
531 2617 584 2670 aut
607 2611 806 2684 subrogando
827 2617 934 2669 nostro
957 2611 1167 2686 comparendo
1189 2611 1291 2670 citatis
1314 2610 1354 2669 ad
1384 2611 1556 2670 videndum
1586 2627 1643 2686 pu·

378 2718 490 2777 blicari
514 2722 605 2778 testes
628 2723 658 2776 et
681 2716 807 2777 tandem
830 2723 937 2776 contra
945 2717 1049 2792 ipsum
1074 2717 1242 2792 procedere
1263 2719 1401 2792 plenarie
1420 2719 1524 2792 prouti
1540 2733 1557 2775 a
1574 2733 1644 2792 pre·

379 2824 443 2882 sato
466 2824 593 2883 domino
616 2829 722 2882 nostro
746 2839 828 2898 papa
851 2824 1003 2882 habemus
1030 2826 1061 2882 in
1084 2825 1266 2898 commissis,
1290 2829 1343 2882 aut
1366 2824 1523 2898 allegandi
1545 2833 1576 2883 et
1598 2823 1644 2884 di·

380 2930 468 2989 cendi
497 2946 552 2989 cur
581 2931 733 3004 premissa
765 2931 892 2988 minime
923 2927 992 2988 fieri
1024 2929 1179 2988 deberent.
1204 2929 1417 2989 certificantes
1440 2931 1575 2990 eundern
1597 2933 1641 2990 sic

380 3036 516 3102 citatum,
539 3035 621 3110 quod
647 3035 713 3093 sive
736 3036 767 3092 in
789 3035 930 3109 predicto
954 3037 1086 3094 termino
1110 3051 1216 3094 coram
1239 3037 1330 3096 nobis
1357 3053 1470 3112 perse
1494 3039 1547 3096 vel
1570 3053 1642 3112 pro·

378 3147 552 3200 curatorem
575 3155 666 3199 suum
689 3141 879 3214 legittimum
903 3149 1081 3215 compareat
1101 3145 1168 3202 sive
1190 3157 1260 3216 non,
1284 3157 1340 3202 nos
1361 3187 1550 3204 .......
1574 3145 1643 3218 ipso

377 3247 508 3306 ulterius
530 3261 591 3305 non
615 3253 786 3322 expectato,
809 3247 849 3304 ad
872 3247 1026 3306 dictorum
1050 3247 1183 3308 fratrum
1205 3251 1366 3309 Michaelis
1397 3252 1510 3324 prioris
1533 3259 1564 3308 et
1586 3251 1638 3334 Jo-

377 3355 487 3412 hannis
522 3355 704 3412 instanciam
738 3359 767 3412 et
798 3354 1035 3427 requisicionem
1058 3354 1091 3412 id
1120 3355 1280 3427 iaciemus,
1304 3363 1398 3430 prout
1419 3354 1497 3433 juris
1528 3357 1587 3415 erit
1609 3361 1639 3414 et

377 3459 455 3517 ordo
478 3460 605 3519 dictavit
628 3461 767 3519 racionis.
792 3461 1034 3519 Absolucionem
1057 3477 1132 3520 vero
1148 3463 1288 3523 omnium
1301 3469 1331 3522 et
1353 3463 1549 3537 singulorum
1572 3479 1641 3538 pre·

377 3567 553 3639 missorum,
585 3568 639 3640 qui
667 3566 846 3626 huiusmodi
869 3581 964 3641 penas
987 3569 1208 3642 quoquomodo
1233 3571 1417 3629 incurrerint
1435 3571 1526 3628 nobis
1550 3569 1639 3628 dum·

377 3679 460 3731 taxat
483 3679 536 3731 aut
559 3673 712 3748 superiori
733 3680 840 3732 nostro
862 3689 1065 3734 reservamus.
1096 3675 1294 3734 Presentibus
1318 3677 1472 3750 perlectis,
1494 3677 1585 3734 nobis
1607 3677 1639 3735 in

377 3780 479 3854 specie
501 3779 646 3838 remissis.
671 3779 787 3839 Datum
811 3779 947 3838 indicto
970 3785 1076 3839 nostro
1108 3783 1294 3841 monasterio
1318 3782 1391 3840 Bela
1415 3781 1466 3841 die
1490 3775 1637 3842 vicesima

375 3890 485 3962 octava
500 3886 615 3944 mensis
631 3887 772 3960 Augusti.
796 3887 886 3944 Anno
902 3886 1022 3944 domini
1040 3887 1209 3946 millesime
1225 3887 1329 3946 CCCC
1341 3889 1570 3963 septuagesimo
1586 3889 1638 3948 Vl.

373 3991 573 4051 Pontificatus
595 3997 700 4051 autem
722 3993 907 4051 sanctissimi
928 3994 961 4051 in
984 3993 1107 4052 Christo
1129 3995 1226 4068 patris
1243 4000 1272 4052 et
1288 3993 1415 4068 domini,
1431 3993 1549 4053 domini
1561 3993 1640 4054 Sixti

374 4111 457 4173 pape
481 4100 584 4172 quarti
607 4097 746 4173 predicti,
763 4113 843 4157 anno
867 4100 931 4158 eius
955 4101 1070 4173 quinto.
1095 4100 1293 4160 Presentibus
1308 4101 1426 4160 ibidem
1441 4101 1594 4174 religiosis
1610 4105 1640 4159 et

374 4205 514 4264 discretis
537 4205 626 4264 viris:
659 4204 755 4263 tratre
786 4206 949 4264 Francisco
971 4207 1083 4279 priore,
1108 4206 1260 4280 Gregorio
1283 4213 1417 4279 cantore,
1448 4207 1574 4280 Mathya
1597 4207 1636 4265 de

373 4310 456 4384 Bela,
480 4311 611 4385 aliisque
634 4312 804 4386 capellanis
827 4312 900 4371 dicti
923 4314 1102 4372 monasterii
1126 4315 1224 4373 nostri
1247 4313 1285 4372 de
1307 4314 1381 4372 Bela
1404 4321 1434 4372 et
1449 4315 1518 4372 aliis
1541 4329 1636 4388 quam

373 4417 520 4491 pluribus
543 4418 673 4476 testibus
696 4417 860 4492 fidedignis
876 4417 916 4476 ad
931 4420 1082 4494 premissa
1101 4419 1277 4494 specialiter
1292 4420 1409 4478 vocatis
1425 4425 1455 4478 et
1470 4421 1635 4494 requisitis.

477 4604 611 4670 Originrde
630 4605 658 4655 in
676 4605 772 4656 charta.
792 4606 820 4658 A
839 4613 911 4675 tergo
930 4607 1067 4674 vestigium
1085 4607 1205 4674 impressi
1223 4607 1311 4673 sigilli.
1331 4609 1364 4657 In
1382 4608 1497 4659 archivio
1514 4608 1560 4661 lib.
1579 4625 1633 4674 reg.

371 4693 441 4748 civit.
460 4695 562 4759 zagrab.
