3948 5804
736 598 809 658 Doc.
832 593 883 673 69.
908 631 951 642 -
974 599 1029 658 An.
1052 613 1143 678 1433.
1530 605 1569 676 85

308 813 489 868 annotatum
512 812 686 886 capitulum
718 814 846 873 ecclesie
868 815 1077 888 zagrabiensis
1100 815 1139 874 ad
1163 824 1289 877 octavas
1312 817 1382 878 festi
1410 820 1493 878 beati
1515 819 1572 878 Mi-

309 914 423 974 chaelis
455 918 632 992 archangeli
655 937 736 979 nunc
765 927 911 980 venturas
935 922 1052 995 regiam
1076 929 1219 982 evocaret
1249 925 1280 982 in
1310 926 1519 998 presenciam;
1542 931 1572 983 et

308 1027 381 1096 post
412 1023 468 1082 hec
498 1024 595 1096 ipsius
626 1027 819 1086 evocacionis
849 1028 961 1086 seriem
993 1043 1062 1087 cum
1094 1029 1271 1088 nominibus
1300 1035 1499 1089 evocatorum
1531 1030 1572 1090 ad

309 1127 431 1186 easdem
463 1133 588 1189 octavas
620 1131 703 1191 dicto
738 1133 865 1192 domino
900 1149 970 1192 meo
994 1135 1061 1208 regi
1084 1134 1219 1194 fideliter
1242 1137 1429 1196 rescribatis.
1453 1137 1571 1196 Datum

308 1232 393 1292 Bude
416 1235 572 1296 tricesimo
596 1240 730 1312 septimo
753 1239 803 1298 die
826 1241 952 1300 termini
974 1242 1137 1316 prenotati.
1160 1241 1251 1300 Anno
1267 1242 1386 1302 domini
1401 1243 1571 1302 millesimo

309 1338 612 1415 quadringentesimo
635 1347 791 1404 tricesimo
815 1347 917 1405 tercio.

414 1451 460 1524 (A
479 1458 576 1520 tergo).
601 1453 719 1511 Amicis
750 1453 813 1511 suis
843 1453 1021 1514 reverendis
1052 1454 1189 1530 capitulo
1213 1456 1342 1514 ecclesie
1372 1455 1570 1528 chasmensis,

307 1576 366 1635 pro
389 1559 566 1620 honorabili
589 1559 727 1633 capitulo
749 1559 877 1618 ecclesie
892 1561 1107 1633 zagrabiensis
1129 1565 1235 1620 contra
1251 1559 1451 1636 Stephanum.
1468 1561 1571 1620 lilium

308 1665 478 1739 Michaelis,
495 1665 681 1725 modernum
703 1663 838 1741 judicem
863 1667 996 1724 civitatis
1019 1667 1132 1725 montis
1155 1666 1340 1726 Grechensis
1358 1666 1397 1725 de
1415 1668 1501 1726 iuxta
1517 1667 1571 1726 Za-

308 1773 452 1848 grabiam
475 1779 505 1832 et
528 1772 608 1830 alios
631 1773 845 1847 intrascriptos
870 1787 905 1830 ac
929 1777 1055 1831 octavas
1072 1771 1141 1831 testi
1165 1773 1248 1832 beati
1262 1773 1421 1833 Michaelis
1444 1775 1571 1834 archan·

307 1879 382 1954 geli,
405 1880 588 1938 evocatoria.

416 2015 549 2088 originale
569 2015 631 2065 satis
649 2015 762 2065 lacerum
781 2017 809 2065 in
828 2015 922 2068 charla.
951 2016 1099 2080 Vestigium
1117 2017 1194 2066 unius
1212 2015 1292 2081 sigilli
1311 2023 1419 2082 alergo.
1447 2019 1479 2066 In
1502 2017 1569 2068 arch.

307 2120 364 2154 ven.
384 2103 462 2172 capit.
480 2105 581 2170 zagrah.
602 2105 663 2157 Act.
684 2105 759 2170 capit.
779 2110 831 2156 ant.
851 2106 912 2156 iaec.
933 2104 957 2158 6.
976 2121 1014 2156 nr.
1035 2117 1076 2156 22.

911 2335 974 2403 69.

414 2441 495 2490 Anno
517 2452 591 2503 1433,
611 2452 653 2494 22.
673 2440 824 2492 decembris.

309 2569 512 2643 Segetmundus
526 2570 703 2644 Hungarioe
725 2578 773 2629 etc.
789 2590 851 2640 rex,
874 2572 1071 2630 communitati
1091 2571 1193 2628 onontis
1212 2568 1363 2629 Grecensis
1385 2573 1515 2645 imperat,
1537 2590 1573 2630 nc

308 2678 450 2754 importent,
472 2678 624 2752 quominus
643 2677 803 2735 turcorum
818 2678 977 2736 invomonis
992 2684 1075 2748 meto,
1091 2677 1247 2751 capimlum
1263 2678 1449 2750 zogrobiense
1464 2679 1570 2738 turrem

309 2785 432 2862 ,Popov
462 2785 566 2842 turen‘t
599 2791 729 2843 vocatam
760 2787 899 2860 situmque
922 2787 953 2843 in
975 2786 1175 2844 communitate
1205 2784 1318 2858 restant
1338 2791 1425 2858 atquo
1448 2787 1570 2843 munmt.

920 2923 1074 2973 Commissio
1093 2923 1196 2988 propria
1214 2922 1312 2972 domini
1330 2923 1500 2988 imperatoris.

412 3031 629 3108 Sigismundus
652 3035 702 3094 dei
724 3036 829 3109 gracia
851 3035 1064 3094 Romanorum
1079 3035 1257 3108 imperator,
1274 3049 1399 3108 semper
1414 3039 1571 3110 augustus,

306 3156 342 3200 ac
364 3141 531 3214 Hungarie,
556 3141 710 3213 Bohemie,
734 3141 904 3212 Dalmacie‚
930 3141 1057 3200 Croacie
1080 3145 1134 3199 etc.
1165 3156 1228 3200 rex.
1260 3139 1421 3198 Fidelibus
1452 3143 1565 3200 nostris

306 3246 457 3323 providis,
479 3245 584 3323 judici,
606 3246 726 3324 juratis,
749 3247 920 3320 ceterisque
952 3247 1074 3305 civibus
1097 3252 1128 3304 et
1150 3247 1208 3304 toti
1230 3246 1445 3304 communitati
1468 3252 1572 3306 nostre

308 3354 442 3412 civitatis
465 3353 579 3411 montis
603 3351 766 3412 Grecensis
789 3353 827 3410 de
858 3353 1011 3426 Zagrabia
1031 3352 1166 3410 salutem
1197 3358 1227 3409 et
1257 3351 1401 3424 graciam.
1433 3352 1571 3412 Gravem

308 3460 470 3535 querelam
490 3476 548 3534 per
568 3458 678 3518 fideles
700 3464 822 3518 nostros
838 3459 1032 3516 venerabiles
1048 3457 1245 3517 decretorum
1261 3457 1411 3530 doctores,
1428 3459 1571 3518 dominos

265 3565 267 3570 '
306 3567 480 3651 Johannem
493 3565 702 3638 Bachensteyn
718 3579 946 3623 camarcensem
963 3571 993 3623 et
1007 3565 1141 3623 alterurn
1153 3565 1326 3649 Johannem
1343 3563 1381 3622 de
1395 3564 1569 3638 Wrbowcz,

307 3673 547 3742 archidiaconos,
579 3673 741 3730 canonicos
771 3672 900 3730 ecclesie
923 3672 1138 3744 zagrabiensis,
1173 3685 1232 3745 pro
1264 3675 1353 3746 parte
1376 3673 1570 3730 honorabilis

309 3779 437 3854 capituli
463 3779 602 3838 eiusdem
626 3779 753 3836 ecclesie
775 3779 982 3852 zagrabiensis
1005 3779 1095 3836 nobis
1126 3769 1264 3850 allatam,
1295 3779 1470 3852 recepimus
1501 3793 1572 3837 con·

308 3887 465 3956 tinentem,
489 3885 574 3959 quod
599 3901 669 3942 curn
693 3885 754 3959 ipsi
776 3901 875 3960 nuper
898 3890 983 3942 metu
1007 3889 1037 3942 et
1062 3883 1227 3942 formidine
1244 3884 1479 3942 sevissimorum
1494 3885 1572 3944 Tur·

308 4007 416 4052 corum
440 3997 545 4067 partes
567 3991 640 4050 illas
670 4005 875 4065 sepenumero
904 3991 1097 4050 vastancium
1128 4007 1164 4049 ac
1187 3990 1348 4050 cuiusdam
1376 3991 1495 4064 Rottar,
1518 3993 1573 4065 qui

308 4100 412 4173 ipsum
436 4099 610 4172 capitulum
633 4098 782 4156 tirannice
805 4103 836 4156 et
857 4098 1013 4156 hostiliter
1034 4097 1183 4156 invadere
1206 4097 1290 4155 velle
1309 4096 1487 4155 famabatur
1502 4113 1572 4172 per·

309 4205 415 4277 territi,
440 4205 552 4262 turrim
582 4217 692 4262 eorum
723 4204 914 4276 angularem,
944 4185 1038 4276 quam
1062 4205 1142 4261 intra
1165 4218 1272 4260 muros
1296 4203 1416 4277 prefate
1439 4203 1572 4262 civitatis

307 4314 412 4370 nostre
434 4311 549 4368 montis
573 4309 735 4368 Grecensis
757 4327 795 4368 ex
819 4310 988 4368 donacione
1010 4315 1041 4368 et
1063 4311 1259 4369 institucione
1282 4309 1428 4368 divorum
1451 4317 1572 4370 nostro·

307 4432 379 4476 rum
400 4417 655 4490 predecessorum
679 4433 789 4490 regum
813 4417 972 4490 Hungarie
996 4422 1100 4475 tenent
1127 4423 1157 4475 et
1179 4416 1346 4491 possident,
1370 4417 1401 4474 in
1425 4417 1488 4475 suis
1510 4423 1572 4475 tec·

308 4524 395 4596 turis,
419 4523 518 4581 muris
543 4531 572 4582 et
596 4522 726 4582 edificiis
749 4523 922 4598 collapsam
946 4539 981 4580 ac
1005 4523 1143 4582 defectus
1178 4530 1207 4581 et
1237 4523 1359 4581 ruinam
1388 4523 1571 4596 pacientem,

309 4629 490 4702 reformare,
513 4630 544 4687 in
567 4631 697 4704 ipsaque
723 4645 781 4703 pro
804 4631 915 4688 tuciori
939 4631 1175 4704 preservacione
1198 4635 1228 4687 et
1250 4631 1487 4688 conservacione
1511 4629 1572 4687 cle·

307 4735 483 4807 nodiorum,
519 4741 772 4794 ornamentorum
807 4751 843 4793 ac
872 4751 977 4794 rerum
1001 4740 1031 4793 et
1054 4737 1207 4794 bonorum
1231 4734 1351 4809 prefate
1374 4736 1502 4793 ecclesie
1524 4749 1572 4794 za·

308 4842 480 4914 grabiensis
503 4847 602 4900 certas
626 4843 794 4900 testudines
818 4848 848 4900 et
866 4843 978 4900 woltas
995 4849 1172 4900 construere
1187 4847 1218 4900 et
1233 4841 1377 4899 edificare
1393 4841 1574 4914 voluissent,

308 4953 381 5006 tunc
404 4963 468 5021 vos,
492 4951 627 5006 nescitur
648 4963 709 5022 qna
725 4948 810 5007 ducti
824 4949 1073 5024 presumpcione,
1096 4963 1148 5008 eos
1171 4950 1212 5006 ab
1227 4947 1407 5006 huiusmodi
1422 4946 1572 5006 reforma·

307 5055 394 5113 cione
419 5061 449 5112 et
472 5061 589 5112 lectura
611 5055 731 5130 prefate
753 5057 848 5114 turris
870 5071 906 5113 ac
928 5062 1082 5114 structura
1105 5061 1136 5114 et
1165 5054 1362 5114 edificacione
1393 5053 1571 5112 huiusmodi
