3804 5858
413 554 474 612 442
824 535 899 593 Dec.
918 548 993 612 345.
1018 569 1060 579 -
1083 533 1254 614 An.1487.

410 753 441 810 in
472 751 588 810 eisdem
624 753 707 810 clare
741 751 923 825 conscriptis
953 756 983 810 et
1016 754 1201 828 specificatis
1232 754 1462 827 consignassent
1497 760 1527 812 et
1550 753 1677 812 easdem

411 859 556 915 suburra
589 863 618 915 et
649 857 756 916 eadem
791 858 962 915 inclusione
993 865 1148 918 metarum
1172 875 1242 918 curn
1266 860 1384 917 cunctis
1407 860 1472 918 suis
1495 860 1681 918 utilitatibus

411 969 442 1022 et
472 964 667 1038 pertinenciis
700 963 891 1037 quibuslibet
927 967 1107 1024 memoratis
1142 967 1263 1024 civibus
1300 967 1434 1024 civitatis
1466 966 1580 1024 montis
1604 965 1680 1024 Gre-

412 1071 509 1128 censis
530 1071 562 1128 in
585 1075 772 1144 perpetuum
803 1071 979 1128 statuissent
1003 1076 1045 1144 et,
1055 1071 1260 1144 reliquissent.
1285 1071 1377 1130 Sexta
1402 1086 1537 1144 namque
1561 1087 1679 1143 earum,

410 1175 553 1234 similiter
586 1176 682 1249 ipsius
712 1176 849 1248 capituli,
887 1191 981 1249 super
1011 1178 1261 1235 reambulacione
1285 1184 1315 1235 et
1339 1183 1493 1234 metarum
1528 1179 1680 1236 erectione

410 1280 562 1339 dictarum
593 1281 822 1356 possessionum
855 1283 1037 1355 Petrowyna
1067 1289 1097 1342 et
1129 1281 1338 1356 Sylalrowyna
1373 1283 1428 1341 sed
1452 1293 1482 1341 et
1505 1285 1676 1342 statucione

410 1388 589 1446 earumdem
613 1388 689 1463 ipsis
709 1389 829 1446 civibus
852 1387 947 1446 factas
964 1390 1203 1463 privilegialiter
1219 1389 1310 1462 edita,
1327 1389 1464 1450 similem
1476 1406 1601 1448 sensum
1624 1405 1679 1464 per

410 1495 515 1552 omnia
537 1495 723 1552 continebat.
747 1493 887 1569 Septima
909 1495 1062 1568 siquidem
1079 1501 1109 1554 et
1132 1497 1243 1553 ultima
1266 1497 1405 1569 ipsarum
1431 1495 1570 1553 eiusdem
1594 1497 1678 1570 capi·

410 1600 467 1657 tuli
490 1601 698 1673 zagrabieusis
721 1601 824 1659 littera
849 1601 1104 1672 reambulatoria,
1121 1601 1197 1660 seria
1221 1603 1329 1675 quinta
1345 1601 1490 1676 proxima
1513 1611 1584 1676 post
1607 1618 1678 1676 pre·

351 1744 355 1752 -
410 1705 527 1763 dictum
562 1705 676 1764 festum
709 1715 812 1764 sancte
835 1707 995 1766 Trinitatis
1026 1709 1058 1765 in
1081 1723 1162 1766 anno
1193 1707 1312 1766 domini
1336 1708 1505 1766 millesimo
1529 1714 1676 1766 trecente-

410 1812 489 1870 simo
521 1814 722 1885 nonagesimo
758 1813 865 1886 quinto
896 1813 1136 1887 privilegialiter
1167 1813 1250 1871 edita
1281 1813 1473 1885 decantabat,
1498 1813 1678 1888 quodcum

408 1917 490 1975 idern
515 1918 685 1992 capitulum
718 1921 849 1992 receptis
874 1920 986 1978 litteris
1009 1920 1263 1977 reambulatoriis
1285 1919 1380 1977 simul
1403 1926 1433 1977 et
1456 1921 1605 1978 citatoriis
1627 1935 1673 1977 se·

408 2024 561 2082 senissimi
592 2025 741 2098 principis
776 2031 806 2083 et
837 2025 963 2096 domini,
1000 2025 1119 2084 domini
1154 2024 1346 2098 Sigismundi
1380 2025 1431 2082 dei
1454 2027 1558 2098 gracia
1594 2027 1674 2098 regis

409 2130 612 2189 illustrissimi
645 2131 810 2204 Hungarie,
843 2132 947 2204 sigillo
979 2131 1118 2189 eiusdem
1143 2132 1250 2189 maiori
1276 2132 1470 2204 consignatis,
1504 2147 1562 2204 pro
1587 2141 1674 2206 parte

408 2235 613 2308 providorum
637 2243 666 2293 et
689 2237 986 2311 circumspectorum
1011 2239 1150 2296 virorum
1167 2234 1278 2312 judicis
1300 2243 1330 2293 et
1351 2235 1534 2312 juratorum,
1555 2251 1673 2295 necnon

408 2343 506 2400 tocius
529 2343 759 2401 communitatis
782 2344 915 2401 civitatis
939 2345 1053 2402 montis
1077 2342 1239 2400 Grecensis
1263 2341 1362 2400 eidem
1387 2342 1526 2416 capitulo
1552 2342 1677 2402 directis

409 2456 439 2507 et
472 2445 559 2523 juxta
589 2455 771 2522 preceptum
803 2450 899 2523 ipsius
938 2448 1056 2507 domini
1089 2449 1172 2520 regis
1204 2448 1305 2505 eidem
1340 2449 1478 2523 capitulo
1506 2449 1677 2506 iniunctum

408 2569 542 2612 unacum
573 2553 737 2628 Stephano,
761 2554 828 2611 filio
860 2553 1003 2612 Cherenlr
1033 2553 1071 2610 de
1096 2554 1270 2626 Koznyclra‚
1294 2555 1419 2612 homine
1456 2553 1530 2611 dicti
1553 2553 1674 2611 domini

408 2660 597 2733 Sigismundi
619 2661 700 2732 regis
724 2660 755 2718 in
779 2643 937 2734 premissis
953 2661 1047 2732 regiis
1071 2660 1182 2717 litteris
1207 2661 1287 2717 inter
1311 2660 1390 2718 alios
1414 2661 1555 2718 homines
1571 2661 1674 2733 regios

407 2767 591 2824 nominatim
623 2767 808 2840 conscripto,
832 2766 990 2823 hominem
1024 2765 1097 2823 dicti
1128 2765 1267 2838 capituli,
1292 2765 1437 2823 videlicet
1459 2766 1676 2824 honorabilem

408 2871 512 2929 virum
536 2871 698 2930 dominum
728 2871 902 2953 Johannem
928 2871 1094 2941 Lanceloti,
1118 2871 1237 2928 socium
1261 2877 1291 2927 et
1314 2872 1553 2930 concanonicum
1577 2873 1676 2946 ipsius

408 2977 545 3052 capituli,
569 2977 608 3035 ad
632 2977 844 3052 infrascriptas
868 2977 1152 3034 reambulacionem
1169 2981 1199 3034 et
1223 2983 1376 3034 metarum
1389 2978 1583 3036 ereccionem
1605 2994 1676 3052 pos·

408 3083 550 3142 sessionis
575 3083 767 3158 prelatorum
783 3083 903 3159 judicis,
919 3081 1092 3157 juratorum
1116 3083 1232 3140 civium
1256 3082 1336 3140 dicte
1358 3084 1492 3142 civitatis
1517 3085 1673 3157 Hrasthya

408 3181 525 3260 vocate,
548 3190 580 3248 in
603 3205 714 3264 campo
737 3189 929 3262 zagrabiensi
953 3189 1035 3246 ultra
1059 3189 1188 3247 ssuvium
1214 3189 1303 3245 Zawe
1327 3189 1432 3247 habite
1455 3198 1485 3247 et
1508 3191 1674 3261 existentis,

408 3295 571 3367 faciendas,
603 3311 661 3371 pro
685 3297 861 3354 testimonio
893 3295 990 3369 ipsius
1022 3295 1151 3369 capituli
1185 3295 1346 3353 duxissent
1368 3295 1595 3368 destinandum,
1619 3297 1675 3370 qui

407 3402 533 3459 tandem
565 3403 675 3460 exinde
706 3402 744 3460 ad
776 3403 860 3461 idem
891 3403 1065 3477 capitulum
1094 3403 1211 3461 reversi
1242 3409 1272 3459 et
1295 3417 1352 3476 per
1382 3402 1467 3461 idem
1501 3403 1675 3476 capitulum

407 3508 574 3581 diligenter
597 3510 735 3582 requisiti
752 3508 852 3566 eidem
877 3508 1071 3567 concorditer
1086 3509 1263 3566 retulissent
1286 3509 1341 3566 tali
1365 3508 1472 3567 modo:
1497 3509 1581 3582 quod
1598 3524 1670 3567 con-

406 3615 525 3672 vocatis
540 3615 617 3673 inibi
633 3615 786 3674 universis
802 3615 938 3674 eiusdem
957 3615 1157 3689 possessionis
1167 3616 1323 3688 Hrasthya
1336 3615 1444 3673 vicinis
1462 3622 1492 3672 et
1504 3621 1675 3673 commeta·

407 3721 472 3779 neis
495 3737 531 3778 ac
555 3724 759 3795 presentibus,
775 3722 905 3780 eandem
921 3737 977 3796 per
1000 3737 1071 3779 suas
1095 3737 1184 3780 veras
1208 3729 1326 3779 veteres
1350 3728 1380 3778 et
1402 3721 1545 3794 antiquas
1569 3725 1675 3792 metas,

407 3835 501 3900 prout
514 3843 567 3901 per
582 3829 700 3900 regiam
714 3829 905 3887 maiestatem
920 3845 1043 3903 semper
1056 3837 1085 3886 et
1101 3829 1142 3885 ab
1158 3829 1285 3900 antiquo
1301 3835 1383 3885 tenta
1399 3825 1516 3899 fuisset,
1528 3827 1673 3884 reambu-

406 3935 513 4005 lantes,
526 3935 677 4007 novisque
693 3936 783 3992 metis
795 3941 825 3992 et
840 3936 934 4008 signis
948 3936 1114 3992 metalibus
1130 3935 1241 3993 litteris
1256 3935 1288 3992 in
1304 3933 1421 3992 eisdem
1437 3933 1624 4006 expressatis
1641 3941 1671 3990 et

406 4041 490 4098 clare
510 4040 703 4114 specificatis,
727 4042 948 4113 consignantes,
971 4057 1042 4098 cum
1066 4041 1182 4098 cunctis
1215 4040 1400 4097 utilitatibus
1424 4045 1454 4096 et
1476 4039 1674 4112 pertinenciis

406 4147 598 4220 quibuslibet
614 4147 792 4204 memoratis
810 4145 913 4222 judici,
926 4144 1034 4221 juratis
1050 4152 1080 4202 et
1096 4146 1216 4204 civibus
1228 4143 1308 4202 dicte
1325 4145 1457 4202 civitatis
1470 4144 1583 4202 montis
1596 4143 1674 4203 Gre-

405 4254 502 4311 censis
518 4253 714 4326 reliquissent
731 4259 881 4327 perpetuo
899 4251 1116 4326 possidendam
1134 4251 1220 4309 nullo
1236 4249 1462 4309 contradictore
1487 4254 1669 4324 apparente.

406 4360 528 4433 Quibus
553 4359 744 4432 presentatis,
766 4357 918 4416 antelatus
944 4359 1089 4432 magister
1113 4357 1294 4415 Benedictus
1311 4363 1495 4431 procurator
1518 4356 1592 4414 dicti
1616 4355 1672 4413 do-

407 4466 483 4523 mini
504 4466 602 4523 nostri
627 4466 717 4538 regis,
741 4466 771 4523 in
796 4480 927 4539 persona
953 4464 1091 4522 eiusdem
1116 4463 1303 4537 prescriptas
1327 4463 1446 4521 litteras
1475 4468 1506 4520 et
1529 4461 1675 4520 litteralia

406 4573 609 4629 instrumenta
642 4586 699 4645 per
729 4572 900 4629 antelatum
929 4571 1103 4654 Johannem
1128 4569 1303 4642 Hennyngh
1326 4568 1421 4627 modo
1445 4569 1598 4642 premisso
1622 4582 1673 4624 ex·

406 4679 515 4736 hibere
545 4683 722 4751 assumpta,
753 4677 895 4735 exhiberi
918 4677 1089 4751 postularit
1113 4692 1169 4750 per
1191 4673 1324 4733 eundem
1347 4690 1453 4732 coram
1477 4674 1577 4732 nobis.
1602 4673 1673 4746 Quo·

406 4785 513 4843 audito
537 4783 690 4842 antelatus
720 4784 876 4867 Johannes
907 4783 946 4840 de
977 4783 1146 4841 Orehowcz
1170 4785 1354 4857 procurator
1377 4781 1515 4839 annotati
1542 4822 1674 4840 .....

404 4891 554 4975 Johannis
569 4891 744 4964 Hennyngh
757 4891 788 4948 in
803 4905 936 4964 persona
951 4889 1091 4948 eiusdem
1107 4889 1140 4946 in
1156 4893 1294 4946 nostram
1311 4901 1463 4960 exurgens
1479 4886 1674 4961 presenciam

405 5003 436 5056 et
458 5013 517 5072 pro
550 4997 731 5072 prescriptis
761 4996 907 5055 exhibere
938 4995 1105 5069 assumptis
1137 4995 1248 5053 litteris
1280 4998 1311 5051 et
1342 4993 1534 5052 litteralibus
1557 4993 1669 5050 instru-
