<?xml version="1.0" encoding="UTF-8"?>
<!DOCTYPE html PUBLIC "-//W3C//DTD XHTML 1.0 Transitional//EN"
    "http://www.w3.org/TR/xhtml1/DTD/xhtml1-transitional.dtd">
<html xmlns="http://www.w3.org/1999/xhtml" xml:lang="en" lang="en">
 <head>
  <title>
</title>
<meta http-equiv="Content-Type" content="text/html;charset=utf-8" />
  <meta name='ocr-system' content='tesseract 3.04.00' />
  <meta name='ocr-capabilities' content='ocr_page ocr_carea ocr_par ocr_line ocrx_word'/>
</head>
<body>
  <div class='ocr_page' id='page_1' title='image "./monumentahistor20laszgoog_0629.png"; bbox 0 0 3828 5822; ppageno 0'>
   <div class='ocr_carea' id='block_1_1' title="bbox 404 519 1244 601">
    <p class='ocr_par' dir='ltr' id='par_1_1' title="bbox 404 519 1244 601">
     <span class='ocr_line' id='line_1_1' title="bbox 404 519 1244 601; baseline -0.001 -17"><span class='ocrx_word' id='word_1_1' title='bbox 404 539 464 599; x_wconf 74' lang='lat'>3⁷2</span> <span class='ocrx_word' id='word_1_2' title='bbox 816 525 891 586; x_wconf 83' lang='lat' dir='ltr'>Doc.</span> <span class='ocrx_word' id='word_1_3' title='bbox 909 537 985 601; x_wconf 79' lang='lat'><strong><em>302.</em></strong></span> <span class='ocrx_word' id='word_1_4' title='bbox 1008 557 1051 566; x_wconf 98' lang='lat'>-</span> <span class='ocrx_word' id='word_1_5' title='bbox 1073 523 1130 582; x_wconf 84' lang='lat' dir='ltr'>An.</span> <span class='ocrx_word' id='word_1_6' title='bbox 1154 519 1244 600; x_wconf 81' lang='lat'><em>1476.</em></span> 
     </span>
    </p>
   </div>
   <div class='ocr_carea' id='block_1_2' title="bbox 368 737 1709 5062">
    <p class='ocr_par' dir='ltr' id='par_1_2' title="bbox 368 737 1709 5062">
     <span class='ocr_line' id='line_1_2' title="bbox 403 737 1666 814; baseline 0.001 -17"><span class='ocrx_word' id='word_1_7' title='bbox 403 754 578 814; x_wconf 90' lang='lat' dir='ltr'>pauperum</span> <span class='ocrx_word' id='word_1_8' title='bbox 608 744 786 798; x_wconf 91' lang='lat' dir='ltr'>nostrorum</span> <span class='ocrx_word' id='word_1_9' title='bbox 817 744 848 797; x_wconf 92' lang='lat' dir='ltr'>et</span> <span class='ocrx_word' id='word_1_10' title='bbox 879 739 1007 798; x_wconf 87' lang='lat' dir='ltr'>ecclesie</span> <span class='ocrx_word' id='word_1_11' title='bbox 1037 745 1142 798; x_wconf 91' lang='lat' dir='ltr'>nostre</span> <span class='ocrx_word' id='word_1_12' title='bbox 1172 737 1311 813; x_wconf 87' lang='lat' dir='ltr'>predicte</span> <span class='ocrx_word' id='word_1_13' title='bbox 1345 743 1410 797; x_wconf 93' lang='lat' dir='ltr'>toto</span> <span class='ocrx_word' id='word_1_14' title='bbox 1444 743 1550 798; x_wconf 92' lang='lat' dir='ltr'>nostro</span> <span class='ocrx_word' id='word_1_15' title='bbox 1573 753 1666 813; x_wconf 90' lang='lat' dir='ltr'>posse</span> 
     </span>
     <span class='ocr_line' id='line_1_3' title="bbox 402 845 1663 922; baseline 0.001 -19"><span class='ocrx_word' id='word_1_16' title='bbox 402 846 571 919; x_wconf 90' lang='lat' dir='ltr'>consulere,</span> <span class='ocrx_word' id='word_1_17' title='bbox 594 846 673 905; x_wconf 89' lang='lat' dir='ltr'>inter</span> <span class='ocrx_word' id='word_1_18' title='bbox 696 845 774 904; x_wconf 90' lang='lat' dir='ltr'>alios</span> <span class='ocrx_word' id='word_1_19' title='bbox 796 847 952 922; x_wconf 87' lang='lat' dir='ltr'>principes</span> <span class='ocrx_word' id='word_1_20' title='bbox 975 853 1006 904; x_wconf 90' lang='lat' dir='ltr'>et</span> <span class='ocrx_word' id='word_1_21' title='bbox 1027 852 1167 920; x_wconf 89' lang='lat' dir='ltr'>potentes</span> <span class='ocrx_word' id='word_1_22' title='bbox 1190 847 1282 905; x_wconf 89' lang='lat' dir='ltr'>buius</span> <span class='ocrx_word' id='word_1_23' title='bbox 1305 847 1393 920; x_wconf 79' lang='lat' dir='ltr'>regni</span> <span class='ocrx_word' id='word_1_24' title='bbox 1416 847 1527 905; x_wconf 86' lang='lat' dir='ltr'>iratres</span> <span class='ocrx_word' id='word_1_25' title='bbox 1541 852 1663 906; x_wconf 89' lang='lat' dir='ltr'>nostros</span> 
     </span>
     <span class='ocr_line' id='line_1_4' title="bbox 401 951 1664 1027; baseline 0.001 -17"><span class='ocrx_word' id='word_1_26' title='bbox 401 966 458 1010; x_wconf 91' lang='lat' dir='ltr'>nos</span> <span class='ocrx_word' id='word_1_27' title='bbox 481 951 578 1010; x_wconf 88' lang='lat' dir='ltr'>eciam</span> <span class='ocrx_word' id='word_1_28' title='bbox 608 953 748 1027; x_wconf 89' lang='lat' dir='ltr'>primum</span> <span class='ocrx_word' id='word_1_29' title='bbox 780 953 900 1011; x_wconf 91' lang='lat' dir='ltr'>curiam</span> <span class='ocrx_word' id='word_1_30' title='bbox 929 958 1069 1011; x_wconf 90' lang='lat' dir='ltr'>nostram</span> <span class='ocrx_word' id='word_1_31' title='bbox 1099 953 1332 1026; x_wconf 84' lang='lat' dir='ltr'>zagrabiensem</span> <span class='ocrx_word' id='word_1_32' title='bbox 1363 960 1394 1012; x_wconf 87' lang='lat' dir='ltr'>et</span> <span class='ocrx_word' id='word_1_33' title='bbox 1424 953 1535 1012; x_wconf 89' lang='lat' dir='ltr'>deinde</span> <span class='ocrx_word' id='word_1_34' title='bbox 1569 968 1664 1026; x_wconf 89' lang='lat' dir='ltr'>quam</span> 
     </span>
     <span class='ocr_line' id='line_1_5' title="bbox 405 1056 1662 1134; baseline 0.001 -19"><span class='ocrx_word' id='word_1_35' title='bbox 405 1057 497 1133; x_wconf 90' lang='lat' dir='ltr'>plura</span> <span class='ocrx_word' id='word_1_36' title='bbox 513 1056 668 1117; x_wconf 87' lang='lat' dir='ltr'>fortalicia</span> <span class='ocrx_word' id='word_1_37' title='bbox 683 1063 713 1118; x_wconf 91' lang='lat' dir='ltr'>et</span> <span class='ocrx_word' id='word_1_38' title='bbox 732 1059 922 1117; x_wconf 90' lang='lat' dir='ltr'>municiones</span> <span class='ocrx_word' id='word_1_39' title='bbox 938 1075 995 1133; x_wconf 93' lang='lat' dir='ltr'>pro</span> <span class='ocrx_word' id='word_1_40' title='bbox 1012 1058 1195 1117; x_wconf 90' lang='lat' dir='ltr'>eorumdem</span> <span class='ocrx_word' id='word_1_41' title='bbox 1211 1075 1386 1134; x_wconf 85' lang='lat' dir='ltr'>pauperum</span> <span class='ocrx_word' id='word_1_42' title='bbox 1409 1059 1537 1118; x_wconf 88' lang='lat' dir='ltr'>ecclesie</span> <span class='ocrx_word' id='word_1_43' title='bbox 1558 1064 1662 1117; x_wconf 90' lang='lat' dir='ltr'>nostre</span> 
     </span>
     <span class='ocr_line' id='line_1_6' title="bbox 405 1165 1666 1240; baseline 0 -18"><span class='ocrx_word' id='word_1_44' title='bbox 405 1165 502 1222; x_wconf 91' lang='lat' dir='ltr'>tutela</span> <span class='ocrx_word' id='word_1_45' title='bbox 526 1171 556 1222; x_wconf 91' lang='lat' dir='ltr'>et</span> <span class='ocrx_word' id='word_1_46' title='bbox 579 1166 815 1225; x_wconf 86' lang='lat' dir='ltr'>conservacione</span> <span class='ocrx_word' id='word_1_47' title='bbox 838 1171 927 1240; x_wconf 88' lang='lat' dir='ltr'>aptas</span> <span class='ocrx_word' id='word_1_48' title='bbox 958 1171 988 1224; x_wconf 90' lang='lat' dir='ltr'>et</span> <span class='ocrx_word' id='word_1_49' title='bbox 1017 1167 1205 1225; x_wconf 90' lang='lat' dir='ltr'>necessarias</span> <span class='ocrx_word' id='word_1_50' title='bbox 1236 1181 1298 1225; x_wconf 92' lang='lat' dir='ltr'>non</span> <span class='ocrx_word' id='word_1_51' title='bbox 1329 1166 1393 1225; x_wconf 92' lang='lat' dir='ltr'>sine</span> <span class='ocrx_word' id='word_1_52' title='bbox 1422 1165 1568 1224; x_wconf 80' lang='lat' dir='ltr'>maximis</span> <span class='ocrx_word' id='word_1_53' title='bbox 1596 1179 1666 1238; x_wconf 86' lang='lat' dir='ltr'>gra·</span> 
     </span>
     <span class='ocr_line' id='line_1_7' title="bbox 402 1269 1663 1348; baseline 0.002 -22"><span class='ocrx_word' id='word_1_54' title='bbox 402 1269 580 1328; x_wconf 85' lang='lat' dir='ltr'>vaminibus</span> <span class='ocrx_word' id='word_1_55' title='bbox 608 1271 749 1345; x_wconf 91' lang='lat' dir='ltr'>ipsorum</span> <span class='ocrx_word' id='word_1_56' title='bbox 776 1272 894 1345; x_wconf 85' lang='lat' dir='ltr'>erigere</span> <span class='ocrx_word' id='word_1_57' title='bbox 920 1277 950 1331; x_wconf 93' lang='lat' dir='ltr'>et</span> <span class='ocrx_word' id='word_1_58' title='bbox 986 1277 1163 1331; x_wconf 90' lang='lat' dir='ltr'>construere</span> <span class='ocrx_word' id='word_1_59' title='bbox 1185 1289 1220 1330; x_wconf 92' lang='lat' dir='ltr'>ac</span> <span class='ocrx_word' id='word_1_60' title='bbox 1244 1273 1275 1330; x_wconf 91' lang='lat' dir='ltr'>in</span> <span class='ocrx_word' id='word_1_61' title='bbox 1298 1278 1381 1331; x_wconf 88' lang='lat' dir='ltr'>certa</span> <span class='ocrx_word' id='word_1_62' title='bbox 1408 1277 1496 1348; x_wconf 89' lang='lat' dir='ltr'>parte</span> <span class='ocrx_word' id='word_1_63' title='bbox 1519 1285 1663 1330; x_wconf 89' lang='lat' dir='ltr'>normam</span> 
     </span>
     <span class='ocr_line' id='line_1_8' title="bbox 402 1373 1662 1452; baseline 0.002 -19"><span class='ocrx_word' id='word_1_64' title='bbox 402 1373 529 1434; x_wconf 82' lang='lat' dir='ltr'>vivendi</span> <span class='ocrx_word' id='word_1_65' title='bbox 551 1391 660 1435; x_wconf 90' lang='lat' dir='ltr'>eorum</span> <span class='ocrx_word' id='word_1_66' title='bbox 682 1377 848 1436; x_wconf 88' lang='lat' dir='ltr'>immutare</span> <span class='ocrx_word' id='word_1_67' title='bbox 867 1380 1046 1438; x_wconf 84' lang='lat' dir='ltr'>necessitate</span> <span class='ocrx_word' id='word_1_68' title='bbox 1061 1380 1121 1438; x_wconf 92' lang='lat' dir='ltr'>hac</span> <span class='ocrx_word' id='word_1_69' title='bbox 1142 1379 1317 1438; x_wconf 86' lang='lat' dir='ltr'>inevitabili</span> <span class='ocrx_word' id='word_1_70' title='bbox 1333 1380 1431 1438; x_wconf 87' lang='lat' dir='ltr'>coacti</span> <span class='ocrx_word' id='word_1_71' title='bbox 1453 1384 1484 1437; x_wconf 91' lang='lat' dir='ltr'>et</span> <span class='ocrx_word' id='word_1_72' title='bbox 1507 1377 1662 1452; x_wconf 89' lang='lat' dir='ltr'>compulsi</span> 
     </span>
     <span class='ocr_line' id='line_1_9' title="bbox 402 1483 1663 1561; baseline 0.002 -21"><span class='ocrx_word' id='word_1_73' title='bbox 402 1497 526 1553; x_wconf 87' lang='lat' dir='ltr'>sumus;</span> <span class='ocrx_word' id='word_1_74' title='bbox 541 1483 732 1544; x_wconf 90' lang='lat' dir='ltr'>attendentes</span> <span class='ocrx_word' id='word_1_75' title='bbox 747 1499 809 1544; x_wconf 92' lang='lat' dir='ltr'>non</span> <span class='ocrx_word' id='word_1_76' title='bbox 832 1501 898 1544; x_wconf 91' lang='lat' dir='ltr'>esse</span> <span class='ocrx_word' id='word_1_77' title='bbox 912 1486 1213 1561; x_wconf 86' lang='lat' dir='ltr'>reprehendendum,</span> <span class='ocrx_word' id='word_1_78' title='bbox 1236 1487 1263 1546; x_wconf 92' lang='lat' dir='ltr'>si</span> <span class='ocrx_word' id='word_1_79' title='bbox 1285 1485 1457 1546; x_wconf 86' lang='lat' dir='ltr'>secundum</span> <span class='ocrx_word' id='word_1_80' title='bbox 1479 1486 1663 1546; x_wconf 81' lang='lat' dir='ltr'>varietatem</span> 
     </span>
     <span class='ocr_line' id='line_1_10' title="bbox 401 1592 1664 1666; baseline 0.002 -20"><span class='ocrx_word' id='word_1_81' title='bbox 401 1593 579 1662; x_wconf 87' lang='lat' dir='ltr'>temporum</span> <span class='ocrx_word' id='word_1_82' title='bbox 603 1595 717 1650; x_wconf 88' lang='lat' dir='ltr'>statuta</span> <span class='ocrx_word' id='word_1_83' title='bbox 747 1592 845 1650; x_wconf 91' lang='lat' dir='ltr'>eciam</span> <span class='ocrx_word' id='word_1_84' title='bbox 876 1594 1035 1652; x_wconf 89' lang='lat' dir='ltr'>varientur</span> <span class='ocrx_word' id='word_1_85' title='bbox 1063 1594 1200 1652; x_wconf 88' lang='lat' dir='ltr'>humana</span> <span class='ocrx_word' id='word_1_86' title='bbox 1222 1594 1308 1654; x_wconf 84' lang='lat' dir='ltr'>iuxta</span> <span class='ocrx_word' id='word_1_87' title='bbox 1329 1593 1499 1666; x_wconf 84' lang='lat' dir='ltr'>legittimas</span> <span class='ocrx_word' id='word_1_88' title='bbox 1522 1599 1553 1650; x_wconf 90' lang='lat' dir='ltr'>et</span> <span class='ocrx_word' id='word_1_89' title='bbox 1574 1606 1664 1650; x_wconf 79' lang='lat' dir='ltr'>cauo</span> 
     </span>
     <span class='ocr_line' id='line_1_11' title="bbox 400 1695 1665 1774; baseline 0.005 -22"><span class='ocrx_word' id='word_1_90' title='bbox 400 1695 484 1752; x_wconf 79' lang='lat' dir='ltr'>nicae</span> <span class='ocrx_word' id='word_1_91' title='bbox 507 1697 684 1756; x_wconf 81' lang='lat' dir='ltr'>sanctiones.</span> <span class='ocrx_word' id='word_1_92' title='bbox 708 1695 870 1758; x_wconf 90' lang='lat' dir='ltr'>Similibus</span> <span class='ocrx_word' id='word_1_93' title='bbox 892 1699 990 1758; x_wconf 88' lang='lat' dir='ltr'>eciam</span> <span class='ocrx_word' id='word_1_94' title='bbox 1012 1701 1206 1774; x_wconf 85' lang='lat' dir='ltr'>respectibus</span> <span class='ocrx_word' id='word_1_95' title='bbox 1224 1706 1255 1758; x_wconf 89' lang='lat' dir='ltr'>et</span> <span class='ocrx_word' id='word_1_96' title='bbox 1278 1699 1407 1760; x_wconf 90' lang='lat' dir='ltr'>omnino</span> <span class='ocrx_word' id='word_1_97' title='bbox 1429 1698 1538 1758; x_wconf 90' lang='lat' dir='ltr'>eadem</span> <span class='ocrx_word' id='word_1_98' title='bbox 1566 1699 1665 1758; x_wconf 89' lang='lat' dir='ltr'>consi·</span> 
     </span>
     <span class='ocr_line' id='line_1_12' title="bbox 368 1800 1663 1880; baseline 0.002 -22"><span class='ocrx_word' id='word_1_99' title='bbox 368 1806 370 1812; x_wconf 82' lang='grc'><em>’</em></span> <span class='ocrx_word' id='word_1_100' title='bbox 402 1800 562 1860; x_wconf 88' lang='lat' dir='ltr'>deracione</span> <span class='ocrx_word' id='word_1_101' title='bbox 592 1802 710 1862; x_wconf 89' lang='lat' dir='ltr'>inducti</span> <span class='ocrx_word' id='word_1_102' title='bbox 740 1805 934 1866; x_wconf 86' lang='lat' dir='ltr'>venerabiles</span> <span class='ocrx_word' id='word_1_103' title='bbox 957 1805 1068 1864; x_wconf 87' lang='lat' dir='ltr'>iratres</span> <span class='ocrx_word' id='word_1_104' title='bbox 1091 1807 1189 1866; x_wconf 89' lang='lat' dir='ltr'>nostri</span> <span class='ocrx_word' id='word_1_105' title='bbox 1211 1806 1385 1880; x_wconf 84' lang='lat' dir='ltr'>capitulum</span> <span class='ocrx_word' id='word_1_106' title='bbox 1411 1805 1537 1864; x_wconf 89' lang='lat' dir='ltr'>ecclesie</span> <span class='ocrx_word' id='word_1_107' title='bbox 1559 1809 1663 1862; x_wconf 87' lang='lat' dir='ltr'>nostre</span> 
     </span>
     <span class='ocr_line' id='line_1_13' title="bbox 400 1907 1662 1987; baseline 0.002 -23"><span class='ocrx_word' id='word_1_108' title='bbox 400 1907 607 1980; x_wconf 81' lang='lat' dir='ltr'>zagrabiensis</span> <span class='ocrx_word' id='word_1_109' title='bbox 638 1909 799 1981; x_wconf 81' lang='lat' dir='ltr'>antedicto,</span> <span class='ocrx_word' id='word_1_110' title='bbox 821 1925 881 1985; x_wconf 89' lang='lat' dir='ltr'>pro</span> <span class='ocrx_word' id='word_1_111' title='bbox 904 1926 958 1969; x_wconf 89' lang='lat' dir='ltr'>sua</span> <span class='ocrx_word' id='word_1_112' title='bbox 982 1912 1120 1985; x_wconf 92' lang='lat' dir='ltr'>propria,</span> <span class='ocrx_word' id='word_1_113' title='bbox 1142 1926 1179 1970; x_wconf 89' lang='lat' dir='ltr'>ac</span> <span class='ocrx_word' id='word_1_114' title='bbox 1202 1911 1313 1970; x_wconf 91' lang='lat' dir='ltr'>deinde</span> <span class='ocrx_word' id='word_1_115' title='bbox 1335 1925 1511 1987; x_wconf 89' lang='lat' dir='ltr'>pauperum</span> <span class='ocrx_word' id='word_1_116' title='bbox 1534 1923 1662 1968; x_wconf 90' lang='lat' dir='ltr'>suorum</span> 
     </span>
     <span class='ocr_line' id='line_1_14' title="bbox 402 2013 1665 2092; baseline 0.002 -23"><span class='ocrx_word' id='word_1_117' title='bbox 402 2013 563 2086; x_wconf 81' lang='lat' dir='ltr'>tuicione,</span> <span class='ocrx_word' id='word_1_118' title='bbox 585 2019 650 2073; x_wconf 90' lang='lat' dir='ltr'>tam</span> <span class='ocrx_word' id='word_1_119' title='bbox 680 2017 868 2076; x_wconf 87' lang='lat' dir='ltr'>serenissimi</span> <span class='ocrx_word' id='word_1_120' title='bbox 899 2017 1048 2092; x_wconf 90' lang='lat' dir='ltr'>principis</span> <span class='ocrx_word' id='word_1_121' title='bbox 1082 2023 1112 2075; x_wconf 88' lang='lat' dir='ltr'>et</span> <span class='ocrx_word' id='word_1_122' title='bbox 1146 2017 1285 2090; x_wconf 90' lang='lat' dir='ltr'>domini,</span> <span class='ocrx_word' id='word_1_123' title='bbox 1317 2016 1436 2076; x_wconf 89' lang='lat' dir='ltr'>domini</span> <span class='ocrx_word' id='word_1_124' title='bbox 1468 2015 1591 2087; x_wconf 78' lang='lat' dir='ltr'>Mathis,</span> <span class='ocrx_word' id='word_1_125' title='bbox 1614 2013 1665 2072; x_wconf 91' lang='lat' dir='ltr'>dei</span> 
     </span>
     <span class='ocr_line' id='line_1_15' title="bbox 400 2119 1662 2194; baseline 0.002 -19"><span class='ocrx_word' id='word_1_126' title='bbox 400 2119 504 2190; x_wconf 80' lang='lat' dir='ltr'>gracia</span> <span class='ocrx_word' id='word_1_127' title='bbox 526 2120 608 2192; x_wconf 83' lang='lat' dir='ltr'>regis</span> <span class='ocrx_word' id='word_1_128' title='bbox 632 2121 797 2194; x_wconf 83' lang='lat' dir='ltr'>Hungarie,</span> <span class='ocrx_word' id='word_1_129' title='bbox 827 2121 974 2181; x_wconf 90' lang='lat' dir='ltr'>Bohemie</span> <span class='ocrx_word' id='word_1_130' title='bbox 997 2131 1051 2182; x_wconf 86' lang='lat' dir='ltr'>etc.</span> <span class='ocrx_word' id='word_1_131' title='bbox 1075 2123 1193 2182; x_wconf 89' lang='lat' dir='ltr'>domini</span> <span class='ocrx_word' id='word_1_132' title='bbox 1216 2123 1314 2181; x_wconf 87' lang='lat' dir='ltr'>nostri</span> <span class='ocrx_word' id='word_1_133' title='bbox 1336 2121 1488 2182; x_wconf 88' lang='lat' dir='ltr'>naturalis</span> <span class='ocrx_word' id='word_1_134' title='bbox 1510 2127 1541 2180; x_wconf 92' lang='lat' dir='ltr'>et</span> <span class='ocrx_word' id='word_1_135' title='bbox 1564 2121 1662 2194; x_wconf 81' lang='lat' dir='ltr'>graci-</span> 
     </span>
     <span class='ocr_line' id='line_1_16' title="bbox 400 2220 1709 2303; baseline 0.003 -22"><span class='ocrx_word' id='word_1_136' title='bbox 400 2223 535 2282; x_wconf 84' lang='lat' dir='ltr'>osissimi</span> <span class='ocrx_word' id='word_1_137' title='bbox 557 2229 735 2300; x_wconf 88' lang='lat' dir='ltr'>annuencia,</span> <span class='ocrx_word' id='word_1_138' title='bbox 759 2241 854 2302; x_wconf 90' lang='lat' dir='ltr'>quam</span> <span class='ocrx_word' id='word_1_139' title='bbox 877 2233 984 2286; x_wconf 88' lang='lat' dir='ltr'>nostro</span> <span class='ocrx_word' id='word_1_140' title='bbox 1007 2229 1155 2287; x_wconf 84' lang='lat' dir='ltr'>benivolo</span> <span class='ocrx_word' id='word_1_141' title='bbox 1178 2244 1235 2303; x_wconf 90' lang='lat' dir='ltr'>per</span> <span class='ocrx_word' id='word_1_142' title='bbox 1258 2228 1383 2287; x_wconf 88' lang='lat' dir='ltr'>eosdem</span> <span class='ocrx_word' id='word_1_143' title='bbox 1407 2227 1518 2288; x_wconf 82' lang='lat' dir='ltr'>fratres</span> <span class='ocrx_word' id='word_1_144' title='bbox 1540 2233 1662 2286; x_wconf 89' lang='lat' dir='ltr'>nostros</span> <span class='ocrx_word' id='word_1_145' title='bbox 1705 2220 1709 2228; x_wconf 83' lang='lat'>&#39;</span> 
     </span>
     <span class='ocr_line' id='line_1_17' title="bbox 398 2330 1661 2410; baseline -0.002 -18"><span class='ocrx_word' id='word_1_146' title='bbox 398 2330 559 2392; x_wconf 87' lang='lat' dir='ltr'>humiliter</span> <span class='ocrx_word' id='word_1_147' title='bbox 581 2333 739 2406; x_wconf 87' lang='lat' dir='ltr'>postulato</span> <span class='ocrx_word' id='word_1_148' title='bbox 762 2348 896 2404; x_wconf 89' lang='lat' dir='ltr'>assensu,</span> <span class='ocrx_word' id='word_1_149' title='bbox 912 2333 1137 2406; x_wconf 85' lang='lat' dir='ltr'>accedentibus,</span> <span class='ocrx_word' id='word_1_150' title='bbox 1161 2350 1268 2394; x_wconf 88' lang='lat' dir='ltr'>aream</span> <span class='ocrx_word' id='word_1_151' title='bbox 1290 2335 1432 2410; x_wconf 87' lang='lat' dir='ltr'>ipsorum</span> <span class='ocrx_word' id='word_1_152' title='bbox 1455 2333 1661 2408; x_wconf 89' lang='lat' dir='ltr'>capitularem</span> 
     </span>
     <span class='ocr_line' id='line_1_18' title="bbox 399 2437 1660 2500; baseline 0.002 -5"><span class='ocrx_word' id='word_1_153' title='bbox 399 2443 430 2496; x_wconf 89' lang='lat' dir='ltr'>et</span> <span class='ocrx_word' id='word_1_154' title='bbox 451 2438 552 2496; x_wconf 89' lang='lat' dir='ltr'>curias</span> <span class='ocrx_word' id='word_1_155' title='bbox 574 2437 614 2496; x_wconf 91' lang='lat' dir='ltr'>ad</span> <span class='ocrx_word' id='word_1_156' title='bbox 636 2447 774 2498; x_wconf 89' lang='lat' dir='ltr'>nostram</span> <span class='ocrx_word' id='word_1_157' title='bbox 790 2444 820 2498; x_wconf 91' lang='lat' dir='ltr'>et</span> <span class='ocrx_word' id='word_1_158' title='bbox 835 2455 1050 2500; x_wconf 89' lang='lat' dir='ltr'>successorum</span> <span class='ocrx_word' id='word_1_159' title='bbox 1071 2447 1250 2500; x_wconf 89' lang='lat' dir='ltr'>nostrorum</span> <span class='ocrx_word' id='word_1_160' title='bbox 1273 2441 1436 2500; x_wconf 83' lang='lat' dir='ltr'>dumtaxat</span> <span class='ocrx_word' id='word_1_161' title='bbox 1456 2439 1660 2498; x_wconf 89' lang='lat' dir='ltr'>collacionem</span> 
     </span>
     <span class='ocr_line' id='line_1_19' title="bbox 398 2547 1657 2622; baseline 0 -19"><span class='ocrx_word' id='word_1_162' title='bbox 398 2549 589 2618; x_wconf 86' lang='lat' dir='ltr'>spectantem</span> <span class='ocrx_word' id='word_1_163' title='bbox 614 2551 644 2604; x_wconf 91' lang='lat' dir='ltr'>et</span> <span class='ocrx_word' id='word_1_164' title='bbox 675 2547 889 2620; x_wconf 88' lang='lat' dir='ltr'>pertinentem,</span> <span class='ocrx_word' id='word_1_165' title='bbox 922 2548 1096 2608; x_wconf 90' lang='lat' dir='ltr'>municione</span> <span class='ocrx_word' id='word_1_166' title='bbox 1119 2553 1296 2622; x_wconf 87' lang='lat' dir='ltr'>opportuna</span> <span class='ocrx_word' id='word_1_167' title='bbox 1319 2553 1350 2606; x_wconf 90' lang='lat' dir='ltr'>et</span> <span class='ocrx_word' id='word_1_168' title='bbox 1374 2553 1437 2605; x_wconf 89' lang='lat' dir='ltr'>tam</span> <span class='ocrx_word' id='word_1_169' title='bbox 1460 2561 1583 2604; x_wconf 91' lang='lat' dir='ltr'>summe</span> <span class='ocrx_word' id='word_1_170' title='bbox 1605 2561 1657 2604; x_wconf 89' lang='lat' dir='ltr'>ne·</span> 
     </span>
     <span class='ocr_line' id='line_1_20' title="bbox 397 2651 1662 2727; baseline 0.001 -17"><span class='ocrx_word' id='word_1_171' title='bbox 397 2653 528 2710; x_wconf 87' lang='lat' dir='ltr'>cessaria</span> <span class='ocrx_word' id='word_1_172' title='bbox 562 2653 801 2712; x_wconf 90' lang='lat' dir='ltr'>circumvallare</span> <span class='ocrx_word' id='word_1_173' title='bbox 834 2658 865 2712; x_wconf 86' lang='lat' dir='ltr'>et</span> <span class='ocrx_word' id='word_1_174' title='bbox 899 2657 963 2712; x_wconf 87' lang='lat' dir='ltr'>tam</span> <span class='ocrx_word' id='word_1_175' title='bbox 998 2653 1154 2727; x_wconf 80' lang='lat' dir='ltr'>sibiipsis,</span> <span class='ocrx_word' id='word_1_176' title='bbox 1189 2669 1285 2727; x_wconf 89' lang='lat' dir='ltr'>quam</span> <span class='ocrx_word' id='word_1_177' title='bbox 1319 2654 1389 2712; x_wconf 91' lang='lat' dir='ltr'>aliis</span> <span class='ocrx_word' id='word_1_178' title='bbox 1423 2653 1486 2712; x_wconf 89' lang='lat' dir='ltr'>suis</span> <span class='ocrx_word' id='word_1_179' title='bbox 1521 2651 1662 2722; x_wconf 89' lang='lat' dir='ltr'>subditis,</span> 
     </span>
     <span class='ocr_line' id='line_1_21' title="bbox 396 2757 1660 2830; baseline 0.001 -16"><span class='ocrx_word' id='word_1_180' title='bbox 396 2758 561 2830; x_wconf 88' lang='lat' dir='ltr'>presertim</span> <span class='ocrx_word' id='word_1_181' title='bbox 591 2759 673 2817; x_wconf 87' lang='lat' dir='ltr'>circa</span> <span class='ocrx_word' id='word_1_182' title='bbox 703 2759 975 2818; x_wconf 86' lang='lat' dir='ltr'>conservacionem</span> <span class='ocrx_word' id='word_1_183' title='bbox 1008 2764 1039 2818; x_wconf 88' lang='lat' dir='ltr'>et</span> <span class='ocrx_word' id='word_1_184' title='bbox 1069 2759 1241 2818; x_wconf 91' lang='lat' dir='ltr'>custodiam</span> <span class='ocrx_word' id='word_1_185' title='bbox 1274 2759 1459 2817; x_wconf 89' lang='lat' dir='ltr'>municionis</span> <span class='ocrx_word' id='word_1_186' title='bbox 1481 2757 1660 2816; x_wconf 88' lang='lat' dir='ltr'>huiusmodi</span> 
     </span>
     <span class='ocr_line' id='line_1_22' title="bbox 397 2855 1658 2924; baseline 0.002 -5"><span class='ocrx_word' id='word_1_187' title='bbox 397 2875 495 2920; x_wconf 83' lang='lat' dir='ltr'>nouos</span> <span class='ocrx_word' id='word_1_188' title='bbox 517 2879 591 2922; x_wconf 90' lang='lat' dir='ltr'>usus</span> <span class='ocrx_word' id='word_1_189' title='bbox 614 2871 645 2922; x_wconf 91' lang='lat' dir='ltr'>et</span> <span class='ocrx_word' id='word_1_190' title='bbox 673 2879 818 2924; x_wconf 88' lang='lat' dir='ltr'>normam</span> <span class='ocrx_word' id='word_1_191' title='bbox 849 2864 975 2924; x_wconf 84' lang='lat' dir='ltr'>vivendi</span> <span class='ocrx_word' id='word_1_192' title='bbox 1005 2855 1160 2924; x_wconf 84' lang='lat' dir='ltr'>recentem</span> <span class='ocrx_word' id='word_1_193' title='bbox 1189 2864 1384 2924; x_wconf 87' lang='lat' dir='ltr'>introducere</span> <span class='ocrx_word' id='word_1_194' title='bbox 1406 2870 1437 2922; x_wconf 92' lang='lat' dir='ltr'>et</span> <span class='ocrx_word' id='word_1_195' title='bbox 1459 2866 1492 2924; x_wconf 89' lang='lat' dir='ltr'>in</span> <span class='ocrx_word' id='word_1_196' title='bbox 1515 2863 1658 2922; x_wconf 90' lang='lat' dir='ltr'>futurum</span> 
     </span>
     <span class='ocr_line' id='line_1_23' title="bbox 397 2967 1661 3044; baseline 0.003 -22"><span class='ocrx_word' id='word_1_197' title='bbox 397 2967 565 3028; x_wconf 79' lang='lat' dir='ltr'>valituram</span> <span class='ocrx_word' id='word_1_198' title='bbox 588 2970 728 3030; x_wconf 87' lang='lat' dir='ltr'>stabilire</span> <span class='ocrx_word' id='word_1_199' title='bbox 749 2975 903 3043; x_wconf 80' lang='lat' dir='ltr'>coguntur</span> <span class='ocrx_word' id='word_1_200' title='bbox 931 2975 962 3029; x_wconf 87' lang='lat' dir='ltr'>et</span> <span class='ocrx_word' id='word_1_201' title='bbox 990 2971 1161 3030; x_wconf 90' lang='lat' dir='ltr'>necessario</span> <span class='ocrx_word' id='word_1_202' title='bbox 1183 2971 1423 3044; x_wconf 86' lang='lat' dir='ltr'>compelluntur.</span> <span class='ocrx_word' id='word_1_203' title='bbox 1446 2969 1661 3041; x_wconf 88' lang='lat' dir='ltr'>Attendentes,</span> 
     </span>
     <span class='ocr_line' id='line_1_24' title="bbox 397 3074 1657 3150; baseline 0.002 -18"><span class='ocrx_word' id='word_1_204' title='bbox 397 3074 482 3148; x_wconf 91' lang='lat' dir='ltr'>quod</span> <span class='ocrx_word' id='word_1_205' title='bbox 505 3089 554 3134; x_wconf 90' lang='lat' dir='ltr'>res</span> <span class='ocrx_word' id='word_1_206' title='bbox 587 3091 668 3136; x_wconf 88' lang='lat' dir='ltr'>nova</span> <span class='ocrx_word' id='word_1_207' title='bbox 703 3083 733 3134; x_wconf 90' lang='lat' dir='ltr'>et</span> <span class='ocrx_word' id='word_1_208' title='bbox 763 3093 877 3149; x_wconf 87' lang='lat' dir='ltr'>recens,</span> <span class='ocrx_word' id='word_1_209' title='bbox 907 3078 998 3136; x_wconf 89' lang='lat' dir='ltr'>novis</span> <span class='ocrx_word' id='word_1_210' title='bbox 1028 3085 1059 3136; x_wconf 91' lang='lat' dir='ltr'>et</span> <span class='ocrx_word' id='word_1_211' title='bbox 1088 3078 1263 3136; x_wconf 89' lang='lat' dir='ltr'>recentibus</span> <span class='ocrx_word' id='word_1_212' title='bbox 1299 3075 1416 3150; x_wconf 85' lang='lat' dir='ltr'>indiget</span> <span class='ocrx_word' id='word_1_213' title='bbox 1438 3075 1657 3146; x_wconf 77' lang='lat' dir='ltr'>fundamentis,</span> 
     </span>
     <span class='ocr_line' id='line_1_25' title="bbox 397 3180 1660 3256; baseline 0.001 -16"><span class='ocrx_word' id='word_1_214' title='bbox 397 3180 544 3254; x_wconf 88' lang='lat' dir='ltr'>quodque</span> <span class='ocrx_word' id='word_1_215' title='bbox 566 3181 715 3255; x_wconf 89' lang='lat' dir='ltr'>laqueum</span> <span class='ocrx_word' id='word_1_216' title='bbox 738 3183 799 3241; x_wconf 91' lang='lat' dir='ltr'>sibi</span> <span class='ocrx_word' id='word_1_217' title='bbox 822 3195 919 3256; x_wconf 89' lang='lat' dir='ltr'>parat,</span> <span class='ocrx_word' id='word_1_218' title='bbox 942 3184 997 3256; x_wconf 91' lang='lat' dir='ltr'>qui</span> <span class='ocrx_word' id='word_1_219' title='bbox 1027 3183 1202 3242; x_wconf 88' lang='lat' dir='ltr'>municione</span> <span class='ocrx_word' id='word_1_220' title='bbox 1230 3187 1340 3256; x_wconf 87' lang='lat' dir='ltr'>erecta,</span> <span class='ocrx_word' id='word_1_221' title='bbox 1363 3182 1493 3242; x_wconf 90' lang='lat' dir='ltr'>eandem</span> <span class='ocrx_word' id='word_1_222' title='bbox 1516 3189 1660 3244; x_wconf 87' lang='lat' dir='ltr'>accurate</span> 
     </span>
     <span class='ocr_line' id='line_1_26' title="bbox 397 3285 1658 3363; baseline 0.002 -19"><span class='ocrx_word' id='word_1_223' title='bbox 397 3285 554 3346; x_wconf 88' lang='lat' dir='ltr'>custodire</span> <span class='ocrx_word' id='word_1_224' title='bbox 579 3288 794 3361; x_wconf 88' lang='lat' dir='ltr'>pretermittit;</span> <span class='ocrx_word' id='word_1_225' title='bbox 818 3305 889 3346; x_wconf 91' lang='lat' dir='ltr'>cum</span> <span class='ocrx_word' id='word_1_226' title='bbox 913 3289 1009 3361; x_wconf 82' lang='lat' dir='ltr'>igitur</span> <span class='ocrx_word' id='word_1_227' title='bbox 1030 3290 1167 3348; x_wconf 89' lang='lat' dir='ltr'>municio</span> <span class='ocrx_word' id='word_1_228' title='bbox 1191 3290 1332 3363; x_wconf 90' lang='lat' dir='ltr'>ipsorum</span> <span class='ocrx_word' id='word_1_229' title='bbox 1355 3288 1496 3363; x_wconf 89' lang='lat' dir='ltr'>predicta</span> <span class='ocrx_word' id='word_1_230' title='bbox 1518 3289 1583 3347; x_wconf 89' lang='lat' dir='ltr'>sine</span> <span class='ocrx_word' id='word_1_231' title='bbox 1606 3305 1658 3346; x_wconf 90' lang='lat' dir='ltr'>cu·</span> 
     </span>
     <span class='ocr_line' id='line_1_27' title="bbox 396 3391 1662 3468; baseline 0.002 -18"><span class='ocrx_word' id='word_1_232' title='bbox 396 3391 498 3452; x_wconf 88' lang='lat' dir='ltr'>stodia</span> <span class='ocrx_word' id='word_1_233' title='bbox 528 3399 559 3452; x_wconf 91' lang='lat' dir='ltr'>et</span> <span class='ocrx_word' id='word_1_234' title='bbox 588 3393 764 3454; x_wconf 86' lang='lat' dir='ltr'>defensione</span> <span class='ocrx_word' id='word_1_235' title='bbox 794 3401 875 3452; x_wconf 88' lang='lat' dir='ltr'>stare</span> <span class='ocrx_word' id='word_1_236' title='bbox 910 3401 940 3453; x_wconf 93' lang='lat' dir='ltr'>et</span> <span class='ocrx_word' id='word_1_237' title='bbox 973 3410 1156 3468; x_wconf 89' lang='lat' dir='ltr'>permanere</span> <span class='ocrx_word' id='word_1_238' title='bbox 1186 3395 1276 3454; x_wconf 88' lang='lat' dir='ltr'>nullo</span> <span class='ocrx_word' id='word_1_239' title='bbox 1310 3393 1405 3452; x_wconf 86' lang='lat' dir='ltr'>modo</span> <span class='ocrx_word' id='word_1_240' title='bbox 1435 3395 1540 3452; x_wconf 85' lang='lat' dir='ltr'>valeat</span> <span class='ocrx_word' id='word_1_241' title='bbox 1561 3409 1662 3468; x_wconf 90' lang='lat' dir='ltr'>neque</span> 
     </span>
     <span class='ocr_line' id='line_1_28' title="bbox 397 3499 1662 3574; baseline 0.001 -17"><span class='ocrx_word' id='word_1_242' title='bbox 397 3499 504 3572; x_wconf 89' lang='lat' dir='ltr'>possit,</span> <span class='ocrx_word' id='word_1_243' title='bbox 534 3499 596 3574; x_wconf 92' lang='lat' dir='ltr'>ipsi</span> <span class='ocrx_word' id='word_1_244' title='bbox 626 3515 750 3574; x_wconf 91' lang='lat' dir='ltr'>quoque</span> <span class='ocrx_word' id='word_1_245' title='bbox 780 3500 891 3558; x_wconf 88' lang='lat' dir='ltr'>fratres</span> <span class='ocrx_word' id='word_1_246' title='bbox 922 3502 1021 3559; x_wconf 90' lang='lat' dir='ltr'>nostri</span> <span class='ocrx_word' id='word_1_247' title='bbox 1043 3499 1083 3559; x_wconf 90' lang='lat' dir='ltr'>ad</span> <span class='ocrx_word' id='word_1_248' title='bbox 1106 3499 1237 3560; x_wconf 89' lang='lat' dir='ltr'>eandem</span> <span class='ocrx_word' id='word_1_249' title='bbox 1260 3499 1486 3559; x_wconf 86' lang='lat' dir='ltr'>defendendam</span> <span class='ocrx_word' id='word_1_250' title='bbox 1509 3505 1539 3559; x_wconf 89' lang='lat' dir='ltr'>et</span> <span class='ocrx_word' id='word_1_251' title='bbox 1561 3503 1662 3560; x_wconf 90' lang='lat' dir='ltr'>custo·</span> 
     </span>
     <span class='ocr_line' id='line_1_29' title="bbox 398 3605 1662 3681; baseline 0.003 -19"><span class='ocrx_word' id='word_1_252' title='bbox 398 3605 543 3664; x_wconf 88' lang='lat' dir='ltr'>diendam</span> <span class='ocrx_word' id='word_1_253' title='bbox 573 3607 639 3664; x_wconf 92' lang='lat' dir='ltr'>sine</span> <span class='ocrx_word' id='word_1_254' title='bbox 670 3606 860 3666; x_wconf 89' lang='lat' dir='ltr'>adminiculo</span> <span class='ocrx_word' id='word_1_255' title='bbox 891 3607 1044 3666; x_wconf 90' lang='lat' dir='ltr'>laicorum</span> <span class='ocrx_word' id='word_1_256' title='bbox 1072 3607 1258 3681; x_wconf 88' lang='lat' dir='ltr'>impotentes</span> <span class='ocrx_word' id='word_1_257' title='bbox 1288 3607 1428 3678; x_wconf 82' lang='lat' dir='ltr'>existant,</span> <span class='ocrx_word' id='word_1_258' title='bbox 1452 3605 1662 3666; x_wconf 88' lang='lat' dir='ltr'>desiderarent</span> 
     </span>
     <span class='ocr_line' id='line_1_30' title="bbox 397 3710 1660 3786; baseline 0.002 -18"><span class='ocrx_word' id='word_1_259' title='bbox 397 3710 571 3784; x_wconf 90' lang='lat' dir='ltr'>quinimmo</span> <span class='ocrx_word' id='word_1_260' title='bbox 605 3711 695 3770; x_wconf 89' lang='lat' dir='ltr'>bonis</span> <span class='ocrx_word' id='word_1_261' title='bbox 730 3719 760 3771; x_wconf 91' lang='lat' dir='ltr'>et</span> <span class='ocrx_word' id='word_1_262' title='bbox 794 3713 882 3771; x_wconf 92' lang='lat' dir='ltr'>iustis</span> <span class='ocrx_word' id='word_1_263' title='bbox 912 3728 948 3770; x_wconf 91' lang='lat' dir='ltr'>ac</span> <span class='ocrx_word' id='word_1_264' title='bbox 971 3713 1106 3786; x_wconf 88' lang='lat' dir='ltr'>tempori</span> <span class='ocrx_word' id='word_1_265' title='bbox 1135 3712 1207 3770; x_wconf 90' lang='lat' dir='ltr'>huic</span> <span class='ocrx_word' id='word_1_266' title='bbox 1241 3711 1449 3772; x_wconf 88' lang='lat' dir='ltr'>accomodatis</span> <span class='ocrx_word' id='word_1_267' title='bbox 1484 3717 1514 3770; x_wconf 90' lang='lat' dir='ltr'>et</span> <span class='ocrx_word' id='word_1_268' title='bbox 1537 3729 1660 3772; x_wconf 87' lang='lat' dir='ltr'>summe</span> 
     </span>
     <span class='ocr_line' id='line_1_31' title="bbox 396 3817 1660 3894; baseline 0.003 -20"><span class='ocrx_word' id='word_1_269' title='bbox 396 3817 575 3876; x_wconf 88' lang='lat' dir='ltr'>necessariis</span> <span class='ocrx_word' id='word_1_270' title='bbox 608 3817 784 3876; x_wconf 89' lang='lat' dir='ltr'>racionibus</span> <span class='ocrx_word' id='word_1_271' title='bbox 811 3817 930 3876; x_wconf 90' lang='lat' dir='ltr'>inducti</span> <span class='ocrx_word' id='word_1_272' title='bbox 964 3819 1236 3892; x_wconf 88' lang='lat' dir='ltr'>compellerentur,</span> <span class='ocrx_word' id='word_1_273' title='bbox 1272 3817 1310 3876; x_wconf 91' lang='lat' dir='ltr'>de</span> <span class='ocrx_word' id='word_1_274' title='bbox 1345 3832 1417 3876; x_wconf 89' lang='lat' dir='ltr'>area</span> <span class='ocrx_word' id='word_1_275' title='bbox 1440 3819 1606 3894; x_wconf 88' lang='lat' dir='ltr'>capitulari</span> <span class='ocrx_word' id='word_1_276' title='bbox 1629 3824 1660 3878; x_wconf 89' lang='lat' dir='ltr'>et</span> 
     </span>
     <span class='ocr_line' id='line_1_32' title="bbox 397 3923 1661 3999; baseline 0 -17"><span class='ocrx_word' id='word_1_277' title='bbox 397 3923 533 3996; x_wconf 75' lang='lat' dir='ltr'>promtis</span> <span class='ocrx_word' id='word_1_278' title='bbox 556 3923 649 3980; x_wconf 92' lang='lat' dir='ltr'>curiis</span> <span class='ocrx_word' id='word_1_279' title='bbox 681 3923 822 3998; x_wconf 90' lang='lat' dir='ltr'>ipsorum</span> <span class='ocrx_word' id='word_1_280' title='bbox 853 3925 1084 3982; x_wconf 90' lang='lat' dir='ltr'>canonicalibus</span> <span class='ocrx_word' id='word_1_281' title='bbox 1107 3924 1256 3999; x_wconf 90' lang='lat' dir='ltr'>predictis</span> <span class='ocrx_word' id='word_1_282' title='bbox 1286 3929 1356 3982; x_wconf 89' lang='lat' dir='ltr'>ante</span> <span class='ocrx_word' id='word_1_283' title='bbox 1386 3929 1416 3982; x_wconf 91' lang='lat' dir='ltr'>et</span> <span class='ocrx_word' id='word_1_284' title='bbox 1438 3931 1522 3982; x_wconf 87' lang='lat' dir='ltr'>retro</span> <span class='ocrx_word' id='word_1_285' title='bbox 1545 3929 1661 3982; x_wconf 89' lang='lat' dir='ltr'>certam</span> 
     </span>
     <span class='ocr_line' id='line_1_33' title="bbox 396 4011 1657 4104; baseline -0.001 -16"><span class='ocrx_word' id='word_1_286' title='bbox 396 4033 428 4088; x_wconf 86' lang='lat' dir='ltr'>et</span> <span class='ocrx_word' id='word_1_287' title='bbox 450 4029 618 4088; x_wconf 85' lang='lat' dir='ltr'>limitatam</span> <span class='ocrx_word' id='word_1_288' title='bbox 650 4011 771 4104; x_wconf 81' lang='lat' dir='ltr'>parte&#39;m</span> <span class='ocrx_word' id='word_1_289' title='bbox 804 4029 964 4102; x_wconf 85' lang='lat' dir='ltr'>seiungere</span> <span class='ocrx_word' id='word_1_290' title='bbox 994 4035 1024 4089; x_wconf 90' lang='lat' dir='ltr'>et</span> <span class='ocrx_word' id='word_1_291' title='bbox 1047 4036 1249 4103; x_wconf 88' lang='lat' dir='ltr'>sequestrare,</span> <span class='ocrx_word' id='word_1_292' title='bbox 1271 4044 1391 4088; x_wconf 88' lang='lat' dir='ltr'>necnon</span> <span class='ocrx_word' id='word_1_293' title='bbox 1414 4029 1454 4088; x_wconf 92' lang='lat' dir='ltr'>ad</span> <span class='ocrx_word' id='word_1_294' title='bbox 1477 4029 1657 4088; x_wconf 90' lang='lat' dir='ltr'>huiusmodi</span> 
     </span>
     <span class='ocr_line' id='line_1_34' title="bbox 398 4135 1660 4210; baseline 0.001 -17"><span class='ocrx_word' id='word_1_295' title='bbox 398 4141 520 4210; x_wconf 84' lang='lat' dir='ltr'>partem</span> <span class='ocrx_word' id='word_1_296' title='bbox 540 4137 710 4194; x_wconf 89' lang='lat' dir='ltr'>seiunctam</span> <span class='ocrx_word' id='word_1_297' title='bbox 733 4142 765 4194; x_wconf 88' lang='lat' dir='ltr'>et</span> <span class='ocrx_word' id='word_1_298' title='bbox 794 4141 1019 4208; x_wconf 86' lang='lat' dir='ltr'>sequestratam</span> <span class='ocrx_word' id='word_1_299' title='bbox 1042 4136 1183 4194; x_wconf 89' lang='lat' dir='ltr'>homines</span> <span class='ocrx_word' id='word_1_300' title='bbox 1207 4135 1303 4194; x_wconf 91' lang='lat' dir='ltr'>laicos</span> <span class='ocrx_word' id='word_1_301' title='bbox 1326 4135 1487 4210; x_wconf 90' lang='lat' dir='ltr'>utriusque</span> <span class='ocrx_word' id='word_1_302' title='bbox 1510 4151 1602 4194; x_wconf 86' lang='lat' dir='ltr'>sexus</span> <span class='ocrx_word' id='word_1_303' title='bbox 1623 4151 1660 4194; x_wconf 91' lang='lat' dir='ltr'>ac</span> 
     </span>
     <span class='ocr_line' id='line_1_35' title="bbox 397 4241 1660 4317; baseline -0.002 -17"><span class='ocrx_word' id='word_1_304' title='bbox 397 4243 495 4302; x_wconf 87' lang='lat' dir='ltr'>eciam</span> <span class='ocrx_word' id='word_1_305' title='bbox 517 4241 647 4302; x_wconf 89' lang='lat' dir='ltr'>clericos</span> <span class='ocrx_word' id='word_1_306' title='bbox 669 4249 699 4302; x_wconf 92' lang='lat' dir='ltr'>et</span> <span class='ocrx_word' id='word_1_307' title='bbox 721 4243 911 4317; x_wconf 89' lang='lat' dir='ltr'>presbiteros</span> <span class='ocrx_word' id='word_1_308' title='bbox 933 4241 1078 4300; x_wconf 90' lang='lat' dir='ltr'>inducere</span> <span class='ocrx_word' id='word_1_309' title='bbox 1094 4247 1124 4301; x_wconf 92' lang='lat' dir='ltr'>et</span> <span class='ocrx_word' id='word_1_310' title='bbox 1145 4242 1300 4300; x_wconf 86' lang='lat' dir='ltr'>collocare</span> <span class='ocrx_word' id='word_1_311' title='bbox 1323 4253 1508 4310; x_wconf 85' lang='lat' dir='ltr'>moraturos,</span> <span class='ocrx_word' id='word_1_312' title='bbox 1525 4243 1579 4314; x_wconf 90' lang='lat' dir='ltr'>qui</span> <span class='ocrx_word' id='word_1_313' title='bbox 1595 4247 1660 4300; x_wconf 88' lang='lat' dir='ltr'>tarn</span> 
     </span>
     <span class='ocr_line' id='line_1_36' title="bbox 397 4347 1660 4424; baseline -0.002 -16"><span class='ocrx_word' id='word_1_314' title='bbox 397 4349 544 4421; x_wconf 86' lang='lat' dir='ltr'>custodie,</span> <span class='ocrx_word' id='word_1_315' title='bbox 568 4366 662 4424; x_wconf 90' lang='lat' dir='ltr'>quam</span> <span class='ocrx_word' id='word_1_316' title='bbox 679 4349 848 4409; x_wconf 87' lang='lat' dir='ltr'>defensioni</span> <span class='ocrx_word' id='word_1_317' title='bbox 865 4348 1020 4423; x_wconf 91' lang='lat' dir='ltr'>predictis,</span> <span class='ocrx_word' id='word_1_318' title='bbox 1038 4348 1155 4406; x_wconf 90' lang='lat' dir='ltr'>eisdem</span> <span class='ocrx_word' id='word_1_319' title='bbox 1171 4347 1320 4406; x_wconf 91' lang='lat' dir='ltr'>fratribus</span> <span class='ocrx_word' id='word_1_320' title='bbox 1342 4348 1457 4406; x_wconf 88' lang='lat' dir='ltr'>nostris</span> <span class='ocrx_word' id='word_1_321' title='bbox 1479 4349 1660 4406; x_wconf 88' lang='lat' dir='ltr'>continuum</span> 
     </span>
     <span class='ocr_line' id='line_1_37' title="bbox 396 4454 1660 4532; baseline -0.002 -18"><span class='ocrx_word' id='word_1_322' title='bbox 396 4462 536 4530; x_wconf 88' lang='lat' dir='ltr'>prestare</span> <span class='ocrx_word' id='word_1_323' title='bbox 559 4463 684 4532; x_wconf 89' lang='lat' dir='ltr'>possent</span> <span class='ocrx_word' id='word_1_324' title='bbox 707 4457 929 4516; x_wconf 85' lang='lat' dir='ltr'>adiumentum:</span> <span class='ocrx_word' id='word_1_325' title='bbox 954 4455 1057 4529; x_wconf 84' lang='lat' dir='ltr'>Quare</span> <span class='ocrx_word' id='word_1_326' title='bbox 1081 4455 1293 4530; x_wconf 87' lang='lat' dir='ltr'>supplicatum</span> <span class='ocrx_word' id='word_1_327' title='bbox 1316 4454 1408 4512; x_wconf 90' lang='lat' dir='ltr'>nobis</span> <span class='ocrx_word' id='word_1_328' title='bbox 1431 4454 1531 4512; x_wconf 84' lang='lat' dir='ltr'>extitit</span> <span class='ocrx_word' id='word_1_329' title='bbox 1558 4454 1660 4512; x_wconf 87' lang='lat' dir='ltr'>humi·</span> 
     </span>
     <span class='ocr_line' id='line_1_38' title="bbox 396 4561 1659 4637; baseline -0.002 -17"><span class='ocrx_word' id='word_1_330' title='bbox 396 4563 468 4624; x_wconf 91' lang='lat' dir='ltr'>liter</span> <span class='ocrx_word' id='word_1_331' title='bbox 491 4579 548 4637; x_wconf 89' lang='lat' dir='ltr'>per</span> <span class='ocrx_word' id='word_1_332' title='bbox 571 4565 705 4636; x_wconf 90' lang='lat' dir='ltr'>eosdem,</span> <span class='ocrx_word' id='word_1_333' title='bbox 729 4569 763 4622; x_wconf 94' lang='lat' dir='ltr'>ut</span> <span class='ocrx_word' id='word_1_334' title='bbox 786 4561 1053 4637; x_wconf 89' lang='lat' dir='ltr'>quemadmodum</span> <span class='ocrx_word' id='word_1_335' title='bbox 1077 4562 1226 4620; x_wconf 89' lang='lat' dir='ltr'>ereccioni</span> <span class='ocrx_word' id='word_1_336' title='bbox 1250 4561 1434 4620; x_wconf 87' lang='lat' dir='ltr'>municionis</span> <span class='ocrx_word' id='word_1_337' title='bbox 1457 4575 1565 4619; x_wconf 86' lang='lat' dir='ltr'>eorum</span> <span class='ocrx_word' id='word_1_338' title='bbox 1589 4576 1659 4634; x_wconf 84' lang='lat' dir='ltr'>pre·</span> 
     </span>
     <span class='ocr_line' id='line_1_39' title="bbox 396 4667 1660 4742; baseline -0.003 -14"><span class='ocrx_word' id='word_1_339' title='bbox 396 4669 478 4728; x_wconf 89' lang='lat' dir='ltr'>dicte</span> <span class='ocrx_word' id='word_1_340' title='bbox 510 4671 739 4742; x_wconf 89' lang='lat' dir='ltr'>censensimus,</span> <span class='ocrx_word' id='word_1_341' title='bbox 763 4671 806 4728; x_wconf 89' lang='lat' dir='ltr'>ita</span> <span class='ocrx_word' id='word_1_342' title='bbox 829 4670 926 4728; x_wconf 90' lang='lat' dir='ltr'>eciam</span> <span class='ocrx_word' id='word_1_343' title='bbox 948 4667 1118 4726; x_wconf 89' lang='lat' dir='ltr'>defensioni</span> <span class='ocrx_word' id='word_1_344' title='bbox 1141 4667 1204 4726; x_wconf 91' lang='lat' dir='ltr'>iam</span> <span class='ocrx_word' id='word_1_345' title='bbox 1227 4683 1349 4726; x_wconf 90' lang='lat' dir='ltr'>summe</span> <span class='ocrx_word' id='word_1_346' title='bbox 1371 4667 1541 4726; x_wconf 85' lang='lat' dir='ltr'>necessarie</span> <span class='ocrx_word' id='word_1_347' title='bbox 1563 4673 1594 4726; x_wconf 92' lang='lat' dir='ltr'>et</span> <span class='ocrx_word' id='word_1_348' title='bbox 1614 4682 1660 4724; x_wconf 91' lang='lat' dir='ltr'>se-</span> 
     </span>
     <span class='ocr_line' id='line_1_40' title="bbox 396 4773 1660 4850; baseline -0.003 -16"><span class='ocrx_word' id='word_1_349' title='bbox 396 4775 544 4834; x_wconf 85' lang='lat' dir='ltr'>iunctioni</span> <span class='ocrx_word' id='word_1_350' title='bbox 562 4783 591 4834; x_wconf 92' lang='lat' dir='ltr'>et</span> <span class='ocrx_word' id='word_1_351' title='bbox 611 4776 851 4850; x_wconf 87' lang='lat' dir='ltr'>sequestracioni</span> <span class='ocrx_word' id='word_1_352' title='bbox 868 4774 1023 4850; x_wconf 90' lang='lat' dir='ltr'>predictis,</span> <span class='ocrx_word' id='word_1_353' title='bbox 1047 4788 1165 4831; x_wconf 89' lang='lat' dir='ltr'>necnon</span> <span class='ocrx_word' id='word_1_354' title='bbox 1187 4773 1351 4831; x_wconf 90' lang='lat' dir='ltr'>hominum</span> <span class='ocrx_word' id='word_1_355' title='bbox 1373 4773 1526 4832; x_wconf 90' lang='lat' dir='ltr'>laicorum</span> <span class='ocrx_word' id='word_1_356' title='bbox 1548 4773 1660 4832; x_wconf 90' lang='lat' dir='ltr'>utrius·</span> 
     </span>
     <span class='ocr_line' id='line_1_41' title="bbox 397 4878 1660 4956; baseline -0.005 -15"><span class='ocrx_word' id='word_1_357' title='bbox 397 4897 459 4956; x_wconf 91' lang='lat' dir='ltr'>que</span> <span class='ocrx_word' id='word_1_358' title='bbox 482 4897 575 4940; x_wconf 89' lang='lat' dir='ltr'>sexus</span> <span class='ocrx_word' id='word_1_359' title='bbox 598 4881 819 4940; x_wconf 90' lang='lat' dir='ltr'>introductioni</span> <span class='ocrx_word' id='word_1_360' title='bbox 842 4887 872 4938; x_wconf 89' lang='lat' dir='ltr'>et</span> <span class='ocrx_word' id='word_1_361' title='bbox 894 4880 1045 4938; x_wconf 91' lang='lat' dir='ltr'>locacioni</span> <span class='ocrx_word' id='word_1_362' title='bbox 1068 4885 1209 4938; x_wconf 89' lang='lat' dir='ltr'>nostrum</span> <span class='ocrx_word' id='word_1_363' title='bbox 1232 4879 1416 4938; x_wconf 88' lang='lat' dir='ltr'>benivolum</span> <span class='ocrx_word' id='word_1_364' title='bbox 1439 4880 1570 4954; x_wconf 88' lang='lat' dir='ltr'>prebere</span> <span class='ocrx_word' id='word_1_365' title='bbox 1594 4878 1660 4952; x_wconf 82' lang='lat' dir='ltr'>dig·</span> 
     </span>
     <span class='ocr_line' id='line_1_42' title="bbox 395 4972 1660 5062; baseline -0.003 -14"><span class='ocrx_word' id='word_1_366' title='bbox 395 5003 543 5048; x_wconf 88' lang='lat' dir='ltr'>naremur</span> <span class='ocrx_word' id='word_1_367' title='bbox 564 5003 757 5060; x_wconf 91' lang='lat' dir='ltr'>consensum,</span> <span class='ocrx_word' id='word_1_368' title='bbox 780 4987 896 5062; x_wconf 89' lang='lat' dir='ltr'>pariter</span> <span class='ocrx_word' id='word_1_369' title='bbox 927 4997 957 5044; x_wconf 91' lang='lat' dir='ltr'>et</span> <span class='ocrx_word' id='word_1_370' title='bbox 988 5001 1158 5046; x_wconf 89' lang='lat' dir='ltr'>assensum.</span> <span class='ocrx_word' id='word_1_371' title='bbox 1189 4985 1253 5044; x_wconf 94' lang='lat' dir='ltr'>Nos</span> <span class='ocrx_word' id='word_1_372' title='bbox 1284 4986 1379 5058; x_wconf 81' lang='lat' dir='ltr'>igitur</span> <span class='ocrx_word' id='word_1_373' title='bbox 1402 4983 1557 5044; x_wconf 89' lang='lat' dir='ltr'>Osualdus</span> <span class='ocrx_word' id='word_1_374' title='bbox 1579 4972 1660 5059; x_wconf 84' lang='lat' dir='ltr'>epis·</span> 
     </span>
    </p>
   </div>
   <div class='ocr_carea' id='block_1_3' title="bbox 0 0 1918 5822">
    <p class='ocr_par' dir='ltr' id='par_1_3' title="bbox 0 0 1918 5822">
     <span class='ocr_line' id='line_1_43' title="bbox 0 0 1918 5822; baseline 0 2"><span class='ocrx_word' id='word_1_375' title='bbox 0 0 1918 5822; x_wconf 95' lang='lat' dir='ltr'> </span> 
     </span>
    </p>
   </div>
  </div>
 </body>
</html>
