3930 5802
741 561 814 618 Dec.
836 569 902 635 ιη.
927 591 970 605 -
993 559 1049 616 An.
1074 571 1164 636 1439.
1514 574 1570 629 1¹15

311 776 379 834 ritis
395 769 599 855 (quod-nobis
616 777 648 834 in
663 765 795 852 octavis)
810 774 894 832 beati
909 774 1058 858 Johanrtis
1082 773 1217 848 baptiste
1239 789 1373 832 unacum
1396 772 1525 846 prelatis
1548 776 1578 830 et

311 882 490 953 baronibus,
511 882 660 956 regnique
683 882 781 939 nostri
803 881 985 954 proceribus
1009 895 1067 955 pro
1093 879 1234 938 faciendo
1250 880 1447 938 causantibus
1462 877 1577 956 judicio

311 986 508 1047 moderativo
531 1003 590 1063 pro
614 987 764 1046 tribunali
787 986 1032 1058 consedentibus,
1055 986 1248 1049 honorabilis
1283 987 1430 1059 magister
1459 985 1577 1057 Petrus,

311 1093 409 1152 lector
432 1094 682 1168 wesprimiensis,
705 1092 906 1166 eiusdemque
930 1097 960 1151 et
975 1093 1181 1165 zagrabiensis
1198 1093 1398 1152 ecclesiarum
1415 1092 1578 1152 canonicus

310 1214 370 1273 pro
392 1200 570 1258 honorabili
591 1199 730 1273 capitulo
752 1199 851 1273 ipsius
873 1199 1082 1272 zagrabiensis
1105 1199 1233 1256 ecclesie
1256 1213 1331 1256 cum·
1357 1199 1578 1273 procuratoriis

311 1305 422 1364 litteris
452 1305 592 1364 eiusdem
616 1349 901 1365 ..........
925 1305 1078 1378 quasdam
1108 1305 1228 1363 litteras
1258 1305 1391 1364 condam
1421 1304 1578 1378 magnifici

311 1411 432 1470 comitis
455 1412 589 1470 Mathius
613 1411 650 1469 de
673 1411 815 1470 Palowcz
836 1408 946 1485 judicis
969 1411 1052 1469 curie
1075 1411 1207 1469 condam
1238 1410 1357 1470 domini
1389 1409 1578 1486 sigismundi

312 1519 526 1577 Romanorum
549 1518 747 1592 imperatoris
770 1522 800 1575 et
823 1517 898 1574 dicti
920 1518 1008 1590 regni
1030 1517 1188 1590 Hungarie
1211 1518 1292 1590 regis
1312 1518 1577 1591 proclamatorias,

314 1625 408 1697 Bude,
443 1625 599 1684 tricesimo
633 1627 721 1682 sexto
745 1623 795 1681 die
817 1629 999 1682 octavarum
1024 1622 1094 1680 festi
1116 1623 1199 1681 beati
1220 1623 1380 1682 Michaelis
1402 1621 1580 1697 archangeli

312 1746 393 1790 anno
418 1731 536 1790 domini
553 1731 722 1790 millesimo
740 1729 1045 1803 quadringentesimo
1062 1729 1218 1788 tricesimo
1238 1735 1350 1804 quarto
1366 1731 1470 1790 clause
1485 1725 1578 1810 (ema-

310 1831 411 1915 natas)
434 1885 440 1896 .
465 1885 470 1896 .
493 1884 499 1896 .
526 1883 534 1898 .
557 1839 648 1897 nobis
671 1838 871 1912 presentavit,
895 1838 1113 1911 exprimentes,
1138 1837 1222 1910 quod
1246 1836 1398 1910 Georgius
1415 1838 1578 1896 canonicus

312 1945 440 2002 ecclesie
474 1944 680 2017 zagrabiensis
716 1958 774 2018 pro
809 1944 992 2002 honorabili
1027 1944 1164 2018 capitulo
1195 1943 1334 2002 eiusdem
1357 1945 1484 2004 ecclesie
1507 1960 1578 2002 cum

305 2051 539 2124 procuratoriis
572 2051 684 2108 litteris
718 2049 857 2110 eiusdem
893 2051 979 2108 iuxta
1013 2051 1219 2110 continencias
1252 2050 1431 2108 litterarum
1465 2050 1579 2124 prelati

317 2158 440 2214 comitis
452 2158 586 2215 Mathius
595 2158 880 2231 prorogatoriarum
897 2158 929 2216 in
941 2157 1059 2216 octavis
1076 2156 1146 2215 festi
1162 2157 1245 2216 beati
1268 2158 1428 2215 Michaelis
1451 2159 1579 2218 archan·

314 2263 378 2335 geli
393 2264 425 2321 in
440 2278 520 2321 anno
536 2263 654 2321 domini
669 2263 840 2322 millesimo
855 2263 1161 2336 quadringentesimo
1185 2264 1340 2322 tricesimo
1357 2265 1453 2322 tercio
1477 2270 1578 2336 prete·

311 2369 379 2427 ritis
411 2369 442 2427 in
475 2369 576 2442 figura
598 2367 705 2445 judicii
738 2369 877 2428 eiusdem
901 2361 1033 2448 (comitis
1058 2361 1204 2446 Mathius)
1226 2370 1445 2443 comparendo,
1469 2378 1577 2428 contra

312 2475 514 2550 Stephanum,
538 2476 640 2533 filium
663 2476 832 2548 Michaelis,
856 2481 936 2547 tunc,
961 2475 1153 2548 Michaelem,
1177 2476 1280 2534 filium
1302 2476 1484 2549 Sebastiani,
1516 2479 1578 2536 An-

313 2581 455 2640 thonium
478 2583 630 2653 Italicum,
665 2582 819 2640 Briccium
853 2582 1091 2656 Dombrensem,
1114 2583 1241 2640 Petrum
1264 2584 1457 2656 Hungarum,
1482 2583 1578 2642 Geor·

311 2689 398 2762 gium
422 2695 574 2748 sartorem
598 2693 628 2746 et
650 2689 823 2760 Nicolaum,
840 2690 917 2746 alias
933 2687 1058 2765 judices,
1074 2705 1193 2748 necnon
1209 2689 1379 2748 Fabianum
1397 2691 1577 2760 litteratum,

312 2795 429 2867 Friehe,
460 2796 608 2868 Blasium,
639 2795 742 2854 tilium
774 2796 954 2868 Vythezych
985 2801 1014 2854 et
1037 2795 1216 2868 Georgium,
1241 2795 1343 2854 filium
1366 2797 1520 2855 Francisci
1542 2812 1578 2854 ac

312 2902 392 2959 alios
415 2899 542 2977 juratos,
579 2903 673 2974 cives,
696 2903 834 2975 hospites
857 2907 887 2960 et
910 2907 1007 2960 totam
1031 2903 1285 2962 communitatem
1309 2903 1443 2962 civitatis
1465 2904 1578 2964 montis

313 3007 497 3066 Grechensis
521 3008 559 3065 de
581 3005 669 3084 juxta
691 3007 885 3079 Zagrabiam‚
910 3007 1062 3082 quasdam
1085 3009 1204 3066 litteras
1227 3015 1345 3066 vestras
1367 3009 1578 3083 inquisitorias

312 3118 343 3171 et
365 3114 556 3172 evocatorias
580 3113 662 3172 dicto
686 3113 813 3172 domino
836 3115 903 3186 regi
926 3113 963 3170 ad
988 3129 1080 3171 suurn
1104 3115 1226 3186 regium
1249 3115 1469 3174 litteratorium
1493 3131 1579 3176 man·

313 3217 420 3276 datum
454 3220 630 3293 rescriptas,
665 3232 802 3276 asserens
837 3220 995 3278 accionem
1026 3225 1056 3278 et
1080 3221 1330 3293 proposiclonem
1353 3219 1427 3279 dicti
1450 3221 1579 3295 capituli

313 3325 425 3382 litteris
449 3327 599 3384 contineri
621 3327 654 3386 in
676 3325 801 3397 eisdem,
826 3326 909 3384 dicto
932 3327 1039 3384 comiti
1064 3328 1200 3384 Mathius
1231 3333 1446 3402 presentasset,
1477 3327 1579 3386 decla-

313 3438 427 3503 rantes,
440 3432 525 3506 quod
538 3432 668 3504 Blasius,
684 3432 768 3489 filius
784 3433 940 3490 Benedicti
955 3432 994 3490 de
1009 3432 1233 3505 Therzthenyk,
1249 3435 1360 3506 regius,
1378 3449 1413 3490 ac
1429 3433 1579 3512 discretus

315 3538 364 3595 vir
399 3536 560 3610 Georgius,
585 3538 739 3611 presbiter
763 3539 850 3596 chori
873 3539 1001 3596 ecclesie
1035 3544 1137 3596 vestre
1172 3537 1310 3612 predicte
1344 3539 1578 3613 prebendarius

312 3647 423 3714 vester,
448 3644 597 3715 homines
621 3643 659 3700 ad
683 3644 805 3716 regium
827 3645 1048 3702 litteratorium
1078 3642 1261 3702 mandatum
1284 3645 1466 3716 transmissi,
1501 3644 1579 3704 teria

312 3755 422 3822 quarta
456 3750 600 3824 proxima
634 3755 704 3822 post
740 3749 927 3808 dominicam
959 3749 1246 3823 Ramispalmarum
1280 3750 1312 3808 in
1346 3765 1426 3809 anno
1460 3751 1578 3810 domini

311 3855 482 3914 millesimo
498 3855 803 3930 quadringentesimo
819 3858 977 3916 tricesimo
1004 3855 1138 3914 secundo
1162 3857 1350 3930 praealtam,
1374 3859 1405 3916 in
1429 3860 1579 3917 comitatu

311 3962 504 4034 zagrabiensi
532 3962 752 4037 procedentes,
783 3963 823 4020 ab
859 3964 1004 4022 omuibus
1039 3964 1152 4036 quibus
1186 3963 1339 4021 decuisset
1371 3969 1400 4022 et
1434 3963 1578 4037 licuisset,

312 4067 419 4141 palam
441 4074 471 4126 et
494 4069 614 4128 occulte
638 4068 802 4142 diligenter
817 4069 1010 4142 inquirendo,
1026 4070 1122 4128 talem
1142 4069 1181 4127 de
1196 4068 1400 4143 infrascriptis
1419 4071 1579 4130 scivissent

312 4173 495 4232 veritatem:
531 4175 615 4248 quod
652 4191 723 4234 cum
758 4175 835 4234 teria
870 4181 980 4250 quarta
1014 4183 1084 4234 ante
1119 4175 1232 4234 festum
1264 4175 1493 4236 Purificacionis
1516 4179 1579 4236 vir-

312 4279 392 4350 ginis
414 4281 550 4352 gloriose
571 4282 603 4339 in
625 4296 706 4340 anno
729 4281 848 4340 domini
882 4281 1052 4340 millesimo
1085 4283 1390 4356 quadringentesimo
1421 4284 1578 4342 tricesimo

311 4386 446 4458 septimo
468 4389 662 4461 preteritum,
679 4389 871 4448 honorabilis
895 4388 1039 4448 dominus
1062 4389 1215 4472 Johannes
1240 4396 1347 4449 cantor
1369 4395 1399 4448 et
1414 4391 1578 4449 canonicus

312 4492 438 4550 ecclesie
461 4495 670 4566 zagrabiensis
695 4502 757 4553 tres
781 4495 949 4554 familiares
970 4510 1050 4568 suos,
1068 4495 1213 4554 videlieet
1228 4513 1325 4556 unum
1341 4498 1578 4569 mercenarium,

312 4596 477 4657 Nicolaum
501 4602 633 4672 nomine,
659 4617 716 4675 pro
741 4601 921 4660 inducendis
945 4607 975 4660 et
992 4602 1195 4676 apportandis
1212 4602 1304 4676 lignis
1322 4605 1354 4662 in
1369 4609 1463 4678 portu
1478 4603 1578 4662 insule

312 4703 388 4762 dicti
410 4706 541 4778 capituli
563 4707 661 4791 Jarun
683 4713 792 4766 vocate
816 4725 873 4782 pro
897 4725 955 4766 usu
978 4709 1062 4768 curie
1085 4708 1160 4767 dicti
1183 4708 1303 4770 domini
1325 4710 1459 4768 cantoris
1492 4720 1578 4782 agre·

310 4811 389 4882 gatis
413 4817 443 4869 et
465 4814 617 4886 repositis,
640 4829 712 4872 cum
736 4814 857 4873 duobus
881 4817 969 4889 equis
991 4821 1021 4874 et
1043 4831 1105 4874 uno
1128 4817 1282 4890 vehicula,
1303 4818 1382 4875 alios
1399 4833 1473 4876 vero
1489 4816 1577 4888 duos,

313 4917 458 4976 videlicet
481 4919 674 4990 Michaelem,
698 4921 801 4980 filium
824 4923 964 4981 Demetri
988 4922 1027 4982 de
1050 4923 1226 4982 Adamolch
1249 4929 1278 4982 et
1311 4923 1505 4999 Stephanum
1539 4923 1578 4980 de

312 5021 526 5084 Sub-Kemlek
547 5037 607 5099 'pro
631 5027 722 5086 certis
745 5029 808 5087 suis
830 5031 965 5102 negociis
982 5030 1182 5106 expediendis
1198 5031 1237 5089 ad
1254 5031 1427 5106 predictam
1442 5031 1578 5090 insulam
