3948 5804
421 533 480 592 118
847 529 919 588 Doc.
939 501 991 604 92:
1013 563 1057 574 —-
1079 530 1127 588 An
1160 541 1248 608 1435.

417 747 623 824 precipientes
663 748 868 821 mandamus,
911 753 1062 823 quatenus
1095 753 1235 808 vestrum
1269 749 1400 808 mittatis
1432 748 1593 807 hominem
1624 762 1683 823 pro

418 855 595 916 testimonio
628 854 841 928 fidedignnm,
884 870 946 929 quo
978 859 1120 930 presente
1153 853 1316 914 ladislaus
1358 855 1460 916 Thoot
1501 854 1540 913 de
1581 853 1682 914 Zwm·

417 961 548 1035 aedwar,
568 962 622 1020 vel
656 960 811 1034 Nicolaus,
846 961 930 1020 filius
963 961 1085 1019 Nicolai
1118 960 1157 1018 de
1189 959 1321 1034 Greben,
1353 967 1407 1020 aut
1427 961 1572 1045 Jacobus,
1596 961 1683 1020 filius

417 1067 566 1151 Johannis
589 1066 627 1126 de
654 1067 772 1140 eadem,
805 1083 860 1126 ceu
891 1067 1043 1140 Georgius
1067 1071 1097 1125 et
1119 1067 1282 1152 Johannes,
1305 1067 1365 1126 filii
1384 1067 1512 1126 alterius
1534 1067 1683 1148 Johanuis

418 1173 457 1232 de
492 1172 576 1232 dicta
610 1174 743 1247 Greben‚
779 1175 826 1232 sin
859 1175 1023 1257 Johannes,
1059 1172 1146 1230 filius
1178 1173 1326 1255 Johannis
1355 1172 1393 1232 de
1423 1172 1612 1244 Brezouicza,
1636 1174 1684 1234 sin

421 1278 583 1353 Georgius,
618 1279 702 1362 frilius
733 1280 818 1340 Iwan
853 1279 891 1338 de
929 1278 1053 1352 eadem,
1086 1294 1164 1338 neve
1198 1277 1391 1354 Stephanae,
1430 1278 1514 1336 filius
1560 1278 1682 1340 Nicolai

421 1385 459 1446 de
493 1385 623 1458 eadem,
656 1402 712 1444 ceu
746 1387 909 1446 ladislaus
944 1385 1079 1460 Zaloych
1115 1385 1153 1442 de
1183 1383 1355 1458 Egidowcz,
1388 1384 1458 1444 aliis
1493 1384 1683 1456 absentibus,

419 1495 515 1551 homo
556 1497 679 1564 noster,
722 1492 761 1550 ad
804 1492 915 1550 faciem
956 1491 1094 1566 predicte
1130 1491 1264 1549 civitatis
1303 1491 1416 1549 montis
1456 1489 1617 1549 Grecensis
1651 1496 1683 1549 et

418 1615 547 1660 suarum
578 1599 839 1673 pertinenciarum
869 1598 978 1657 vicinis
1012 1603 1041 1654 et
1076 1598 1295 1656 commetaneis
1328 1597 1394 1656 suis
1428 1597 1582 1655 universis
1604 1597 1683 1654 inibi

418 1705 574 1778 legittime
599 1706 775 1763 convocatis
798 1710 829 1762 et
851 1703 1046 1779 presentibus
1066 1702 1249 1774 accedendo,
1272 1702 1455 1775 reambulet,
1479 1701 1604 1760 easdem
1627 1719 1684 1776 per

420 1827 491 1870 suas
514 1826 604 1870 veras
627 1817 725 1870 metas
755 1812 906 1884 antiquas,
936 1825 1033 1868 novas
1067 1810 1153 1868 iuxta
1184 1815 1304 1868 veteres
1335 1810 1366 1867 in
1397 1809 1475 1867 locis
1504 1809 1683 1868 necessariis

419 1916 573 1990 erigendo,
596 1916 869 1989 reambulatasque
892 1920 922 1974 et
944 1916 985 1974 ab
1008 1915 1143 1974 aliorum
1167 1913 1287 1991 juribus
1310 1915 1558 1989 possessionariis
1586 1919 1683 1972 meta-

416 2026 489 2084 liter
511 2028 668 2098 separatas
689 2027 720 2082 et
742 2022 901 2082 distinctas
923 2022 1079 2096 relinquat
1101 2020 1217 2080 eisdem
1244 2019 1348 2097 judici,
1375 2019 1483 2097 juratis
1513 2021 1683 2102 ceterisque

418 2131 539 2190 civibus
562 2136 592 2188 et
614 2130 724 2188 incolis
745 2134 881 2202 pretacte
904 2128 1037 2186 civitatis
1067 2135 1171 2185 nostre
1201 2124 1268 2200 jure
1291 2127 1368 2201 ipsis
1389 2127 1587 2186 incumbente
1609 2142 1680 2200 per·

418 2243 511 2311 petue
540 2234 751 2311 possidendas,
780 2236 808 2292 si
836 2250 898 2292 non
928 2233 1021 2291 suerit
1054 2232 1299 2303 contradictum;
1327 2232 1568 2292 contradictores
1591 2246 1676 2301 vero,

418 2345 445 2402 si
480 2344 533 2417 qui
567 2342 690 2410 fuerint,
725 2347 833 2398 evocet
866 2340 951 2414 ipsos
982 2343 1089 2396 contra
1110 2339 1196 2413 ipsos
1217 2337 1363 2414 judicem,
1387 2337 1513 2414 juratos,
1539 2339 1623 2396 cives
1646 2352 1682 2396 ac

418 2450 579 2508 universos
601 2448 740 2522 hospites
763 2447 794 2506 in
818 2446 1009 2521 presenciam
1033 2445 1120 2518 regui
1142 2445 1241 2503 nostri
1262 2443 1425 2504 Sclauonie
1440 2445 1514 2504 bani
1529 2445 1562 2503 in
1577 2443 1684 2502 sedem

419 2555 650 2628 zagrabiensem
662 2552 701 2612 ad
714 2553 883 2612 terminum
894 2557 1121 2626 competentem
1132 2552 1289 2612 racionem
1304 2551 1559 2610 contradiccionis
1575 2565 1684 2610 eorum

418 2659 606 2724 reddituros.
629 2659 667 2718 Et
689 2663 761 2734 post
783 2659 840 2718 hec
861 2658 1041 2718 huiusmodi
1063 2657 1323 2718 reambulacionis
1346 2663 1377 2715 et
1400 2663 1554 2716 metarum
1570 2657 1681 2716 erecci·

419 2767 486 2828 onis
509 2766 621 2825 seriem
644 2780 716 2824 cum
735 2765 878 2824 cursibus
899 2770 1054 2824 metarum
1078 2765 1158 2824 inibi
1179 2764 1405 2838 erigendarum,
1420 2763 1683 2824 contradictorum

419 2879 449 2934 et
472 2877 681 2944 evocatorum,
705 2873 809 2944 siqui
834 2870 956 2942 fuerint
980 2886 1016 2930 ac
1039 2872 1213 2930 vicinorum
1243 2876 1274 2929 et
1304 2877 1598 2943 commetaneorum,
1629 2871 1684 2945 qui

417 2980 569 3054 premisse
602 2977 846 3038 reambulacioni
879 2978 1050 3036 intererunt
1079 2978 1266 3050 nominibus,
1297 2977 1491 3051 terminoque
1519 2977 1683 3050 assignato,

417 3086 508 3144 nobis
530 3085 666 3144 fideliter
689 3084 873 3143 rescribatis.
896 3084 1013 3142 Datum
1037 3085 1162 3144 Posonii
1195 3083 1272 3143 feria
1303 3074 1422 3158 quarta
1444 3084 1589 3158 proxima
1612 3089 1681 3142 ante

418 3191 533 3250 festum
551 3191 634 3250 beati
656 3190 781 3248 Martini
803 3190 942 3264 episcopi
964 3197 995 3249 et
1017 3189 1208 3249 confessoris.
1244 3191 1334 3249 Anno
1363 3189 1482 3250 domini
1513 3189 1683 3248 millesimo

419 3298 722 3372 quadringentesimo
737 3297 894 3356 tricesimo
910 3299 1026 3370 quinto.
1042 3297 1221 3370 Regnorum
1235 3303 1414 3356 nostrorum
1429 3309 1509 3354 anno
1524 3295 1682 3369 Hungarie

420 3411 477 3464 etc.
494 3403 642 3464 XLVIIII.
665 3405 877 3463 Romanorum
893 3403 1004 3468 XXVI.
1016 3405 1162 3464 Bohemie
1177 3405 1340 3480 sedecimo,
1353 3405 1477 3479 imperii
1490 3419 1564 3464 vero
1579 3403 1682 3464 tercio.

525 3514 571 3580 (A
590 3517 686 3580 tergo).
711 3509 871 3569 Fidelibus
893 3511 1007 3569 nostris
1042 3511 1181 3586 capitulo
1203 3512 1330 3570 ecclesie
1361 3511 1443 3570 Albe
1473 3510 1595 3582 regalis,
1625 3523 1683 3584 pro

418 3615 521 3694 judice
543 3633 579 3676 ac
601 3615 709 3692 juratis
730 3617 901 3690 ceterisque
924 3617 1045 3676 civibus
1076 3617 1209 3676 civitatis
1239 3623 1344 3676 nostre
1373 3618 1487 3676 montis
1517 3614 1679 3675 Grecensis

419 3724 458 3783 de
480 3724 640 3798 Zagrabia„
663 3723 926 3782 Reambulatoria.

525 3859 658 3925 originale
677 3861 705 3910 in
723 3860 817 3912 charta
837 3860 866 3908 A
885 3867 958 3926 tergo
975 3861 1114 3927 vestigium
1137 3861 1257 3926 impressi
1282 3859 1362 3926 sigilli
1380 3859 1492 3914 maioris.
1526 3861 1560 3910 Iu
1586 3859 1683 3911 archiv.

418 3949 465 4004 lib.
484 3965 537 4014 reg.
556 3950 626 4002 civit.
644 3949 745 4014 aagrab.

1019 4126 1079 4194 92.

524 4252 605 4302 Anno
628 4263 703 4318 1435,
726 4251 765 4304 16.
785 4251 944 4304 Decembris.
965 4253 997 4300 Iu
1015 4251 1149 4302 Prodavic.

418 4361 580 4422 Mathaeus
607 4361 737 4420 Yalovac
759 4361 859 4433 banus,
888 4362 1023 4420 omnibus
1051 4361 1211 4420 hominibus
1232 4361 1461 4435 posscssionum,
1490 4363 1544 4437 qui
1572 4362 1683 4421 tributa

418 4459 519 4524 tenent,
542 4450 671 4522 mandat,
693 4469 728 4509 ne
752 4449 935 4526 Sigismundi
954 4452 1030 4525 regit
1042 4453 1132 4527 jussu
1155 4469 1175 4509 a
1199 4450 1306 4508 ciuibus
1327 4448 1566 4525 zagrcbiensibus
1589 4453 1682 4510 ullum

910 4540 1047 4598 tributam
1069 4541 1195 4614 exigant.

523 4663 651 4726 Mathlro
673 4663 712 4724 de
734 4663 891 4724 Tallowcz
914 4666 1002 4739 regni
1020 4664 1183 4726 Sclauonie
1199 4665 1305 4726 banus.
1328 4664 1489 4725 Universis
1504 4671 1535 4726 et
1549 4667 1682 4745 singulis

417 4770 578 4836 nobilibus
600 4777 630 4830 et
653 4771 780 4830 alterius
803 4773 939 4830 cuiusvis
962 4776 1059 4831 status
1075 4771 1149 4830 dicti
1166 4773 1254 4845 regni
1268 4771 1432 4832 Sclauonie
1448 4776 1682 4845 possessionatis

417 4877 598 4938 hominibus
630 4878 745 4936 tributa
776 4878 912 4936 ubilibet
942 4879 1116 4938 tenentibus
1146 4885 1177 4938 et
1199 4879 1386 4938 habentibus
1410 4881 1606 4953 presencium
1626 4897 1682 4942 no·

418 4984 523 5044 liciam
555 4983 709 5044 habituris
742 4984 875 5043 salutem
910 5001 980 5043 cum
1015 4985 1191 5046 dileccione.
1225 4986 1271 5044 Ex
1301 4985 1413 5046 litteris
1445 4983 1563 5046 domini
1585 4988 1683 5048 nostri
