3948 5804
836 527 908 582 Dec.
927 539 982 601 34.
1007 558 1048 566 -
1074 525 1128 580 An.
1154 538 1243 600 1423.

716 631 823 636 ,--.-
1019 631 1065 634 .—
1144 631 1192 634 --,
1262 630 1347 636 .-.-
1378 625 1470 635 .-ι-Δ
1487 630 1665 636 --——-—-

1005 825 1068 889 34.

506 985 586 1034 Anno
608 996 683 1047 1423,
712 983 751 1034 16.
768 984 849 1047 Junii.
870 983 1016 1046 Zagrubiue.

407 1112 606 1170 Cornsuum'tas
630 1113 702 1170 cinit
728 1111 831 1169 nannetis
860 1111 1010 1168 Grecensts
1032 1129 1126 1169 corono
1149 1112 1283 1168 cornitulo
1305 1111 1488 1184 zagrubiensi
1500 1111 1533 1168 de
1553 1111 1665 1186 quibus-

400 1218 466 1274 dum
494 1220 553 1275 suis
573 1217 797 1291 possessionibus
820 1236 839 1273 o
863 1215 1046 1289 Szgzsmundo
1069 1235 1134 1289 rege
1156 1216 1298 1274 nobilibus
1319 1217 1354 1274 de
1376 1217 1505 1275 Miloni
1523 1225 1554 1275 et
1575 1215 1670 1274 Suscd

875 1323 1040 1380 condonatis
1062 1329 1186 1382 recusat.

509 1485 571 1542 Nos
596 1485 748 1557 Georgius
773 1489 802 1542 et
824 1469 1062 1543 Bartlr'olomeus
1085 1483 1214 1541 comites
1236 1483 1453 1556 zagrabienses
1480 1498 1516 1540 ac
1546 1479 1664 1557 judices

401 1591 555 1649 nobilium
591 1590 731 1648 eiusdem
766 1591 937 1648 comitatus.
962 1591 1111 1647 Memoria
1142 1589 1398 1647 commendamus
1419 1605 1475 1662 per
1497 1595 1663 1663 presentes,

399 1697 484 1770 quod
506 1697 596 1754 nobis
619 1696 649 1754 iu
673 1697 791 1754 octavis
814 1694 883 1754 festi
907 1695 1122 1753 penthecostes
1146 1696 1177 1752 in
1201 1695 1273 1753 sede
1302 1699 1406 1753 nostra
1423 1693 1585 1772 judiciaria
1603 1709 1661 1768 pro

400 1802 541 1861 faciendo
564 1802 763 1859 causantibus
786 1801 981 1858 moderativo
1004 1799 1120 1877 judicio
1143 1817 1277 1860 unacum
1307 1802 1394 1874 regni
1424 1801 1584 1859 nobilibus
1617 1817 1663 1858 se·

399 1909 552 1980 dentibus,
576 1907 726 1966 discretus
749 1909 797 1966 vir
821 1907 965 1965 dominus
990 1907 1108 1965 Blasius
1132 1908 1285 1982 plebanus
1306 1909 1435 1966 ecclesie
1452 1906 1662 1965 sanctilllarci

399 2015 578 2074 incivitate
602 2015 716 2072 montis
739 2014 902 2072 Grecensls
924 2013 963 2072 de
985 2012 1072 2090 juxta
1095 2013 1281 2087 Zagrabiam
1314 2021 1488 2073 constructe
1519 2029 1555 2072 ac
1585 2014 1663 2072 civis

398 2121 437 2180 de
459 2121 576 2192 eadem,
600 2126 741 2179 nostrum
764 2126 794 2178 et
824 2119 979 2178 dictorum
1013 2122 1101 2193 regni
1134 2121 1290 2179 nobilium
1324 2120 1522 2198 judiciarium
1555 2120 1662 2179 adiens

398 2235 597 2301 conspectum
621 2229 651 2285 in
675 2242 730 2286 sua
753 2243 788 2284 ae
812 2225 931 2303 judicis,
954 2225 1129 2302 juratorum
1153 2233 1184 2285 et
1206 2229 1425 2286 universorum
1449 2229 1566 2286 civium
1590 2270 1597 2283 .
1623 2272 1631 2288 .
1656 2273 1662 2286 .

398 2333 537 2392 eiusdem
560 2333 693 2392 civitatis
716 2333 864 2407 personis,
888 2333 978 2390 nobis
1004 2349 1060 2407 per
1084 2333 1214 2391 modum
1237 2336 1472 2408 protestacionis
1496 2339 1526 2393 et
1550 2335 1662 2392 inhibi-

398 2433 494 2499 cionis
527 2439 702 2514 significare
736 2439 866 2510 curavit,
901 2438 1059 2512 quomodo
1094 2439 1308 2498 serenissimus
1339 2441 1483 2515 princeps
1516 2440 1661 2499 dominus

398 2545 616 2619 sigismundus
632 2546 681 2604 dei
697 2547 801 2618 gracia
818 2545 1029 2603 Romanorum
1047 2561 1111 2616 rex,
1128 2561 1252 2619 semper
1267 2555 1424 2618 augustus,
1447 2562 1482 2605 ac
1494 2548 1661 2620 Hungarie‚

400 2651 555 2724 Bohemie,
578 2652 747 2723 Dalmacie,
772 2651 898 2709 Croacie
921 2656 980 2711 etc.
996 2667 1059 2722 rex,
1083 2650 1227 2709 dominus
1246 2657 1351 2709 noster
1366 2653 1524 2726 naturalis,
1542 2669 1661 2726 posses·

397 2759 498 2816 slones
521 2757 704 2816 eorumdem
727 2758 843 2815 civium
867 2763 897 2814 et
912 2757 1158 2816 communitatis:
1184 2757 1358 2828 Kralewch,
1383 2758 1549 2832 Kobilyak,
1573 2759 1662 2831 Zwy-

396 2865 480 2938 blya,
505 2865 613 2935 Narth,
636 2863 826 2922 Novalmuch
849 2863 926 2921 alias
943 2863 1043 2936 Cerya
1068 2871 1200 2936 vocatas,
1219 2880 1317 2939 prope
1333 2865 1507 2938 Bosyalrow
1522 2865 1661 2936 habitas;

396 2971 470 3028 item
494 2971 589 3029 villas
612 2987 667 3028 seu
691 2971 900 3044 possessiones
921 2970 1063 3042 Dedichi,
1081 2970 1208 3043 Bythek,
1227 2971 1360 3029 Nouaczi
1376 2977 1406 3029 et
1422 2979 1538 3029 ceteras
1554 2986 1661 3028 omnes

397 3079 605 3149 possessiones
629 3076 730 3135 eidem
754 3077 871 3135 civitati
894 3081 924 3134 et
947 3076 1086 3134 eiusdem
1120 3078 1241 3135 civibus
1266 3094 1321 3152 per
1352 3078 1442 3135 divos
1464 3093 1552 3150 reges
1575 3078 1660 3135 Hun-

395 3183 481 3254 garie
505 3185 644 3255 graciose
668 3183 755 3241 datas
778 3187 809 3240 et
824 3189 1023 3257 perpetuatas
1038 3182 1209 3242 reverendo
1225 3186 1257 3242 in
1280 3183 1405 3242 Christo
1429 3185 1510 3258 patri
1534 3183 1660 3242 domino

395 3288 527 3370 Johanni
551 3291 698 3363 episcopo
729 3288 879 3347 moderno
910 3290 1102 3362 zagrabiensi
1133 3306 1168 3348 ac
1189 3291 1370 3365 Rodolpho,
1397 3291 1471 3348 liliis
1501 3290 1659 3365 Rodolphi

395 3393 434 3452 de
457 3395 561 3453 Alban
584 3401 614 3453 et
637 3395 675 3453 de
696 3394 899 3466 Medwewar;
923 3391 1001 3453 item
1025 3398 1233 3470 possessiones
1264 3414 1317 3456 seu
1349 3397 1444 3455 villas
1478 3395 1659 3455 eorumdem

395 3502 511 3559 civium
535 3507 565 3560 et
588 3503 820 3560 communitatis
843 3497 1026 3575 Petr'owina,
1051 3503 1215 3576 Hraschya
1245 3511 1275 3562 et
1309 3502 1509 3577 Silyakouina
1543 3519 1659 3561 nuncu-

395 3612 491 3680 patas,
509 3609 592 3666 ultra
615 3607 745 3666 fluvium
766 3607 856 3666 Zawe
879 3609 1015 3680 situatas,
1038 3609 1198 3667 nobilibus
1221 3611 1298 3668 viris
1329 3609 1482 3678 Ladisla0,
1516 3608 1582 3667 filio
1608 3609 1658 3666 Ni·

393 3713 474 3772 colai
496 3715 600 3772 Thoth
623 3719 653 3772 et
675 3715 817 3797 Johanni‚
842 3713 911 3772 filio
934 3714 1104 3785 Laureucii,
1121 3715 1265 3774 similiter
1281 3716 1385 3774 Thoth
1402 3715 1440 3773 de
1457 3715 1659 3774 Zumzedwar

391 3822 432 3878 ab
456 3822 533 3895 ipsis
556 3821 677 3879 civibus
700 3825 731 3878 et
754 3821 976 3878 communitate
999 3821 1173 3892 alienando,
1198 3822 1342 3894 dedisset,
1366 3822 1510 3880 donasset
1533 3830 1564 3881 et
1587 3839 1657 3897 per-

392 3933 487 4001 petuo
519 3927 699 3986 contulisset
732 3927 765 3984 in
798 3926 1006 4001 preludicium
1041 3929 1250 3987 universitatis
1285 3929 1440 3988 dictorum
1475 3930 1592 3988 civium
1629 3937 1661 3988 et

392 4033 565 4108 dampnum
586 4033 679 4092 valde
702 4049 858 4106 magnum.
877 4033 966 4093 Unde
982 4033 1062 4092 facta
1078 4035 1258 4094 huiusmodi
1276 4037 1501 4110 protestacione
1517 4037 1658 4111 prefatus

393 4139 537 4199 dominus
561 4140 682 4198 Blasius
705 4141 858 4215 plebanus
881 4155 937 4198 suo
961 4145 990 4198 et
1006 4141 1192 4212 nominibus,
1210 4142 1324 4215 quibus
1340 4158 1442 4216 supra,
1460 4149 1658 4216 prenotatum

392 4244 555 4304 dominum
579 4253 719 4304 nostrum
743 4245 979 4320 Sigismundum
1001 4263 1107 4320 regem
1131 4249 1171 4306 ab
1195 4247 1376 4307 huiusmodi
1399 4248 1577 4320 donacione,
1594 4251 1657 4308 col·

392 4353 511 4410 lacione
545 4359 576 4410 et
610 4354 850 4427 perpetuacione
885 4353 1097 4428 predictarum
1132 4355 1362 4428 possessionum
1394 4361 1424 4412 et
1447 4355 1596 4413 villarum
1620 4371 1655 4416 ae

391 4439 574 4517 'cunctarum
598 4460 859 4533 pertinenciarum
882 4459 1073 4531 earumdem,
1098 4465 1287 4519 memoratos
1310 4475 1386 4518 vero
1419 4461 1580 4519 dominum
1604 4463 1657 4543 Jo-

392 4565 526 4623 hannem
549 4565 732 4638 episcopum
755 4580 791 4622 ac
814 4564 1025 4639 Rodolphum,
1050 4565 1134 4624 filios
1150 4567 1319 4641 Rodolphi,
1343 4581 1460 4626 necnon
1476 4565 1657 4626 Ladislaum

391 4675 422 4728 et
443 4671 617 4752 Johannem
640 4671 744 4729 Thoth
767 4673 807 4729 ab
831 4673 1046 4746 occupacione,
1070 4672 1256 4744 detencione‚
1289 4675 1494 4748 usurpaclone
1531 4681 1560 4733 et
1594 4675 1658 4732 alia

392 4777 503 4849 quavis
526 4791 618 4834 causa
640 4777 679 4834 ad
704 4793 736 4836 se
759 4779 938 4852 recepcione
974 4794 1009 4836 ac
1039 4795 1162 4851 usuum,
1193 4779 1351 4838 fructuum
1383 4784 1412 4837 et
1444 4781 1659 4854 quarumlibet

391 4883 561 4940 utilitatum
584 4883 766 4942 earumdem
789 4886 993 4959 percepcione
1016 4892 1046 4943 et
1061 4885 1327 4960 percipifaccione,
1344 4886 1484 4960 aliosque
1500 4888 1659 4960 quoslibet

390 5005 423 5045 se
446 4990 477 5047 in
498 4989 672 5047 dominium
695 4991 835 5065 ipsarum
860 4991 1089 5066 possessionum
1114 5008 1149 5050 ac
1176 4993 1325 5050 villarum
1350 4997 1381 5050 et
1395 4993 1657 5067 pertinenciarum
