3828 5822
668 501 740 560 Doc.
759 510 834 578 305.
856 533 900 544 -
922 499 979 558 An.
1003 495 1094 578 1476.
1447 514 1508 576 3⁷9

245 717 454 781 conventuum
477 718 691 794 predictorum
712 717 974 776 monasteriorum
998 717 1181 774 instanciam
1213 717 1298 774 iuxta
1327 714 1510 773 mandatum

243 827 433 888 sanctissimi
456 827 488 885 in
512 825 636 883 Christo
660 824 757 897 patris
780 827 810 880 et
833 822 953 880 domini
976 821 1063 894 sixti,
1088 822 1193 882 divina
1214 821 1414 898 providencia
1429 837 1510 896 pape

245 935 356 1010 quarti,
379 935 471 994 nobis
494 931 611 990 iactum
635 945 729 1004 super
751 930 811 988 hoc
833 946 890 1004 per
913 930 1041 988 eosdem
1064 929 1168 988 debite
1191 934 1221 987 et
1243 930 1383 1001 legitime
1406 930 1510 1003 requi·

243 1038 303 1114 siti,
325 1047 419 1116 prout
441 1041 501 1099 hoc
523 1041 555 1097 in
585 1039 654 1096 aliis
690 1037 802 1096 litteris
835 1037 949 1095 nostris
980 1037 1147 1110 superinde
1179 1036 1417 1110 privilegialiter
1439 1050 1510 1093 con·

243 1148 332 1207 fectis
354 1163 390 1205 ac
410 1146 493 1220 apud
518 1151 585 1203 acta
609 1159 698 1202 cause
721 1143 871 1217 presentis
896 1143 1014 1216 largius
1043 1143 1210 1216 comperiri
1234 1148 1344 1216 potest,
1375 1141 1510 1215 quedam

244 1253 411 1327 privilegia
441 1251 633 1320 libertatum,
665 1249 921 1322 exempcionum,
945 1249 1194 1321 concessionum,
1230 1249 1509 1322 prerogativarum,

243 1360 426 1434 graciarum·
454 1357 557 1416 eidem
591 1355 693 1414 ordini
727 1370 784 1428 per
817 1354 950 1414 eundem
981 1354 1144 1414 dominum
1174 1359 1325 1425 nostrum,
1348 1353 1510 1411 dominum

244 1465 367 1525 Sixtum
390 1479 507 1540 papam
530 1477 674 1521 concessa
699 1467 729 1518 et
752 1460 936 1520 confirmata
959 1476 994 1518 ac
1017 1476 1074 1534 per
1097 1460 1175 1520 alios
1199 1460 1403 1544 quamplures
1425 1474 1511 1532 sumf

244 1588 313 1631 mos
344 1570 515 1647 pontifices,
547 1567 781 1643 predecessores
811 1582 891 1640 suos,
922 1567 1065 1628 similiter
1089 1582 1242 1638 concessa,
1265 1566 1378 1625 nostris
1398 1565 1510 1624 litteris

243 1678 400 1752 predictis,
432 1674 671 1750 privilegialiter
701 1673 856 1746 confectis,
889 1673 1065 1746 inserentes,
1087 1674 1120 1732 iu
1150 1673 1253 1732 valvis
1277 1672 1359 1730 alme
1382 1671 1510 1730 ecclesie

244 1783 453 1858 zagrabiensis
484 1788 515 1839 et
549 1780 636 1844 alias,
668 1779 722 1838 ubi
753 1778 785 1836 id
816 1779 983 1854 expediens
1015 1779 1103 1850 foret,
1128 1779 1287 1854 publicari
1314 1777 1494 1836 fecissemus
1502 1795 1510 1848 ;

246 1887 489 1964 quibusquidem
520 1886 631 1944 litteris
661 1886 775 1944 nostris
798 1885 945 1958 predictis
968 1901 1025 1960 per
1047 1885 1228 1960 religiosum
1253 1886 1355 1947 virum
1381 1883 1510 1942 fratrem

243 1995 416 2080 Johannem
440 1994 596 2052 dictorum
618 1992 879 2050 monasteriorum
902 1993 1046 2056 similiter
1069 1997 1306 2066 procuratorem
1327 2006 1433 2049 coram
1455 2003 1510 2049 n0··

244 2103 324 2160 tario
348 2106 378 2160 et
407 2101 537 2159 testibus
568 2100 601 2156 in
631 2099 734 2156 valvis
765 2097 845 2157 dicte
875 2098 1004 2158 ecclesie
1024 2099 1234 2172 zagrabiensis
1257 2099 1366 2157 diebus
1389 2095 1511 2154 decima

242 2222 332 2279 uuna,
356 2207 504 2264 vicesima
527 2211 556 2263 et
579 2205 727 2264 vicesima
751 2205 854 2278 prima
878 2206 991 2265 mensis
1015 2206 1146 2278 Augusti
1175 2205 1318 2278 extensis
1345 2203 1450 2262 affixis
1480 2207 1511 2262 et

243 2313 412 2388 publicatis
436 2327 472 2370 ac
494 2310 670 2386 perplures
695 2311 856 2370 canonicos
879 2319 909 2369 et
929 2312 1088 2370 ministros
1103 2313 1201 2386 ipsius
1217 2311 1354 2383 ecclesie,
1370 2287 1512 2384 aliasque

244 2435 392 2495 personas
423 2418 559 2490 idoneas,
583 2417 665 2490 visis,
688 2418 777 2476 lectis
799 2423 830 2476 et
852 2419 1017 2479 intellectis
1039 2420 1091 2490 sic,
1115 2419 1210 2481 uide
1233 2415 1411 2477 huiusmodi
1426 2416 1507 2474 litte·

243 2543 351 2584 rarum
373 2530 561 2599 nostrarum,
576 2524 676 2581 immo
696 2524 800 2584 verius
816 2524 1066 2598 ‘apostolicarum
1090 2525 1306 2599 publicacione
1321 2522 1409 2582 nulla
1423 2523 1508 2595 igno·

243 2634 348 2692 rancia
378 2632 481 2706 potuit
512 2637 542 2688 et
571 2645 628 2688 nec
651 2635 753 2704 potest
775 2631 919 2704 pretendi
941 2637 993 2692 aut
1015 2631 1254 2706 quomodolibet
1275 2631 1415 2703 allegari,
1437 2633 1510 2687 tunc

244 2737 372 2812 quidam
395 2737 511 2795 Paulus
540 2744 683 2808 assertus,
718 2737 951 2796 archidiaconus
972 2738 1200 2797 varasdinensis
1222 2743 1252 2796 et
1275 2736 1439 2796 canonicus
1461 2749 1509 2792 za-

244 2843 426 2916 grabiensis,
455 2843 555 2902 veluti
582 2841 615 2899 id
645 2857 684 2900 ex
716 2843 843 2916 querela
866 2843 1061 2918 prelatorum
1084 2844 1187 2904 fratris
1210 2842 1370 2902 Michaelis
1393 2841 1508 2916 prioris

244 2955 274 3009 et
295 2949 444 3033 Johaunis
467 2948 687 3021 intelleximus,
717 2948 918 3022 displicenter
947 2951 980 3010 in
1002 2952 1174 3026 reprobum
1197 2965 1322 3010 sensum
1345 2948 1456 3006 ductus
1477 2949 1510 3008 in

245 3073 299 3115 sue
321 3057 430 3114 salutis
463 3055 647 3131 periculum,
670 3060 846 3114 nostrarum
878 3073 973 3131 quam
1003 3059 1101 3118 immo
1131 3059 1236 3117 verius
1266 3055 1510 3130 apostolicarum

242 3163 419 3221 litterarum
451 3168 711 3235 etprocessuum
733 3163 914 3222 huiusmodi
938 3171 1151 3239 contemptum
1175 3171 1205 3223 et
1228 3165 1387 3234 iacturam,
1413 3161 1509 3219 dicto-

241 3285 375 3342 rumque
407 3268 538 3326 fratrum
570 3271 601 3324 et
630 3268 728 3342 ipsius
758 3269 876 3327 ordinis
907 3270 1114 3343 preiudicium
1145 3275 1176 3330 et
1205 3268 1389 3327 scandalum
1412 3267 1509 3326 maui-

243 3374 366 3446 festum,
389 3379 512 3433 nostros
535 3374 713 3434 huiusmodi
737 3391 899 3449 processus
922 3393 979 3451 per
1002 3378 1107 3435 omnia
1130 3376 1361 3451 vilipendendo,
1385 3374 1423 3432 de
1442 3389 1509 3432 ma·

244 3483 337 3540 nibus
371 3481 446 3538 dicti
480 3480 585 3539 fratris
616 3481 765 3564 Johaunis
800 3483 1000 3556 extrahend0,
1036 3485 1141 3558 ipsum
1172 3483 1301 3541 fratrem
1334 3483 1509 3566 Johannem

242 3588 348 3645 verbis
371 3586 526 3645 iniuriosis
551 3602 587 3644 ac
608 3586 673 3644 sedi
697 3589 867 3661 apostolice
891 3590 1079 3663 derogativis
1103 3589 1249 3663 afficiens,
1265 3589 1457 3650 abstullisset
1472 3603 1508 3645 ac

243 3692 360 3750 eisdem
383 3693 548 3766 spoliasset
571 3698 600 3749 et
624 3693 655 3750 in
678 3695 862 3754 execucione
884 3711 940 3754 sua
962 3697 1138 3771 plurimum
1160 3698 1315 3756 turbasset
1339 3701 1454 3755 temere
1478 3699 1509 3754 et

243 3799 403 3858 violenter.
427 3798 532 3872 Quare
554 3813 612 3871 pro
637 3804 725 3872 parte
748 3801 902 3860 dictorum
924 3802 1058 3862 fratrum
1082 3803 1242 3862 Michaelis
1265 3803 1378 3878 prioris
1402 3808 1432 3861 et
1454 3803 1505 3886 Jo-

242 3905 351 3964 hannis
374 3920 410 3962 ac
433 3904 550 3962 ordinis
574 3905 787 3978 predictorum
809 3907 900 3966 nobis
923 3909 1084 3968 humiliter
1107 3910 1207 3968 extitit
1229 3909 1450 3984 supplicatum,
1474 3915 1508 3968 ut

242 4017 347 4069 contra
380 4009 536 4084 prefatum
569 4011 701 4069 Paulum
735 4013 985 4073 archidiaconum
1019 4021 1050 4074 et
1072 4017 1254 4074 canonicum
1277 4017 1363 4076 iuxta
1388 4016 1454 4074 vim
1478 4021 1508 4077 et

244 4116 382 4174 formam
414 4115 569 4175 dictorum
593 4119 834 4192 privilegiorum
857 4123 1110 4195 apostolicorum,
1142 4122 1282 4197 predicto
1312 4122 1414 4181 ordini
1437 4137 1508 4180 con·

242 4238 408 4295 cessorum,
425 4223 601 4296 procedere,
625 4239 661 4284 ac
684 4226 760 4299 ipsis
783 4227 822 4285 de
843 4225 920 4303 juris
942 4229 1082 4288 remedio
1106 4230 1306 4303 dignaremur
1322 4233 1506 4304 opportuno.

240 4328 331 4388 Unde
354 4329 484 4402 dignum
507 4333 553 4388 est
575 4335 611 4390 ut
633 4339 740 4390 contra
763 4333 840 4392 tales
862 4334 931 4393 iura
954 4335 1122 4409 insurgant,
1139 4329 1217 4414 (qui)
1234 4334 1355 4394 tentate
1377 4335 1506 4409 propria

239 4434 309 4509 ipsa
337 4436 406 4492 iura
435 4435 468 4494 in
498 4437 561 4496 suis
591 4437 745 4497 limitibus
767 4440 854 4499 iuxta
877 4442 958 4500 vires
981 4457 1053 4500 suas
1086 4441 1354 4516 nephandissimas
1369 4442 1507 4502 minime

239 4541 397 4599 voluerint
412 4542 589 4615 observare,
606 4549 636 4601 et
648 4545 720 4618 quia
731 4546 818 4604 iuxta
834 4547 1058 4606 continenciam
1068 4548 1248 4606 huiusmodi
1263 4547 1505 4621 privilegiorum

240 4647 485 4721 apostolicorum
501 4653 531 4706 et
548 4649 645 4722 ipsius
660 4652 758 4710 nostri
773 4633 936 4726 processus
959 4669 1012 4712 seu
1035 4655 1133 4713 nostri
1149 4654 1269 4729 publici
1285 4653 1377 4712 edicti
1400 4659 1507 4712 contra

240 4753 397 4826 prelatum
434 4754 568 4814 Paulum
598 4757 850 4817 archidiaconum
882 4765 912 4818 et
946 4762 1127 4842 canonicum
1161 4760 1200 4818 ad
1235 4760 1507 4818 denunciacionem

240 4861 573 4920 excommunicacionis
596 4863 658 4921 late
681 4865 833 4924 sentencie
855 4871 884 4924 et
907 4866 968 4924 alia
992 4868 1173 4940 gravamina
1195 4868 1227 4925 in
1248 4865 1427 4925 huiusmodi
1443 4866 1506 4940 pri·

240 4967 363 5040 vilegiis
386 4969 567 5041 apostolicis
583 4969 732 5029 disercius
748 4977 888 5030 contenta
904 4975 1016 5032 merito
1032 4973 1200 5049 procedere
1215 4989 1386 5048 possemus,
1403 4979 1506 5032 tamen
