3736 5826
619 605 692 666 Doc.
710 619 743 681 3.
767 638 811 648 -
834 606 890 662 Aa.
916 619 1004 682 1401.
1426 625 1443 682 3

124 829 226 887 super
252 817 445 888 premissis
475 827 546 878 acta
567 826 597 877 et
633 821 803 878 salubriter
827 819 977 894 disposita
1006 821 1186 880 omnimode
1217 821 1445 880 confirmantes.

125 920 162 977 ln
199 923 297 979 cuius
339 923 396 982 rei
439 927 634 985 memoriam
667 926 911 998 firmitatemque
935 934 1119 1000 perpetuam
1142 935 1301 1000 presentes
1324 934 1446 986 nostras

125 1026 374 1102 privilegiales
401 1031 538 1091 litteras
561 1037 692 1107 propter
714 1033 891 1090 absenciam
915 1033 1012 1105 sigilli
1043 1034 1140 1092 nostri
1172 1034 1307 1106 maioris,
1340 1035 1447 1107 sigillo

126 1139 243 1192 nostro
267 1138 444 1197 annulari
469 1140 661 1214 appensione
684 1139 828 1210 munitas,
852 1137 937 1211 quod
961 1139 1100 1198 eiusdem
1122 1140 1247 1198 roboris
1271 1155 1307 1197 ac
1328 1141 1446 1200 valoris

129 1257 200 1298 esse
226 1246 520 1318 pronunciamus,
544 1247 723 1304 memoratis
747 1245 882 1303 dominis
913 1245 1128 1319 prebendariis
1159 1245 1307 1304 duximus
1339 1263 1446 1306 couce-

130 1345 268 1406 dendas.
287 1349 433 1410 Datum
460 1352 611 1426 Zagrabie
634 1351 769 1410 secundo
793 1351 842 1409 die
859 1351 929 1409 festi
944 1351 1189 1426 Epiphaniamm
1206 1352 1333 1412 domini.
1356 1355 1446 1412 Anno

132 1453 289 1513 eiusdem
315 1458 513 1517 millesimo
536 1457 840 1532 quadringentesimo
864 1457 976 1531 primo.

250 1593 279 1641 E
301 1601 488 1661 transumpto
507 1596 614 1661 capituli
632 1595 733 1659 zagrab.
753 1595 822 1646 iacto
849 1609 916 1643 auno
946 1607 1019 1660 1520.
1050 1597 1082 1644 Iu
1109 1595 1220 1644 archivo
1246 1611 1302 1646 ven.
1332 1593 1446 1659 Capituli

136 1682 343 1744 zagrabiensis.
368 1685 442 1736 Act.
461 1685 525 1751 Cap.
544 1693 596 1735 aut.
615 1687 677 1736 fasc.
698 1683 739 1748 76.
759 1701 797 1735 nr.
818 1697 858 1748 34.

794 1881 830 1945 3.

258 2019 356 2070 Anno
382 2034 460 2084 1401,
484 2033 524 2084 13.
542 2021 635 2074 martii.
654 2021 802 2084 Zagrabiae.

150 2143 374 2208 Communitas
407 2149 533 2206 civitates
556 2149 658 2206 montis
687 2146 843 2207 Grecensis
866 2164 962 2204 caram
986 2147 1112 2221 capitulo
1135 2145 1326 2220 aagrabaaasi
1345 2153 1446 2202 contra

149 2249 399 2325 Sagrismundum
423 2274 516 2329 regem
539 2255 574 2312 de
588 2254 818 2329 possessionibus
840 2253 958 2311 Hras'c‘a
981 2261 1009 2310 et
1029 2253 1199 2324 Petrooino,
1214 2271 1289 2327 quoe
1304 2250 1447 2310 nobilibus

519 2362 553 2418 de
576 2359 671 2419 Sascd
690 2361 865 2420 condonatae
886 2367 962 2430 sunt,
984 2367 1106 2419 recusat.

270 2520 345 2580 Nos
372 2523 548 2596 capitulum
571 2523 699 2580 ecclesie
718 2524 927 2596 zagrabiensis
950 2523 1101 2580 memorie
1125 2520 1385 2580 commendamus
1403 2526 1446 2578 te-

163 2639 242 2684 nore
264 2630 475 2702 presencium
499 2631 612 2703 quibus
635 2629 762 2703 expedit
790 2629 957 2687 universis:
983 2627 1067 2702 quod
1099 2627 1224 2702 providi
1251 2633 1281 2685 et
1312 2628 1442 2684 circum·

162 2736 267 2806 specti
295 2737 365 2794 viri
387 2736 552 2819 Johannes,
575 2735 659 2794 filius
681 2736 790 2819 Jacobi
814 2735 888 2793 dicti
912 2735 1016 2808 Boiye,
1036 2739 1065 2792 et
1082 2735 1162 2792 alter
1176 2733 1338 2817 Johannes,
1355 2733 1440 2790 filius

161 2835 321 2913 Stephani
350 2841 388 2898 de
411 2841 533 2912 Bozow‚
557 2843 644 2915 olym
674 2839 801 2918 judices,
833 2842 916 2899 cives
947 2841 1080 2899 civitatis
1104 2839 1217 2897 montis
1249 2838 1445 2910 Grechensis,

164 2943 197 3001 in
221 2945 377 3020 ipsorum
399 2963 435 3005 ac
457 2945 575 3023 judicis,
598 2945 770 3023 juratorum
794 2955 825 3006 et
847 2949 1065 3006 universorum
1082 2945 1198 3004 civium
1214 2945 1353 3003 eiusdem
1370 2945 1445 3002 civi·

170 3051 244 3109 tatis
268 3053 419 3127 personis
441 3053 647 3128 personaliter
670 3069 776 3112 coram
798 3055 889 3112 nobis
912 3051 1121 3127 comparendo
1145 3067 1201 3125 per
1223 3050 1354 3109 modum
1370 3065 1445 3125 pro·

169 3161 356 3218 testacionis
380 3167 410 3217 et
433 3160 657 3234 prohibicionis
687 3161 777 3218 nobis
808 3160 982 3234 significare
1014 3163 1207 3230 curaverunt,
1239 3157 1322 3230 quod
1352 3161 1445 3230 prout

173 3262 233 3336 ipsi
258 3262 368 3339 judex,
390 3265 484 3342 jurati
506 3283 542 3324 ac
564 3267 701 3324 universi
725 3267 808 3324 cives
840 3266 920 3324 dicte
952 3265 1085 3324 civitatis
1117 3265 1333 3339 percepissent,
1364 3279 1445 3320 sere·

176 3369 329 3429 nissirnus
352 3373 496 3446 princeps
519 3379 549 3429 et
572 3371 716 3430 dominus
739 3379 843 3430 noster
865 3371 1024 3442 naturalis,
1050 3370 1195 3428 dominus
1218 3367 1443 3442 sigismundus,

174 3473 223 3533 dei
246 3479 354 3551 gracia
376 3495 432 3536 rex
454 3479 621 3552 Hungarie,
655 3479 815 3536 Dalmacie
840 3484 870 3536 et
901 3477 1028 3536 Croacie
1062 3483 1117 3535 etc.
1151 3491 1268 3534 necnon
1304 3474 1443 3532 marchio

180 3579 489 3656 Brandenburgensis
524 3589 579 3644 etc.
614 3585 765 3658 quasdam
800 3584 876 3642 duas
910 3585 1003 3642 villas
1037 3583 1212 3655 Petrouyna
1243 3587 1273 3638 et
1304 3580 1444 3638 Hrascha

179 3691 366 3763 appellatas,
389 3705 425 3748 ac
448 3706 542 3748 unam
566 3691 793 3766 possessionem
816 3689 1026 3762 Sylyakouina
1062 3695 1205 3746 vocatam
1233 3688 1264 3744 in
1296 3686 1444 3744 comitatu

179 3797 371 3868 zagrabiensi
394 3797 517 3854 habitas
540 3803 570 3854 et
594 3798 766 3869 existentes
791 3797 963 3855 venerabili
987 3797 1055 3853 viro
1073 3795 1199 3852 domino
1216 3793 1443 3866 Christophoro

182 3896 341 3976 preposito
365 3902 404 3960 de
427 3901 611 3976 Glogoncha
634 3909 664 3960 et
688 3904 837 3976 magistro
869 3902 1005 3974 Nicolao,
1041 3901 1114 3958 filiis
1149 3899 1278 3957 condam
1315 3899 1444 3970 Nicolai,

182 4003 256 4066 dicti
290 4009 393 4066 Thoth
428 4008 466 4065 de
500 4007 712 4067 Zwmzedwar
746 4009 897 4080 donasset,
935 4007 1114 4066 contulisset
1144 4011 1237 4080 atque
1258 4011 1444 4079 perpetuare

181 4113 276 4172 vellet
311 4119 342 4171 et
374 4115 524 4172 niteretur
558 4116 590 4172 in
624 4115 741 4188 grande
773 4114 979 4189 preiudicium
1013 4111 1088 4188 juris
1119 4110 1237 4188 judicis,
1270 4110 1443 4188 juratorum

180 4231 213 4275 ac
233 4221 454 4278 universorum
477 4221 594 4278 civium
606 4223 896 4296 prenominatorum
912 4225 942 4278 et
958 4218 1156 4294 dispendium
1174 4218 1267 4276 valde
1282 4233 1442 4290 magnum.

182 4321 267 4383 Unde
291 4325 373 4384 facta
396 4327 576 4385 huiusmodi
599 4328 823 4402 protestacione
847 4326 943 4385 iidem
962 4327 1127 4410 Johannes,
1158 4324 1243 4382 filius
1272 4324 1381 4407 Jacobi
1413 4331 1443 4382 et

181 4431 256 4490 aiter
278 4432 443 4515 Johannes,
467 4432 553 4490 filius
576 4431 734 4507 Stephani,
757 4431 882 4508 judices,
906 4447 1035 4490 suorum
1059 4436 1089 4489 et
1104 4430 1290 4500 nominibus,
1308 4444 1443 4502 quorum

181 4551 280 4612 supra,
304 4539 428 4596 meliori
451 4539 548 4596 modo
571 4545 601 4598 et
625 4538 734 4612 forma,
758 4539 872 4612 quibus
896 4539 1061 4596 valuerunt
1084 4545 1114 4595 et
1144 4541 1320 4611 potuerunt,
1346 4523 1440 4594 anno·

180 4647 272 4702 tatum
297 4643 460 4702 dominum
482 4650 624 4704 nostrum
647 4661 754 4720 regem
774 4661 792 4702 a
814 4646 975 4719 premissis
1007 4644 1189 4716 donacione‚
1210 4643 1380 4700 collacione
1412 4647 1442 4699 et

178 4751 416 4824 perpetuacione
447 4753 673 4826 premissorum
704 4751 838 4810 duarum
866 4753 1017 4810 villarum
1050 4751 1215 4808 Petrouina
1242 4755 1272 4806 et
1302 4749 1442 4806 Hrascha

178 4863 357 4914 vocatarum
380 4872 414 4914 ac
438 4858 529 4916 unius
552 4858 755 4932 possessionis
778 4857 929 4916 antedicte
955 4857 1167 4930 Syiyalrovina
1179 4855 1348 4930 appellate,
1365 4855 1442 4928 ipsis

177 4961 303 5020 domino
326 4962 556 5037 Christophoro
580 4965 739 5038 preposito
763 4970 793 5021 et
816 4965 966 5038 magistro
990 4963 1119 5021 Nicolao
1144 4962 1226 5020 dicto
1249 4960 1361 5030 Thoth,
1378 4976 1441 5017 me·

178 5073 397 5142 motatumque
420 5067 583 5128 dominum
607 5069 868 5144 christophorum
899 5071 1106 5145 prepositum,
1136 5071 1320 5143 magistrum
1351 5066 1441 5124 Nico·
