3930 5802
404 447 466 510 130
814 433 887 492 Dor.
912 446 982 511 104.
1007 465 1047 476 -
1071 433 1128 491 An.
1152 430 1242 511 1436.

401 637 556 725 Augusti).
579 645 669 708 Unde
692 661 749 720 ego
771 647 926 706 mandatis
949 648 1046 723 ipsius
1070 654 1172 708 vestre
1196 650 1368 709 serenitatis
1397 666 1521 726 semper
1543 650 1576 709 in
1597 666 1665 710 om·

399 753 492 811 nibus
524 752 652 812 obedire
684 753 821 828 cupiens,
854 761 889 812 ut
923 761 1036 829 teneor,
1072 755 1113 814 ad
1147 762 1289 816 contenta
1311 757 1466 816 dictarum
1488 757 1666 816 litterarum

398 859 498 934 ipsius
533 864 636 918 vestre
670 859 841 919 serenitatis
875 861 980 921 taliter
1002 861 1191 938 respondeo:
1226 863 1311 938 quod
1334 862 1448 938 prefati
1471 863 1664 938 Valentinus,

400 964 484 1024 filius
507 963 558 1024 Isk
577 970 607 1024 et
628 965 772 1050 Jacobus,
796 965 880 1024 filius
904 966 1017 1040 Bolya,
1033 965 1127 1044 jurati
1161 969 1245 1027 cives
1278 969 1359 1028 dicte
1394 977 1497 1030 vestre
1531 971 1665 1030 civitatis

397 1072 605 1144 zagrabiensis
638 1073 780 1148 ipsorum
814 1089 851 1133 ac
883 1075 1101 1133 universorum
1136 1075 1253 1134 civium
1288 1083 1318 1134 et
1340 1076 1501 1150 hospitum
1524 1075 1663 1134 eiusdem

398 1177 532 1237 civitatis
554 1180 586 1238 in
608 1181 757 1254 personis,
779 1181 907 1240 nonita
930 1180 1196 1255 quemadmodum
1227 1198 1275 1241 res
1298 1198 1331 1241 se
1353 1183 1464 1241 habuit
1486 1187 1590 1241 vestre
1612 1197 1664 1240 cu-

397 1289 507 1343 rarunt
536 1295 691 1360 exponere
722 1287 885 1360 serenitati,
918 1289 991 1362 quia
1022 1289 1100 1346 alias
1131 1288 1320 1348 reverendus
1353 1289 1387 1348 in
1418 1287 1542 1347 Christo
1566 1294 1663 1362 pater,

398 1389 542 1449 dominus
574 1392 738 1476 JohanneS,
773 1391 872 1452 selicis
906 1394 1137 1453 reminiscencie
1171 1395 1336 1470 episcopus
1368 1399 1505 1470 protecte
1536 1393 1663 1453 ecclesie

397 1497 613 1572 zagrabiensis,
636 1505 874 1574 vestrarumque
897 1499 1070 1574 imperialis
1094 1506 1125 1558 et
1155 1500 1239 1574 regie
1269 1497 1469 1576 majestatum
1498 1515 1662 1573 sumpmus

397 1603 608 1669 cancellarius
631 1604 882 1680 gubernatorque
905 1609 1042 1680 pretacte
1064 1607 1198 1666 civitatis
1213 1607 1430 1680 zagrabiensis,
1447 1605 1557 1664 revisis
1574 1606 1661 1680 prius

395 1723 528 1768 unacum
560 1711 718 1785 quondam
748 1711 919 1770 reverendo
953 1713 985 1770 in
1015 1712 1139 1772 Christo
1172 1718 1260 1786 patre
1283 1712 1409 1772 domino
1434 1711 1573 1796 Johanne
1596 1711 1662 1785 epi·

395 1830 490 1890 scopo
513 1817 643 1889 tyniensi
666 1833 703 1876 ac
724 1819 932 1892 gubernatore
954 1819 1150 1892 prepositure
1184 1818 1222 1876 de
1255 1818 1400 1892 Byenilro,
1431 1832 1549 1876 necnon
1572 1819 1661 1876 nobi·

394 1921 479 1980 libus
501 1921 578 1982 viris
600 1923 701 1997 Petro,
725 1923 793 1982 filio
817 1924 884 1983 Ade
907 1925 945 1982 de
968 1924 1150 1995 Zenthlilelr,
1174 1926 1324 1998 magistro
1353 1924 1504 1983 Michaele
1533 1925 1661 1998 protho-

393 2028 515 2088 notario
544 2029 625 2089 sedis
648 2029 815 2100 crisiensis,
838 2013 971 2100 Andre'a,
995 2029 1063 2090 filio
1086 2031 1190 2090 Viteez
1214 2030 1252 2088 de
1275 2030 1452 2089 Kamarcha
1468 2046 1505 2088 ac
1518 2029 1659 2114 Johanne

394 2133 497 2192 Thoth
531 2134 570 2193 de
603 2135 813 2208 Zumzedwar,
849 2137 980 2210 aliisque
1015 2152 1110 2210 quam
1147 2137 1293 2211 pluribus
1316 2136 1548 2210 circumspectis
1572 2136 1658 2207 viris,

394 2240 575 2315 prescriptis
598 2243 697 2314 terris,
721 2243 828 2316 pratis,
852 2240 969 2312 senetis,
985 2243 1073 2302 silvis
1096 2248 1126 2301 et
1142 2243 1262 2300 rubetis
1279 2258 1335 2316 per
1350 2243 1538 2317 prescriptas
1556 2247 1660 2316 partes

392 2343 610 2406 demonstratis
641 2355 670 2406 et
702 2348 831 2408 ostensis
854 2363 871 2406 a
894 2349 1041 2407 diuturno
1064 2355 1205 2423 tempore
1228 2347 1380 2422 litigiosis
1404 2348 1488 2422 ipsas
1512 2352 1617 2421 partes
1640 2362 1659 2406 a

393 2451 524 2524 cultura,
557 2453 767 2528 extirpacione
800 2461 830 2512 et
865 2453 1075 2512 ususruicione
1107 2453 1290 2512 earumdem
1306 2443 1309 2448 ’
1323 2469 1423 2527 usque
1453 2451 1492 2512 ad
1516 2452 1659 2512 debitum

392 2557 487 2616 finem
511 2557 673 2619 decisionis
696 2575 786 2619 cause
809 2560 990 2619 huiusmodi
1019 2561 1079 2618 sub
1114 2561 1205 2619 certis
1238 2561 1326 2634 penis
1360 2565 1390 2618 et
1423 2560 1659 2633 gravaminibus

392 2665 600 2738 inhibuerunt,
625 2673 789 2742 partesque
812 2667 891 2725 inter
914 2668 1006 2741 ipsas,
1030 2665 1068 2725 de
1091 2667 1251 2724 voluntate
1274 2665 1455 2725 earumdem
1480 2671 1510 2723 et
1531 2681 1657 2726 assensu

393 2779 493 2830 certos
527 2773 662 2830 arbitros
698 2772 757 2831 sub
791 2773 883 2830 certis
927 2772 1171 2845 obligaminibus
1202 2772 1389 2846 disposuerit
1432 2775 1463 2830 et
1499 2771 1657 2844 statuerit;

392 2883 496 2936 tamen
519 2877 579 2953 ipsi
599 2879 682 2937 cives
704 2886 735 2936 et
756 2879 903 2952 hospites,
920 2877 1042 2952 presato
1058 2877 1189 2936 condam
1206 2869 1332 2936 domino
1352 2878 1492 2960 Johanne
1509 2879 1657 2952 episcopo

391 2982 430 3042 de
453 2983 556 3047 medio
578 2985 711 3056 sublato,
732 2985 773 3043 ab
789 2985 929 3059 ipsarum
952 2991 1115 3055 terrarum,
1139 2989 1309 3059 pratorum,
1334 2982 1485 3057 senilium,
1504 2983 1657 3042 silvarum

391 3095 421 3148 et
443 3091 625 3149 rubetorum
650 3091 772 3149 cultura
795 3097 825 3149 et
849 3089 998 3149 sruicione
1020 3090 1108 3148 nullo
1132 3089 1226 3148 modo
1250 3105 1282 3148 se
1305 3089 1450 3148 cohibere
1481 3089 1654 3161 voluerunt,

389 3194 444 3254 sed
478 3196 602 3254 easdem
636 3197 668 3254 in
701 3197 813 3256 maiori
844 3205 932 3270 parte
966 3211 1060 3271 quarn
1094 3196 1183 3271 prius
1216 3195 1420 3268 succiderunt,
1453 3195 1655 3268 extirparunt.

389 3309 574 3376 preararunt
605 3309 635 3360 et
664 3303 855 3361 seminarunt
885 3309 991 3361 contra
1022 3303 1225 3360 inhibiciones
1248 3301 1379 3375 capituli
1398 3301 1526 3360 ecclesie
1549 3315 1657 3374 ragra-

389 3408 503 3467 biensis
535 3409 698 3484 prenotati.
734 3407 877 3482 Cumque
913 3423 970 3482 ego
1005 3408 1043 3466 de
1078 3407 1219 3482 partibus
1252 3406 1340 3464 ltalie
1369 3422 1478 3465 versus
1501 3405 1656 3480 predictas

389 3523 493 3590 partes
515 3520 618 3574 vestre
640 3515 811 3572 serenitatis
834 3514 992 3587 Hungsrie
1015 3519 1045 3572 et
1066 3512 1229 3572 Sclauonie
1252 3518 1429 3587 prenotatas
1451 3527 1508 3586 per
1523 3511 1655 3570 eandem

388 3629 525 3680 vestram
553 3621 749 3680 serenitatem
781 3621 979 3680 transmissus
1010 3627 1040 3678 et
1072 3619 1242 3678 destinatus
1265 3619 1305 3678 ad
1329 3619 1444 3678 dictam
1469 3618 1654 3691 Zagrabiam

388 3729 607 3800 pervenissem,
630 3725 671 3784 ad
694 3725 886 3800 multiplices
909 3735 938 3784 et
961 3725 1087 3784 insestas
1111 3725 1254 3799 querelas
1277 3726 1420 3800 parcium
1443 3724 1654 3798 predictarum

387 3832 554 3890 nonnullos
577 3833 695 3906 probos
718 3837 748 3890 et
771 3834 911 3904 egregios
935 3848 970 3889 ac
990 3831 1113 3890 nobiles
1136 3832 1220 3889 viros
1242 3831 1403 3890 videlicet:
1427 3829 1598 3904 Georgium
1616 3827 1654 3888 de

388 3936 527 4011 Bikzaad,
552 3936 710 3996 Andream
732 3939 837 3998 Viteez
861 3937 900 3996 de
923 3939 1108 4008 Kamarcha‚
1125 3938 1310 4011 magistrum
1327 3937 1511 3995 Michaelem
1527 3935 1654 4009 protho-

386 4043 542 4102 notarium
574 4044 740 4117 predictos,
771 4059 807 4104 ac
836 4045 1028 4118 Stephanum
1053 4043 1196 4102 Bihchele
1220 4043 1258 4102 de
1279 4043 1442 4102 Zelnawar
1465 4047 1496 4101 et
1518 4043 1653 4099 alterum

387 4147 580 4223 Stephanum
604 4150 741 4223 Farkasy
765 4149 803 4208 de
827 4151 923 4210 Ebres
954 4151 1115 4223 utriusque
1146 4150 1238 4208 castri
1273 4149 1510 4208 Hrazthowiehe
1545 4146 1653 4205 cassel-

386 4255 503 4327 lanum,
539 4270 597 4328 pro
632 4257 784 4314 revisione
807 4257 1021 4330 occupacionis
1056 4262 1086 4313 et
1108 4255 1342 4329 perarracionis,
1364 4269 1482 4312 necnon
1519 4253 1677 4326 extirpa-¹

386 4362 482 4420 cionis
505 4369 534 4420 et
559 4363 738 4420 succisionis
760 4364 1007 4437 prescriptarum
1030 4369 1194 4432 terrarum,
1218 4361 1369 4432 senilium,
1393 4369 1564 4433 pratorum,
1599 4357 1653 4415 sil·

385 4483 497 4526 varum
531 4475 576 4548 et,
595 4469 778 4527 rubetorurn
814 4485 833 4527 a
864 4471 1022 4527 communi
1050 4485 1107 4526 usu
1132 4477 1336 4540 utrarumque
1359 4466 1499 4541 parcium
1523 4469 1554 4522 et
1577 4463 1652 4523 srui·

384 4575 471 4632 cioue
494 4574 697 4632 inhibitarum
721 4575 877 4634 duxissem
902 4573 1115 4644 destinandos;
1132 4573 1226 4631 iidem
1252 4573 1370 4646 egregii
1394 4581 1425 4630 et
1445 4572 1568 4630 nobiles
1590 4569 1652 4628 viri

384 4681 423 4739 ad
448 4695 498 4738 me
523 4681 639 4738 reversi
662 4681 765 4740 taliter
788 4681 883 4740 michi
907 4681 1094 4740 retulerunt:
1118 4679 1201 4754 quod
1227 4678 1338 4752 prefati
1361 4677 1446 4735 cives
1465 4683 1495 4736 et
1510 4676 1649 4750 hospites

384 4787 572 4862 prescriptas
595 4793 701 4850 terras.
725 4797 822 4862 prata,
847 4787 960 4858 senilia,
983 4789 1079 4845 silvas
1102 4793 1132 4845 et
1155 4787 1267 4844 rubeta
1289 4785 1437 4860 aquibus
1453 4789 1541 4844 erant
1556 4783 1648 4840 ambe

382 4895 449 4967 ipse
473 4901 577 4968 partes
598 4895 735 4965 inhibite,
751 4899 857 4953 contra
881 4893 1060 4953 huiusmodi
1082 4893 1285 4952 inhibiciones
1309 4891 1338 4950 et
1362 4891 1553 4964 obligamina
1570 4897 1647 4947 tern-
