3930 5802
725 545 801 606 Doc.
824 558 893 622 114.
916 577 959 588 -
982 545 1039 604 An.
1062 540 1154 622 1438.
1504 565 1562 625 ¹43

300 759 397 834 Cilye,
422 762 677 836 Ortenbergensis
699 767 729 820 et
752 760 881 835 Zagorie
903 775 1015 833 comes,
1047 759 1259 836 personaliter,
1285 775 1378 820 onera
1401 767 1432 821 et
1454 779 1565 836 grava·

300 867 385 926 mina
418 868 551 927 illustris
585 867 736 943 principis
770 867 928 938 Friderici,
965 868 1111 928 similiter
1144 867 1231 938 Cilic,
1254 867 1513 942 Ortenburgensis
1536 877 1565 930 et

299 971 428 1046 Zagorie
461 975 600 1047 comitis,
634 975 732 1050 patris
766 974 822 1044 sui,
857 989 894 1033 ac
927 976 1067 1034 omnium
1102 973 1305 1033 familiarium
1338 979 1368 1035 et
1401 975 1564 1035 hominum

298 1095 435 1151 suorum,
459 1081 717 1156 singulorumque
740 1080 780 1140 ad
803 1083 887 1156 ipsos
913 1082 1144 1156 pertinencium,
1166 1087 1310 1139 notanter
1328 1085 1432 1139 autem
1448 1083 1564 1156 egregii

290 1171 460 1258 ¹Vylhelmi
482 1188 644 1246 castellani
666 1188 759 1246 castri
781 1187 903 1247 Medwe
916 1188 1085 1261 nuncupati
1108 1187 1193 1246 etad
1209 1187 1314 1260 ipsum
1331 1187 1563 1261 pertinencium,

298 1307 392 1366 super
414 1309 448 1351 se
469 1293 721 1368 assumpmendo,
743 1295 784 1352 ab
807 1311 884 1366 una,
910 1301 999 1369 parte
1022 1308 1098 1370 vero
1121 1295 1161 1351 ab
1177 1293 1275 1351 altera
1290 1293 1488 1352 honorabiles
1500 1295 1565 1374 ‘viri

296 1397 452 1479 Johannes
475 1399 671 1459 decretorum
694 1400 803 1459 doctor
825 1405 857 1460 et
878 1401 1015 1460 Thomas
1038 1401 1190 1475 plebanus
1221 1398 1260 1457 de
1291 1398 1443 1472 iwanych,
1474 1415 1563 1459 cano-

295 1502 357 1561 nici
390 1504 518 1564 ecclesie
549 1507 764 1579 zagrabiensis,
799 1522 858 1582 pro
892 1523 925 1566 se
959 1507 1164 1583 personaliter
1195 1521 1232 1564 ac
1255 1520 1313 1580 pro
1336 1510 1401 1563 toto
1424 1507 1562 1580 capitulo

296 1609 435 1670 eiusdem
458 1612 586 1670 ecclesie
607 1613 814 1684 aagrabiensis
837 1614 1032 1688 subditisque
1055 1620 1086 1671 et
1108 1611 1316 1671 familiaribus
1331 1611 1473 1686 ipsorum
1490 1629 1562 1672 cum

295 1718 518 1790 procuratoriis
549 1718 661 1776 litteris
690 1717 788 1792 ipsius
811 1721 956 1795 capituli;
979 1721 1056 1779 item
1079 1721 1197 1790 Petrus,
1221 1718 1299 1776 alias
1319 1715 1416 1793 judex
1439 1723 1470 1777 et
1492 1719 1562 1778 Bla-

294 1821 367 1892 sius,
389 1819 510 1897 juratus
533 1823 610 1882 civis
633 1824 766 1883 civitatis
781 1833 885 1885 nostre
901 1827 1015 1886 montis
1038 1824 1200 1885 Grecensis
1224 1823 1262 1881 de
1279 1822 1429 1895 Zagrabia
1446 1840 1504 1899 pro
1528 1841 1561 1884 se

294 1927 370 2001 ipsis
395 1928 540 1989 similiter
565 1933 768 2006 personaliter
791 1950 826 1993 ac
849 1949 908 2008 pro
933 1932 1040 2010 judice,
1063 1930 1171 2008 juratis
1194 1929 1316 1988 civibus
1339 1934 1369 1986 et
1391 1933 1455 1988 tota
1478 1946 1561 1990 com·

295 2035 444 2093 munitate
468 2035 549 2096 dicte
572 2037 706 2096 civitatis
728 2047 833 2098 nostre
856 2041 970 2100 montis
993 2037 1164 2106 Grecensis,
1188 2035 1392 2108 ipsorumque
1409 2036 1561 2096 universis

294 2139 427 2200 subditis
451 2157 523 2200 cum
546 2146 767 2218 procuratoriis
789 2145 901 2203 litteris
924 2145 1063 2205 eiusdem
1087 2141 1229 2212 civitatis,
1252 2155 1270 2198 a
1293 2141 1388 2198 tercia
1418 2143 1560 2216 partibus

297 2260 402 2304 coram
425 2249 516 2306 nobis
540 2251 705 2321 constituti,
730 2257 801 2308 sunt
838 2249 970 2308 confessi
991 2249 1023 2308 in
1046 2247 1128 2305 hunc
1150 2245 1295 2304 modum:
1319 2247 1477 2320 quomodo
1500 2249 1562 2323 ipsi

292 2351 332 2410 de
354 2355 571 2414 commissione
594 2363 624 2415 et
656 2359 826 2416 aunuencia
858 2363 963 2416 nostre
997 2354 1173 2426 maiestatis,
1203 2352 1427 2413 nonnullorum
1460 2355 1558 2413 eciam
1642 2433 1644 2438 Ι

293 2460 447 2519 baronum
472 2469 650 2522 nostrorum
686 2465 838 2540 peticione
871 2464 911 2522 ad
946 2462 979 2522 id
1011 2461 1182 2531 accedente,
1218 2459 1362 2518 universa
1396 2469 1426 2517 et
1449 2462 1560 2534 quevis

293 2563 383 2638 facta,
405 2570 681 2644 contencionesque
703 2577 733 2629 et
755 2571 981 2629 controversias
1004 2567 1161 2643 quaslibet
1182 2565 1262 2624 inter
1285 2571 1389 2640 partes
1406 2573 1559 2639 pretactas

291 2687 390 2747 usque
413 2674 508 2732 modo
528 2675 822 2751 quomodocumque
844 2683 873 2734 et
897 2676 1165 2750 qualitercumque
1188 2676 1280 2743 mota,
1305 2672 1426 2731 habitas
1449 2679 1480 2731 et
1494 2689 1560 2730 sus-

291 2779 399 2838 citatas
429 2777 551 2855 judicio,
583 2781 797 2856 disposicioni,
833 2782 1054 2841 deliberacioni
1088 2790 1118 2837 et
1150 2778 1281 2837 arbitrio
1315 2777 1554 2850 magnificorum

290 2884 433 2945 virorum
455 2887 601 2960 Ladislai,
625 2888 684 2947 filii
714 2889 836 2948 Nicolai
858 2888 989 2963 palatini
1013 2886 1051 2946 de
1075 2886 1158 2945 Gara
1180 2883 1390 2944 machouieusi
1413 2890 1443 2942 et
1460 2885 1558 2944 Math-

290 2988 380 3049 lronis
403 2991 441 3050 de
464 2993 612 3052 Talloucz
635 3009 803 3066 regnorum
824 3003 1005 3053 nostrorum
1028 2993 1189 3051 Dalmacie
1213 2997 1243 3049 et
1273 2989 1402 3048 Croacie
1438 2991 1557 3063 predic·

291 3101 396 3155 torum
419 3113 455 3156 ac
478 3100 577 3158 tocius
601 3099 764 3160 Sclauonie
788 3103 941 3161 banorum
964 3100 1103 3175 plenarie
1133 3097 1348 3156 submisissent
1379 3103 1409 3154 et
1440 3097 1558 3156 submi·

290 3209 396 3261 serunt
418 3219 524 3264 coram
546 3207 637 3265 nobis
659 3207 715 3265 tali
731 3207 842 3266 modo:
865 3215 900 3265 ut
923 3207 1058 3281 quitquit
1081 3205 1176 3264 iidem
1199 3203 1362 3262 Ladislaus
1385 3208 1415 3261 et
1431 3202 1558 3262 Mathko

290 3307 379 3380 bani,
411 3310 524 3370 auditis
558 3313 769 3387 predictarum
797 3315 938 3389 parcium
972 3311 1257 3388 proposicionibus,
1294 3309 1496 3382 querimoniis
1529 3315 1559 3368 et

290 3413 530 3490 obieccionibus,
554 3418 691 3493 visisque
715 3419 898 3477 eordmdem
928 3416 1170 3493 probacionibus
1192 3420 1222 3474 et
1252 3414 1446 3474 documentis
1468 3415 1558 3488 legit·

289 3521 374 3580 timis
396 3522 476 3581 inter
499 3523 624 3583 easdem
649 3532 753 3600 partes
777 3525 984 3599 disposuerint
1016 3533 1046 3581 et
1075 3521 1240 3581 deliberati
1270 3519 1393 3591 fuerint,
1424 3520 1457 3578 id
1489 3522 1556 3594 ipse

288 3633 393 3700 partes
407 3629 633 3690 inviolabiliter
648 3633 816 3690 observare
839 3638 1005 3690 teneantur.
1021 3629 1102 3687 Casu
1118 3643 1201 3698 vero,
1218 3641 1280 3701 quo
1295 3627 1400 3700 aliqua
1416 3627 1557 3700 parcium

288 3733 501 3806 predictarum
524 3737 765 3813 disposicionem
789 3747 819 3797 et
840 3737 1004 3797 arbitrium
1020 3736 1161 3808 ipsorum
1181 3733 1317 3798 Ladislai
1334 3740 1365 3790 et
1381 3731 1556 3791 Mathlronis

289 3839 442 3899 banorum
466 3842 498 3900 in
521 3849 586 3902 toto
609 3845 661 3903 vel
683 3846 715 3904 in
737 3851 826 3920 parte
850 3847 1010 3916 acceptare
1033 3841 1132 3898 nollet
1163 3854 1217 3897 seu
1248 3843 1411 3907 recusaret,
1444 3845 1557 3896 extunc

288 3946 360 4003 talis
383 3962 456 4021 pars
480 3948 595 4007 dictam
618 3951 858 4024 disposicionem
887 3964 941 4007 seu
972 3945 1123 4022 judicium
1154 3959 1216 4003 non
1248 3949 1418 4017 acceptans,
1450 3949 1556 4002 contra

286 4051 382 4110 aliam
416 4060 538 4127 partem
571 4053 722 4131 judicium
753 4060 965 4130 acceptantem
995 4068 1084 4111 suam
1106 4051 1263 4109 accionem
1280 4050 1436 4108 ammittat
1458 4055 1489 4107 et
1510 4050 1556 4108 in-

286 4173 381 4231 super
405 4160 436 4216 in
458 4161 604 4219 omnibus
628 4145 942 4234 acquisicionibus'et
972 4159 1150 4218 accionibus
1184 4157 1282 4230 ipsius
1318 4155 1414 4230 partis
1448 4169 1555 4228 accep·

286 4265 379 4323 tantis
402 4268 585 4325 succumbat
607 4272 638 4326 et
661 4269 862 4326 convincatur
886 4283 923 4326 co
939 4259 1029 4325 facto.
1047 4263 1095 4324 Ad
1119 4279 1180 4338 que
1196 4278 1228 4320 se
1243 4263 1309 4336 ipse
1325 4268 1430 4336 partes
1445 4269 1555 4334 sponte

286 4369 464 4443 obligarunt
487 4387 593 4431 coram
615 4375 706 4432 nobis
730 4373 906 4432 testimonio
930 4371 1125 4446 presencium
1149 4369 1313 4428 mediante.
1335 4369 1452 4426 Datum
1470 4366 1554 4425 Bude

285 4474 418 4534 infesto
449 4477 533 4536 beati
563 4480 687 4552 Mathye
718 4479 864 4553 apostoli.
897 4471 989 4536 Anno
1013 4475 1132 4534 domini
1155 4474 1326 4532 millesimo
1349 4471 1554 4546 quadringen-

284 4581 395 4640 tesimo
419 4583 580 4664 trigesimo
601 4593 718 4644 octavo.

284 4755 285 4759 Ἰ
390 4772 414 4820 Ε
432 4777 591 4836 transumpta
607 4771 714 4837 capituli
732 4771 872 4822 casinensis
884 4773 952 4822 sacto
965 4787 1031 4821 anno
1054 4771 1128 4834 1438.
1148 4777 1176 4820 ut
1194 4769 1268 4820 infra.
1284 4797 1314 4806 -
1329 4769 1360 4817 Iv
1381 4765 1551 4831 Kukuljesid.

284 4859 371 4910 Arkiv
389 4877 419 4909 za
437 4859 598 4926 povjestnicu
614 4859 824 4924 jugoslavenslru,
844 4861 897 4925 knj.
917 4862 969 4912 111.
989 4867 1032 4911 str.
1052 4859 1166 4924 96-97.
