3932 5806
422 562 485 623 244
719 545 792 604 Doc.
814 540 882 606 181.
907 541 977 604 182.
1003 580 1042 590 —
1067 547 1124 606 Aa.
1149 558 1366 626 1454-1455.

1015 757 1091 824 181.

525 846 598 897 Circa
616 862 657 902 an.
680 858 756 912 ¹454·

642 973 755 1032 Foedus
777 974 984 1048 capitularium
1000 981 1062 1048 pro
1085 974 1168 1032 electo
1190 975 1318 1050 cpucopo
1340 977 1458 1050 aogrob.

523 1117 669 1193 Sequitur
702 1119 871 1192 registrum
905 1117 1113 1191 dominorum,
1147 1121 1201 1193 qui
1223 1137 1407 1182 consensum
1429 1124 1621 1197 prebuerunt
1643 1123 1682 1181 ad

417 1223 554 1284 dandam
577 1225 701 1300 copiam
724 1225 933 1283 absolucionis
957 1224 997 1282 ad,
1019 1240 1145 1284 omnem
1166 1233 1312 1285 eventurn
1343 1227 1470 1286 domino
1499 1229 1597 1288 electo
1625 1229 1684 1286 sub

330 1311 333 1316 ¹
417 1346 498 1406 pena
520 1329 706 1390 exclusionis
729 1331 767 1389 de
791 1331 949 1390 consorcio
973 1331 1105 1390 fratrum
1129 1338 1159 1390 et
1182 1333 1371 1408 privacionis
1393 1335 1532 1393 omnium
1550 1351 1684 1409 proven·

418 1445 515 1512 tuum,
545 1442 576 1496 et
605 1438 665 1496 hoc
694 1437 734 1496 de
764 1437 903 1496 unanimi
926 1453 1074 1496 consensu
1096 1439 1236 1497 omnium
1260 1439 1530 1515 infrascriptorum
1553 1441 1586 1499 in
1608 1443 1683 1500 inte·

418 1545 494 1602 riori
516 1544 655 1602 sacristia
677 1545 926 1618 constitutorum,
949 1545 999 1616 ita,
1024 1543 1108 1618 quod
1127 1561 1235 1603 omnes
1259 1547 1445 1606 unanimiter
1467 1561 1529 1606 uno
1552 1553 1634 1619 voto,
1657 1548 1683 1606 si

417 1649 493 1724 quid
516 1650 708 1724 contingerit,
733 1650 869 1708 vicissim
892 1666 925 1708 se
948 1649 1119 1710 defendent.

520 1751 654 1816 Johannes
683 1750 764 1800 lector
791 1757 816 1800 et
843 1751 981 1801 canonicus
1006 1767 1083 1802 manu
1111 1753 1214 1818 propria
1242 1770 1282 1803 me
1307 1753 1454 1820 subscripsi.
1492 1756 1551 1820 Ego
1572 1753 1681 1804 Bartho-

415 1839 515 1890 lorneus
542 1847 630 1890 cantor
656 1845 683 1888 et
710 1855 766 1891 cau.
792 1855 827 1892 m.
854 1855 880 1905 p.
908 1855 928 1892 s.
956 1841 1015 1905 Ego
1041 1842 1134 1890 Petrus
1161 1841 1317 1900 dnbicensis,
1345 1859 1380 1892 m.
1407 1859 1431 1908 p.
1461 1859 1481 1895 s.
1512 1843 1571 1907 Ego
1589 1843 1682 1892 Petrus

416 1929 450 1978 de
477 1927 594 1978 Kennlek
621 1928 816 1979 archidiaconus
842 1935 869 1978 et
895 1945 951 1978 ean.
979 1929 1041 1982 eccl.
1070 1930 1244 1996 angrabiensis
1271 1948 1305 1985 m.
1330 1947 1356 1997 p.
1377 1948 1398 1982 s.
1424 1933 1484 1996 Ego
1502 1932 1683 1997 Sigismundus

416 2017 611 2068 archidiaconus
630 2024 656 2068 et
674 2033 729 2070 can.
749 2033 781 2070 rn.
802 2035 828 2084 p.
847 2035 868 2072 s.
886 2019 945 2085 Ego
964 2019 1136 2083 Marquardus
1154 2020 1350 2070 archidiaconus
1373 2021 1406 2070 de
1426 2021 1564 2071 Vrhowica
1581 2026 1608 2070 et
1626 2035 1681 2073 cau.

415 2122 449 2160 nr.
469 2123 494 2172 p.
514 2123 534 2160 s.
552 2108 612 2172 Ego
630 2106 782 2156 Franciscus
809 2123 864 2161 cau.
889 2108 994 2174 propriu
1019 2124 1097 2158 mauu
1114 2125 1172 2158 mea
1189 2110 1289 2174 scripsi.
1307 2111 1366 2174 Ego
1391 2109 1528 2160 Ladisluns
1550 2116 1638 2159 custos
1655 2117 1682 2158 et

416 2210 470 2247 can.
490 2211 523 2246 m.
543 2210 568 2260 p.
587 2210 628 2244 me
647 2210 667 2246 s.
692 2197 750 2260 Ego
769 2195 900 2245 Fabianus
924 2211 979 2247 cau
999 2211 1024 2261 p.
1043 2212 1077 2248 m.
1096 2212 1116 2248 s.
1142 2198 1200 2261 Ego
1218 2197 1341 2246 Matheus
1359 2197 1499 2247 Keelkeed
1516 2214 1550 2250 m.
1569 2215 1594 2264 p.
1623 2199 1680 2263 Ego

416 2283 563 2349 Stephanus
583 2283 615 2332 de
633 2283 736 2333 Vizoku
753 2300 787 2334 m.
806 2301 832 2350 p.
852 2299 872 2337 s.
892 2285 950 2348 Ego
969 2283 1115 2349 Stephanus
1134 2284 1315 2336 Cheruthwecu
1334 2302 1367 2338 m.
1387 2301 1414 2352 p:
1432 2302 1451 2337 s.
1471 2287 1529 2351 Ego
1545 2287 1682 2352 Johanues

416 2371 449 2421 de
467 2371 610 2421 Maroneha
621 2372 757 2422 consencio
776 2371 945 2438 disposicioui
964 2373 1095 2438 premisse.
1115 2375 1173 2438 Ego
1189 2375 1304 2439 Jacobus
1322 2375 1411 2424 doctor
1429 2390 1485 2428 ean.
1504 2374 1566 2429 eccl.
1578 2375 1680 2440 augrub.

415 2476 448 2511 m.
477 2475 502 2526 p.
527 2475 560 2512 m.
588 2475 608 2512 s.
634 2459 753 2510 Clemens
780 2461 813 2510 tle
841 2462 911 2511 Gara
937 2477 969 2513 m.
990 2477 1016 2527 p.
1040 2463 1099 2526 Ego
1117 2461 1198 2527 Elyas
1216 2469 1304 2512 custos
1322 2463 1480 2513 chasmensis
1498 2469 1524 2513 et
1543 2479 1598 2514 can.
1617 2463 1679 2516 eccl.

414 2547 515 2612 aagrab.
535 2563 568 2601 nr.
589 2563 614 2613 p.
633 2563 654 2600 s.
681 2549 740 2613 Ego
762 2548 896 2613 Johannes
922 2550 1006 2600 Bexiu
1025 2565 1057 2602 m.
1077 2566 1102 2615 p.
1130 2551 1189 2614 Ego
1212 2551 1334 2617 Mathyas
1358 2551 1505 2617 prepositus
1523 2552 1681 2602 chnsrnensis

415 2653 470 2690 can.
489 2636 589 2701 cagrab.
608 2652 642 2690 nr.
662 2652 686 2702 p.
707 2636 811 2687 Bluslus
829 2638 861 2687 de
879 2638 1044 2688 Nemesourk
1062 2655 1095 2688 m.
1114 2655 1140 2704 p.
1158 2639 1218 2704 Ego
1242 2641 1346 2690 Leonus
1370 2641 1565 2692 archidiaconus
1579 2639 1680 2690 kamar-

414 2727 512 2776 mensis
530 2741 560 2776 ac
578 2742 633 2780 cau.
651 2725 713 2780 eccl.
732 2727 832 2791 zagrab.
851 2743 884 2777 m.
904 2743 929 2792 p.

520 2849 599 2900 Liber
617 2849 711 2901 rubeus
729 2867 786 2902 ven.
806 2851 883 2918 Capit
910 2851 1011 2917 aagrab.
1035 2854 1067 2902 In
1085 2853 1182 2906 archiv.
1199 2851 1258 2904 inci
1279 2854 1364 2906 Acad.
1383 2854 1479 2908 Scient.
1497 2853 1567 2907 Slus.
1586 2853 1678 2905 merid.

1009 3082 1090 3150 182.

521 3223 601 3272 Anno
622 3234 697 3289 1455·
717 3235 758 3289 25·
775 3223 851 3288 Julii.
869 3224 1017 3288 Zagrabiae.
1058 3304 1060 3309 Ι

414 3350 521 3409 Petrus
550 3349 676 3427 Gundicss
698 3354 750 3426 qui
770 3353 1002 3411 communiorem
1025 3353 1195 3411 conmmelia
1217 3352 1322 3427 afficit,
1344 3372 1364 3410 a
1385 3351 1566 3427 sponsoribus
1585 3371 1679 3411 ecor-

856 3477 916 3520 cerc
930 3461 1058 3538 pecarnis
1079 3459 1237 3520 restruitur.

519 3599 582 3659 Nos
616 3601 789 3676 capitulum
823 3603 952 3662 ecclesie
985 3605 1200 3678 zagrabiensis.
1236 3604 1385 3662 Memoris
1419 3603 1674 3662 commendamus

414 3723 470 3781 per
493 3712 660 3781 presentes,
683 3709 767 3781 quod
791 3708 910 3783 Gallus,
934 3711 1019 3770 filius
1042 3711 1133 3784 Petri,
1157 3711 1321 3784 Gwndych
1344 3709 1427 3782 dicti,
1450 3709 1510 3768 filii
1533 3709 1678 3784 Gregorii

413 3811 451 3870 de
480 3811 556 3871 villa
591 3813 775 3888 Wraguwca
810 3821 927 3889 vocata,
962 3823 992 3874 et
1015 3817 1178 3888 Fabianus,
1213 3817 1299 3875 filius
1331 3816 1497 3888 Valentini,
1532 3815 1678 3874 similiter

413 3918 567 3980 qudich
589 3917 672 3992 dicti,
706 3920 765 3980 filii
796 3921 910 3996 prefati
932 3923 1076 3997 Gregorii
1107 3923 1145 3982 de
1176 3923 1255 3982 villa
1278 3923 1424 3996 Kachynz
1448 3923 1605 3996 appelata,
1639 3935 1676 3980 ac

412 4025 534 4096 Paulus,
569 4024 654 4085 iilius
678 4025 775 4099 Pauli,
809 4027 848 4086 de
879 4027 943 4105 jam
973 4028 1056 4088 dicta
1085 4029 1164 4088 villa
1185 4029 1360 4103 Wragovca
1384 4045 1422 4086 ex
1445 4027 1555 4087 eodem
1579 4027 1677 4086 Paulo

411 4136 441 4190 et
464 4147 501 4191 ex
526 4131 658 4206 provida
680 4134 812 4192 muliere
835 4135 925 4192 Anna
947 4140 1057 4193 vocata
1080 4150 1186 4194 sorore
1208 4136 1329 4194 uterina
1351 4135 1450 4210 ipsius
1472 4133 1557 4192 Petri
1580 4133 1674 4192 Gwn·

410 4237 499 4310 dych,
523 4237 674 4312 legittime
696 4239 826 4314 genitus,
849 4247 880 4298 et
902 4241 1042 4313 Mathias,
1066 4241 1151 4299 filius
1183 4241 1312 4300 Fabiani
1345 4240 1383 4299 de
1418 4241 1613 4313 Milethyncn,
1637 4255 1675 4297 ex

410 4343 517 4403 codem
543 4344 679 4404 Fabiano
701 4351 732 4404 et
754 4363 792 4404 ex
816 4345 948 4420 provida
972 4347 1104 4406 muliere
1126 4347 1222 4406 Elena
1248 4353 1366 4419 vocata,
1397 4361 1505 4405 sorore
1529 4345 1675 4405 similiter

410 4450 530 4510 uterina
553 4451 651 4526 ipsius
675 4451 757 4510 Petri
781 4451 944 4526 Gwndych
968 4453 1120 4526 legittime
1136 4455 1326 4528 progenitus,
1350 4453 1388 4512 de
1411 4467 1555 4527 quorum,
1578 4451 1676 4522 Pauli,

407 4555 466 4616 tilii
489 4557 577 4616 Pauli
602 4565 632 4616 et
654 4559 793 4632 Mathye‚
824 4558 885 4618 filii
915 4559 1043 4617 Fabiani
1076 4559 1197 4618 noticiis
1221 4559 1448 4633 personalibus,
1481 4557 1676 4617 honorabilis

409 4663 457 4722 vir
480 4665 628 4738 magister
650 4663 773 4724 Blasius
796 4665 835 4722 de
855 4665 977 4738 Nemes,
1012 4666 1114 4724 socius
1138 4670 1168 4723 et
1191 4666 1413 4724 concanonicus
1448 4671 1553 4724 noster
1560 4683 1568 4736 ;
1600 4665 1676 4723 item

407 4767 447 4828 de
470 4767 625 4830 dictorum
649 4769 743 4845 Galli,
766 4771 826 4830 filii
848 4771 946 4846 ipsius
969 4771 1052 4830 Petri
1083 4771 1248 4844 Gwndych
1271 4775 1301 4829 et
1324 4771 1461 4844 Fabiani,
1493 4770 1552 4830 filii
1575 4771 1672 4845 ipsius

408 4877 573 4951 Valentini,
605 4877 710 4937 fratris
744 4878 842 4954 ipsius
866 4877 950 4936 Petri
980 4875 1153 4950 Gwndych,
1188 4877 1326 4936 annotati
1348 4875 1463 4936 Paulus
1485 4883 1516 4935 et
1539 4877 1672 4936 Mathias

406 4997 463 5043 uos
486 4983 696 5044 certificatum
719 4993 750 5042 et
772 4988 987 5042 assecurarunt
1009 4983 1041 5041 in
1063 4984 1204 5057 ipsorum
1221 4999 1257 5041 ac
1273 4983 1491 5044 universorum
1514 4983 1676 5055 heredum,

415 5089 557 5164 fratrum,
582 5092 798 5166 proximorum
823 5098 853 5148 et
883 5091 1181 5164 consanguinecrum
1206 5091 1389 5149 eorumdem
1420 5091 1572 5166 personis,
1605 5105 1677 5149 one·
