3948 5804
721 592 795 652 Duc.
811 595 865 669 32'.
893 624 929 634 —
955 591 1125 669 14111422.
1512 611 1546 670 31

294 809 524 880 contumeliam,
554 813 694 868 nostram
724 807 870 866 iniuriam
901 807 1138 881 permaximam,
1169 809 1267 866 nostri
1296 805 1372 868 cle'ri
1402 810 1554 868 lamenta·

294 913 393 974 bilem
416 915 651 989 oppressionem
674 927 783 985 ymmo
806 918 837 971 et
865 913 964 986 ipsius
993 917 1097 972 nostre
1126 928 1240 988 sponse
1269 915 1478 987 zegrabiensis
1507 931 1554 975 ec·

293 1019 385 1080 ciesie
418 1018 619 1092 kathedralis,
654 1019 704 1077 cni
735 1018 840 1077 divina
874 1017 1057 1092 disponente
1086 1009 1253 1077 clemencia
1287 1020 1319 1078 in
1348 1021 1555 1080 solicitudinis

292 1130 413 1200 partem
437 1126 540 1184 100111
562 1125 757 1201 presidemus
779 1125 924 1197 inmeriti,
947 1131 1121 1182 extremum
1143 1131 1357 1200 contemptum
1380 1143 1433 1186 seu
1461 1129 1555 1186 iactu·

295 1246 364 1289 ram
387 1247 443 1306 per
467 1231 540 1290 iilos
561 1231 794 1290 malediceiouis
817 1231 992 1305 alumpnos‚
1023 1231 1172 1304 nepharie
1202 1231 1392 1306 prodicionis
1423 1235 1555 1308 baiulus,

292 1337 376 1396 cives
398 1338 480 1410 11100,
500 1338 618 1396 incolas
640 1353 677 1396 ac
701 1337 847 1412 hospites,
870 1334 996 1413 judices,
1019 1333 1136 1412 juratos
1159 1341 1189 1395 et
1204 1338 1344 1397 homines
1366 1355 1402 1398 ac
1417 1355 1556 1399 commu·

294 1445 422 1503 nitatem
438 1459 547 1502 eorum
562 1443 745 1516 sacrilegam
763 1447 793 1500 01
808 1441 961 1502 Gomorre
976 1441 1113 1516 populos
1125 1441 1164 1500 de
1176 1448 1280 1502 monte
1296 1443 1441 1504 Grecensi
1457 1461 1557 1521 prope

294 1549 410 1608 dictam
433 1549 628 1623 Zagrabiam
652 1548 855 1623 multipharie
879 1548 1049 1622 multisque
1071 1547 1173 1606 modis
1203 1555 1234 1608 et
1263 1550 1385 1608 vicibus
1414 1553 1556 1625 nequiter

295 1656 492 1730 perpetratis,
515 1655 569 1728 qui
591 1669 653 1713 non
675 1653 866 1712 attendentes
889 1653 1063 1712 1110011110
1094 1657 1207 1714 mentis
1236 1670 1290 1713 seu
1321 1653 1426 1715 debite
1459 1657 1557 1716 consi·

297 1761 470 1820 deracionis
491 1761 545 1818 101
567 1760 681 1818 saliem
702 1760 835 1818 racionis
858 1765 889 1817 et
910 1759 1074 1818 rectissimi
1104 1775 1178 1834 erga
1207 1777 1240 1819 se
1274 1761 1381 1820 iudicii
1414 1762 1557 1822 modera-

301 1868 384 1926 mine
408 1865 644 1942 perpendentes,
668 1865 751 1939 quod
775 1869 880 1924 011011
909 1870 1010 1924 mater
1040 1865 1169 1924 ecclesia
1199 1880 1255 1924 suo
1285 1881 1410 1941 semper
1432 1882 1547 1942 sponso

298 1974 353 2046 qui
375 1973 517 2032 Christus
539 1975 594 2045 est,
617 1971 752 2030 ineffalis
774 1971 891 2032 amoris
914 1970 1078 2029 dulcedine
1108 1971 1254 2044 copulata
1284 1973 1325 2029 ab
1356 1973 1426 2047 ipso
1456 1989 1559 2032 snsce-

296 2079 379 2153 perit
402 2077 490 2137 dotes
512 2079 723 2153 amplissimas
756 2079 934 2150 graciarum
969 2077 1110 2136 ubertate
1145 2077 1292 2136 secundas
1322 2083 1353 2137 et
1383 2080 1559 2153 specialiter

298 2185 378 2242 inter
400 2200 451 2242 eas
474 2185 661 2243 beneficium
682 2185 826 2258 insignite
850 2183 1012 2256 libertatis,
1037 2182 1183 2258 quodque
1206 2185 1273 2258 ipse
1297 2184 1438 2243 Christus
1468 2186 1558 2244 illam

299 2291 527 2364 peramabilem
560 2305 705 2364 sponsam
738 2290 803 2348 eius
837 2288 985 2348 fidelibus
1018 2289 1146 2364 populis
1180 2289 1282 2348 libero
1313 2306 1436 2365 preesse
1459 2292 1560 2350 voluit

297 2395 436 2455 dominio
459 2403 490 2455 et
511 2397 626 2454 habere
650 2401 835 2470 potestatem
858 2397 890 2454 in
904 2395 1052 2469 singulos,
1068 2395 1168 2455 veluti
1183 2395 1214 2454 in
1230 2395 1322 2468 filios,
1337 2411 1398 2454 non
1413 2398 1560 2471 cuiqnam

300 2507 353 2562 aut
369 2503 506 2562 cuiusvis
528 2503 670 2562 servituti
693 2502 861 2574 subiacere,
884 2501 936 2574 ita,
966 2507 1001 2560 111
1024 2502 1113 2561 illam
1135 2503 1236 2561 cuncti
1259 2501 1367 2560 fideles
1390 2503 1458 2576 filii,
1481 2519 1560 2578 quos

300 2609 401 2667 eidem
423 2613 585 2682 regenerat
607 2607 730 2667 assidue
752 2609 880 2683 spiritus
903 2609 1000 2668 sancti
1022 2609 1127 2681 gracia
1148 2608 1290 2668 uberime
1314 2607 1485 2681 fecundata,
1497 2625 1560 2668 non

300 2715 444 2774 inmerito
467 2715 557 2774 sicuti
577 2720 709 2774 matrem
733 2720 763 2772 et
786 2714 947 2774 dominam
968 2731 1058 2773 suam
1080 2715 1268 2774 honorarent
1283 2716 1369 2774 omni
1383 2717 1561 2775 reverencia

299 2829 424 2880 econtra
446 2821 546 2882 filiali.
569 2821 649 2880 Cum
672 2823 729 2880 hec
752 2821 792 2880 sit
814 2822 930 2895 utique,
953 2825 1049 2895 prout
1070 2827 1124 2893 est,
1148 2820 1262 2880 dilecta
1283 2822 1377 2894 illius,
1414 2822 1562 2880 columba

299 2929 365 2986 eius
389 2927 428 2985 de
451 2929 590 2988 cavernis
613 2928 756 3000 macerie,
781 2927 884 2986 idest
913 2928 1011 2986 latere
1040 2929 1106 2986 eius
1136 2929 1330 2986 sanctissimo
1360 2927 1561 3001 progrediens

300 3047 354 3092 seu
377 3033 547 3107 procedens
571 3038 605 3092 ut
629 3048 743 3108 sponsa
766 3033 804 3092 de
828 3034 925 3093 cubili
947 3048 1004 3092 suo
1027 3037 1058 3092 et
1080 3034 1112 3092 in
1135 3033 1193 3091 illo
1224 3034 1389 3107 requiescit
1422 3035 1479 3092 hec
1512 3049 1562 3092 co·

301 3139 412 3198 lumba
436 3141 511 3211 eius,
534 3139 616 3196 circa
638 3153 734 3212 quam
757 3139 873 3197 eteius
896 3139 1055 3198 ministros
1077 3140 1176 3213 ipsius
1198 3143 1308 3212 utpute
1340 3139 1510 3198 honoribus
1533 3145 1564 3197 et

300 3245 499 3306 libertatibus
522 3243 661 3320 preditos
684 3260 737 3302 cor
760 3245 825 3303 eius
848 3245 1006 3318 invigilat,
1029 3246 1081 3304 1110
1111 3248 1157 3304 001
1187 3249 1274 3303 ortus
1304 3243 1437 3317 denique
1465 3245 1563 3319 ipsius

302 3350 414 3410 fertilis
449 3356 478 3409 et
510 3350 659 3423 irriguus,
693 3349 724 3407 11
755 3350 842 3410 euius
877 3351 1038 3408 suavitatis
1069 3349 1165 3408 odore
1199 3351 1346 3424 precipue
1384 3349 1563 3422 delectatur,

302 3457 389 3515 cuius
410 3471 506 3532 poma
528 3455 632 3528 gustui
655 3455 753 3529 ipsius
776 3459 847 3513 sunt
870 3453 964 3514 valde
987 3455 1089 3528 sipida
1112 3460 1142 3514 01
1173 3460 1306 3529 accepta.
1337 3454 1400 3513 Nec
1430 3457 1564 3516 contenti

302 3561 406 3634 iidem,
429 3561 512 3636 quod
537 3563 614 3620 alias
638 3561 676 3618 de
704 3576 784 3619 anno
819 3561 936 3620 domiui
960 3560 1273 3620 MCCCLXXXXVII
1297 3562 1445 3620 01111101
1472 3563 1564 3634 ultra,

304 3668 379 3726 inito
402 3673 433 3727 01
454 3669 683 3726 communicato
706 3669 785 3726 inter
808 3683 841 3726 se
864 3668 952 3742 prius
976 3667 1168 3740 malignandi
1192 3682 1228 3725 ac
1251 3666 1323 3725 10111
1347 3671 1378 3725 01
1394 3675 1517 3726 maturo
1532 3667 1565 3726 id

304 3773 438 3833 faciendi
461 3771 569 3834 habito
592 3775 726 3832 intense
749 3774 945 3848 iniquissimo
967 3779 998 3832 et
1020 3773 1079 3832 deo
1103 3789 1139 3831 ac
1161 3774 1340 3832 hominibus
1363 3773 1472 3832 odioso
1495 3789 1565 3832 con·

291 3929 296 3950 ,.
305 3881 376 3939 01110
398 3877 578 3939 huiusmodi
601 3886 705 3938 sancte
728 3881 836 3939 matris
859 3880 987 3940 ecclesie
1010 3895 1065 3939 sua
1089 3885 1228 3938 materna
1250 3881 1374 3955 pietate,
1398 3893 1460 3952 qua
1482 3878 1566 3936 filios

305 4001 377 4046 01100
400 3991 464 4044 tarn
488 4001 595 4044 amore
618 3987 804 4045 suavissimo
827 3986 943 4060 fovere,
966 4001 1063 4060 quam
1085 3987 1220 4046 uberum
1243 3987 1323 4044 lacte
1338 4001 1467 4044 suorum
1483 3985 1566 4042 alere

304 4093 465 4152 001010111
487 4091 672 4168 inpudenter
694 4097 880 4166 contempta,
903 4092 943 4152 ad
967 4107 1078 4152 sonum
1103 4093 1229 4150 maioris
1251 4107 1401 4166 campane
1425 4091 1567 4165 ipsorum

306 4199 432 4274 publice
454 4199 591 4264 etclara
614 4199 684 4258 luce
707 4199 777 4271 diei,
801 4200 910 4258 erectis
933 4199 1067 4257 cruentis
1090 4200 1232 4272 ipsorum
1255 4198 1390 4268 vexiliis,
1413 4197 1568 4254 hostiliter

306 4321 399 4364 manu
422 4310 542 4364 armata
565 4304 604 4364 de
627 4304 767 4379 predicta
787 4305 919 4376 civitate,
943 4305 970 4362 01
990 4304 1051 4362 dici
1083 4303 1195 4361 debeat
1215 4308 1246 4361 et
1268 4309 1413 4373 meretur,
1444 4301 1568 4360 descen·

307 4411 469 4470 1101110011
492 4410 665 4484 capitulum
688 4409 827 4469 eiusdem
856 4409 993 4482 ecclesie,
1017 4424 1125 4482 ymmo
1157 4415 1187 4467 et
1218 4414 1318 4467 totum
1347 4409 1468 4466 elerum
1495 4407 1569 4466 0111-

308 4519 379 4576 tatis
400 4523 504 4576 nostre
535 4516 749 4590 Zagrabieusis
781 4515 969 4574 deseviendo
998 4515 1183 4587 inimaniter,
1206 4515 1238 4572 in
1267 4514 1367 4572 curias
1399 4519 1429 4572 et
1459 4512 1570 4571 domos

307 4622 446 4681 eiusdem
469 4623 599 4696 capituli
621 4639 677 4680 100
699 4638 761 4682 non
784 4621 1065 4698 prebendariorum
1088 4635 1226 4694 suorum,
1249 4621 1400 4692 nequiter,
1416 4619 1524 4678 dolose
1541 4623 1571 4675 et

307 4729 521 4788 fraudulenter
544 4743 632 4788 more
655 4729 859 4804 vispilionum
883 4730 1043 4800 irruentes,
1068 4726 1248 4786 huiusmodi
1271 4726 1414 4784 dominos
1438 4729 1468 4782 et
1502 4739 1572 4797 pre·

307 4815 473 4894 bendarios
490 4836 587 4910 ipsius
611 4836 741 4910 capituli
763 4851 799 4893 ac
833 4835 961 4894 clericos
984 4850 1002 4893 a
1025 4835 1164 4893 maximo
1197 4848 1296 4906 usque
1330 4831 1370 4889 ad
1404 4830 1571 4888 minimum

307 4941 453 5000 omnibus
476 4943 570 5000 rebus
594 4947 626 5000 et
647 4943 738 5000 bonis
760 4943 901 5016 ipsorum
935 4947 965 5000 et
998 4941 1162 5016 presertim
1193 4940 1293 5011 libris,
1323 4936 1444 5009 litteris,
1473 4935 1571 4994 bullis

308 5048 496 5122 apostolicis,
518 5049 739 5123 instrumentis,
769 5046 900 5126 juribus,
924 5048 1072 5120 vestibus,
1096 5047 1286 5122 argenteriis,
1310 5044 1457 5119 pecuniis,
1481 5042 1572 5114 11110,
