3804 5858
394 555 455 628 428
687 554 760 613 Dec.
778 569 854 632 340.
873 569 946 632 3411,
974 590 1010 598 -
1037 558 1092 612 Aa.
1118 552 1338 632 1484-1485.

392 773 518 838 catores,
543 770 643 827 incole
674 771 806 828 civitatis
838 773 950 828 montis
973 771 1134 829 Grecensis
1158 788 1195 827 ex
1219 773 1345 844 antiqua
1367 771 1522 844 libertatis
1544 785 1653 830 eorum

392 876 589 948 prerogativa
598 877 683 935 iuxta
693 883 869 936 contentum
881 878 1118 951 privilegiorum
1129 877 1271 934 divorum
1283 893 1389 949 regum
1399 878 1486 950 regni
1496 877 1653 950 Hungarie

390 997 426 1039 ac
448 983 544 1040 eciam
579 985 718 1042 moderni
751 984 869 1042 domini
899 986 996 1042 nostri
1025 985 1116 1056 regis,
1147 999 1263 1041 necnon
1287 983 1525 1058 magnificorum
1550 983 1649 1042 domi·

389 1102 502 1147 norum
525 1089 684 1148 Michaelis
706 1091 805 1163 Orzag
828 1090 866 1148 de
889 1090 991 1160 thh‚
1009 1089 1081 1148 dicti
1098 1091 1184 1163 regni
1201 1091 1357 1162 Hungarie
1374 1090 1512 1163 palatini,
1530 1103 1647 1148 necnon

389 1195 510 1252 comitis
540 1194 687 1270 Stephani
716 1197 754 1254 de
786 1197 906 1268 Bathos,
931 1197 1039 1255 iudicis
1063 1198 1146 1255 curie
1170 1197 1267 1270 ipsius
1290 1197 1409 1255 domini
1431 1198 1529 1256 nostri
1555 1198 1643 1272 regis,
1668 1221 1669 1224 ¹

389 1301 562 1358 litterarum
593 1302 887 1360 adiudicatoriarum
920 1319 977 1376 pro
1005 1309 1092 1376 parte
1124 1303 1305 1361 eorumdem
1330 1303 1544 1362 communitati
1568 1303 1648 1362 dicte

389 1407 522 1465 civitatis
551 1409 665 1466 montis
695 1407 856 1467 Grecensis
886 1414 1107 1480 emanatarum,
1131 1409 1172 1466 ab
1195 1409 1460 1484 omnisolucione
1484 1410 1648 1468 tributaria

388 1513 522 1571 ubilibet
545 1530 602 1587 per
625 1515 778 1572 ambitum
802 1531 856 1572 sue
880 1516 1048 1573 maiestatis
1072 1515 1210 1589 exempti
1240 1515 1300 1572 sint
1323 1521 1352 1573 et
1375 1516 1559 1588 supportati,
1582 1516 1649 1590 ipse

389 1633 513 1692 quoque
543 1619 686 1678 dominus
716 1625 820 1677 noster
851 1637 906 1678 rex
936 1636 1007 1679 suas
1031 1635 1087 1695 per
1109 1622 1228 1679 litteras
1251 1621 1430 1679 firmissime
1452 1622 1542 1679 nobis
1565 1637 1650 1680 man·

389 1723 483 1796 davit,
507 1732 539 1782 ut
562 1727 678 1783 tributa
701 1726 764 1794 illa,
781 1727 812 1784 in
829 1728 943 1800 quibus
957 1725 1108 1785 libertatis
1125 1726 1306 1785 eorumdem
1323 1728 1440 1785 civium
1456 1729 1646 1786 contrarium

388 1830 484 1902 fieret,
508 1837 542 1888 ut
564 1848 620 1905 per
648 1832 774 1890 eosdem
806 1834 888 1891 cives
919 1835 1019 1906 regios
1042 1835 1193 1892 tributum
1219 1839 1462 1908 extorqueretur,
1487 1834 1572 1892 illico
1593 1849 1649 1908 pro

388 1952 442 1994 sua
466 1938 625 1996 maiestate
655 1953 807 2013 occupare
839 1940 1031 1998 deberemus.
1064 1940 1218 1997 Volumus
1250 1940 1381 2013 denique
1404 1939 1436 1998 id
1467 1941 1499 1998 in
1522 1940 1598 1999 foris
1620 1947 1650 1998 et

388 2045 456 2102 aliis
480 2045 556 2102 locis
579 2045 801 2104 nundinalibus
833 2047 958 2120 publice
982 2053 1012 2104 et
1037 2046 1196 2104 manifeste
1226 2047 1422 2119 proclamari.
1453 2046 1649 2106 presentibus

388 2151 541 2223 perlectis,
565 2151 722 2209 exhibenti
746 2153 901 2210 restitutis.
926 2153 1040 2210 Datum
1066 2152 1215 2225 Zagrabie
1240 2152 1315 2210 feria
1339 2161 1424 2211 sexta
1447 2159 1517 2210 ante
1534 2152 1646 2211 festum

389 2257 469 2315 beati
486 2258 608 2316 Nicolai
624 2258 770 2331 episcopi.
787 2261 877 2316 Anno
894 2259 1011 2318 domini
1030 2259 1197 2316 millesimo
1219 2257 1521 2332 quadringentesimo
1545 2265 1649 2317 octua-

387 2365 504 2435 gesimo
528 2359 673 2443 (quarjlo

492 2501 625 2564 Originnle
644 2503 670 2550 in
691 2503 786 2553 charta.
807 2504 838 2550 In
858 2503 972 2566 margine
990 2503 1105 2551 infcriori
1119 2503 1271 2566 impressum
1284 2509 1323 2550 est
1340 2501 1462 2564 sigillum.
1482 2503 1514 2550 In
1532 2502 1647 2551 archivio

386 2589 431 2640 lib.
452 2605 495 2653 reg
523 2590 592 2640 civit.
613 2590 712 2653 zagrnb.

987 2821 1079 2886 340.

492 2964 571 3012 Anno
593 2965 666 3030 1485,
690 2963 729 3014 16.
749 2965 911 3029 septembris.
931 2964 1077 3027 Zagrnbiae.

388 3071 535 3133 Statumm
563 3077 685 3148 capituli
711 3076 746 3133 de
776 3076 875 3133 solidis
905 3076 942 3131 ab
972 3091 1140 3148 unoquoque
1163 3072 1298 3128 canaitico
1319 3072 1473 3146 quotannis
1496 3079 1647 3146 cotnpana-

901 3183 958 3239 tori
979 3179 1120 3237 solvendis

491 3326 581 3383 Anno
604 3325 721 3384 domini
749 3327 840 3402 1485.
864 3325 940 3383 feria
963 3329 1048 3384 sexta
1072 3328 1143 3397 post
1166 3322 1278 3382 festum
1302 3323 1512 3380 Exaltacionis
1543 3327 1646 3380 sancte

386 3433 492 3504 crucis,
528 3433 707 3492 conclusum
731 3407 786 3491 est
811 3433 1031 3506 capitulariter,
1065 3429 1148 3503 quod
1179 3430 1321 3503 pulsator
1352 3429 1417 3488 sive
1448 3435 1647 3504 campanator

386 3539 478 3596 huius
503 3539 586 3597 alme
609 3540 737 3596 ecclesie
760 3555 777 3596 a
801 3539 943 3612 quolibet
966 3537 1092 3594 absente
1109 3536 1222 3594 habeat
1237 3535 1363 3608 triginta
1380 3537 1515 3609 quinque
1530 3533 1647 3618 solidos

385 3644 464 3702 inira
487 3660 602 3702 annum
625 3661 662 3702 ex
685 3651 773 3718 parte
785 3644 935 3702 offertorii
952 3649 981 3701 et
997 3657 1076 3716 aque
1092 3641 1252 3700 benedicte
1268 3641 1379 3700 diebus
1396 3641 1643 3712 dominicalibus,

386 3757 416 3809 et
447 3757 564 3822 oetera;
597 3751 623 3808 si
658 3758 759 3808 autem
784 3751 967 3824 contingerit
1000 3750 1138 3822 aliquem
1162 3749 1263 3807 lacere
1285 3749 1438 3806 minorem
1462 3748 1646 3818 absenciam,

386 3857 485 3932 posita
510 3873 577 3930 una,
601 3857 769 3915 secundum
792 3858 947 3915 racionem
970 3857 1074 3915 minus
1097 3855 1196 3914 eidem
1221 3855 1331 3913 solvat.

489 3995 567 4043 Liber
585 3995 678 4042 rubeus
698 4009 753 4045 ven.
775 3993 858 4058 Capit.
877 3995 977 4056 zngrab.
999 3995 1031 4040 In
1049 3992 1144 4041 archiv.
1165 3991 1225 4042 incl.
1246 3991 1329 4040 Acad.
1351 3991 1439 4040 Scient
1467 3990 1536 4040 slav.
1555 3989 1645 4039 merid.

976 4203 1057 4269 341.

491 4330 571 4378 Anno
593 4329 667 4390 1486,
688 4329 711 4378 8.
732 4328 829 4393 aprilis.
850 4329 947 4378 Budae.

385 4439 529 4508 Martias,
553 4439 729 4512 Hungarr'ae
751 4446 801 4498 etc.
824 4457 886 4508 rex,
911 4438 1034 4511 capitulo
1051 4436 1202 4510 praecepit,
1225 4441 1258 4491 ul
1278 4433 1452 4507 Gregortitm
1475 4433 1509 4492 de
1533 4431 1649 4492 Stubt'ca

573 4547 604 4603 in
626 4546 700 4604 salis
715 4544 830 4618 fodinis
845 4543 1057 4618 perquirendis,
1081 4541 1303 4615 operandoque,
1327 4537 1456 4617 arlslsvet.

1086 4681 1240 4729 Commissio
1260 4679 1362 4745 propria
1381 4679 1479 4728 domini
1499 4678 1572 4741 regis.

490 4798 621 4855 hlathias
657 4797 706 4855 dei
741 4797 844 4870 gracia
875 4811 928 4852 rex
959 4795 1125 4868 Hungarie‚
1162 4793 1307 4852 Bohemie
1337 4797 1392 4850 etc.
1431 4791 1648 4860 Honorabiles,

386 4904 495 4962 fideles
518 4905 607 4962 nobis
631 4903 743 4962 dilecti.
767 4901 1032 4960 Commiseramus
1055 4915 1154 4973 nuper
1177 4899 1277 4957 nobili
1308 4897 1459 4970 Gregorio
1483 4895 1522 4954 de
1545 4895 1648 4952 Zthw·

385 5013 489 5084 ayma,
514 5015 547 5068 ut
569 5010 636 5084 ipse
659 5009 803 5068 inbonis
826 5013 857 5066 et
880 5007 1043 5065 territoriis
1066 5005 1279 5079 quorumlibet
1307 5002 1535 5076 regnicolarum
1561 5000 1649 5072 regni
