3932 5806
402 519 462 578 266
763 519 835 576 Doc.
857 533 928 596 204.
952 530 1021 593 205.
1044 553 1088 563 -
1111 520 1166 576 An
1190 513 1280 595 1458.

398 727 492 778 Salaad
516 745 570 780 can.
596 728 658 779 eccl.
683 729 783 793 zagrab.
810 746 843 782 m.
869 747 893 795 p.
923 732 980 794 Ego
1006 729 1134 779 Gerardus
1153 729 1185 778 de
1204 729 1286 778 Patalr
1306 745 1360 780 can.
1380 728 1442 780 eccl.
1462 727 1562 792 zagrab.
1582 743 1616 779 nr.
1636 743 1661 792 p.

398 819 456 880 Ego
474 817 577 866 Blasius
596 817 628 866 de
646 817 829 882 Nemesburgh
848 835 904 868 can.
929 817 1049 867 similiter
1074 819 1170 882 pretate
1189 818 1252 869 eccl.
1272 834 1326 869 can.
1346 833 1378 867 m.
1398 833 1423 883 p.
1453 819 1511 880 Ego
1531 817 1661 864 Martinus

397 906 430 954 de
449 906 550 969 Ratges
569 906 601 954 de
619 905 752 971 Reyfinicz
777 923 830 958 can.
857 907 917 956 eccl.
945 907 1046 970 zagrab.
1065 923 1098 959 m.
1117 923 1142 971 p.
1161 923 1202 955 mc
1223 907 1371 972 subscripsi.
1399 908 1458 970 Ego
1476 905 1610 970 Johannes
1629 905 1661 953 de

398 995 539 1043 liartineez
557 1010 611 1045 can.
631 994 731 1057 zngrab.
750 995 799 1044 hec
817 1012 850 1046 m.
870 1011 895 1060 p.
916 1012 936 1044 s.
956 997 1014 1058 Ego
1033 996 1189 1054 Demetrius,
1208 996 1368 1044 decretorum
1381 995 1477 1052 doctor,
1491 1009 1546 1045 can.
1559 992 1660 1058 zagrab.

397 1083 424 1130 in
444 1099 553 1147 persona
579 1083 694 1146 magistri
722 1083 826 1132 Nicolai
853 1085 886 1131 de
913 1084 1058 1132 Zabothina
1085 1085 1201 1132 canonici
1229 1083 1402 1147 zagrabiensis
1426 1083 1475 1131 hec
1494 1081 1584 1146 scripsi
1603 1082 1661 1146 ipso

400 1177 518 1234 presente
537 1177 562 1219 et
581 1171 725 1228 mandante,
745 1171 907 1236 presentibus
926 1171 1037 1220 dominis
1061 1171 1093 1218 de
1116 1170 1230 1235 capitulo
1249 1178 1274 1220 et
1293 1171 1449 1220 videntibus.
1478 1171 1537 1234 Ego
1555 1169 1659 1218 Blasins

399 1259 431 1307 de
450 1259 592 1308 Glauuicza
610 1275 665 1310 can.
685 1260 746 1308 eccl.
766 1260 865 1324 nagrnb.
884 1260 927 1309 hic
946 1276 986 1308 me
1005 1275 1038 1310 m.
1058 1275 1082 1324 p.
1103 1259 1252 1324 subscripsi.
1280 1307 1283 1312 ,

501 1437 579 1486 Liber
598 1437 692 1485 rubeus
713 1452 768 1486 ven.
789 1437 870 1501 Capit.
893 1437 993 1499 zagrab.
1015 1438 1047 1484 In
1065 1434 1161 1485 archiv.
1180 1434 1239 1485 incl.
1261 1435 1343 1484 Acad.
1364 1434 1452 1484 Scient
1479 1433 1548 1485 Slav.
1568 1433 1659 1483 merid.

976 1719 1067 1784 204.

500 1912 580 1960 Anno
601 1913 675 1976 1458,
698 1925 736 1962 12.
756 1911 853 1975 aprilis.
875 1910 1023 1974 Zagrabine.

401 2037 563 2112 Capitulum
587 2039 732 2096 constituit
752 2046 780 2096 et
800 2038 940 2112 designat,
964 2046 998 2095 nt
1018 2040 1149 2095 canonici
1170 2041 1284 2112 aegroti
1303 2057 1365 2096 cum
1395 2039 1475 2094 sanis
1508 2042 1657 2111 quaestum

817 2163 1002 2237 sigillationis
1024 2164 1234 2222 communicent.

498 2324 588 2379 Anno
611 2321 729 2380 domini
752 2323 915 2382 MCCCCL
930 2329 1050 2396 octavo,
1066 2322 1144 2382 teria
1160 2331 1270 2397 quarta
1287 2324 1430 2398 proxima
1453 2327 1523 2379 ante
1539 2320 1652 2379 festum

392 2428 474 2485 beati
496 2428 635 2487 Tiburcii
666 2430 810 2500 martiris,
843 2431 986 2503 proxime
1014 2437 1155 2501 ventura,
1180 2445 1286 2488 omnes
1310 2429 1428 2487 domini
1451 2427 1490 2486 de
1513 2427 1650 2502 capitulo

392 2548 450 2606 pro
473 2537 547 2591 tunc
568 2535 600 2592 in
623 2535 815 2608 sigillarione
836 2542 992 2610 presentes
1015 2537 1160 2595 concordi
1183 2543 1213 2594 et
1236 2536 1374 2595 unanimi
1398 2540 1471 2593 voto
1495 2535 1654 2593 concluse·

392 2646 463 2698 runt
486 2650 517 2699 et
539 2640 671 2700 finniter
694 2641 841 2717 deinceps
864 2643 1026 2701 observari
1048 2647 1229 2714 statuerunt,
1253 2641 1336 2716 quod
1360 2656 1467 2699 omnes
1490 2641 1589 2712 egroti
1614 2655 1653 2697 ex

392 2747 525 2806 dominis
549 2753 578 2805 et
601 2748 782 2807 infirmitate
806 2749 939 2807 notabili
962 2747 1120 2822 depressi,
1144 2748 1198 2821 qui
1220 2748 1337 2806 scilicet
1359 2748 1474 2805 intrare
1497 2745 1537 2802 ad
1568 2745 1654 2818 sigil-

394 2853 544 2912 lacionem
567 2868 630 2912 non
645 2860 779 2928 possent,
799 2854 1015 2912 nonobstante
1035 2869 1145 2913 eorum
1160 2853 1310 2922 absencia,
1333 2867 1411 2926 quos
1435 2857 1538 2910 tamen
1554 2851 1653 2908 racio·

392 2959 506 3017 nabilis
530 2965 655 3018 excusat
678 2961 830 3033 molestia,
854 2965 1003 3034 tanquam
1026 2961 1058 3018 in
1092 2959 1283 3033 sigillacione
1313 2961 1470 3033 presentes
1505 2957 1650 3015 omnibus

389 3064 486 3138 sigilli
515 3066 724 3138 proventibus
754 3067 996 3125 misericorditer
1027 3067 1197 3140 pociantur,
1229 3064 1312 3138 quod
1343 3065 1503 3137 perpetuis
1534 3077 1652 3121 succes·

389 3171 464 3228 sivis
486 3172 681 3245 temporibus
697 3170 954 3244 irrefragabiliter
969 3173 1161 3242 observetur,
1184 3176 1218 3226 ut
1242 3184 1278 3228 eo
1301 3170 1396 3228 modo
1412 3169 1523 3228 caritas
1545 3174 1653 3226 mutua

389 3276 429 3333 ad
453 3276 639 3334 alterutrum
661 3277 827 3336 radicetur.

494 3463 572 3512 Liber
590 3464 684 3513 rubeus
703 3479 760 3516 ven.
782 3463 865 3529 Capit.
885 3465 985 3528 zagrab.
1006 3467 1038 3514 In
1055 3463 1159 3514 archiv.¹
1171 3464 1231 3514 incl.
1252 3465 1335 3513 Acad.
1355 3463 1442 3514 Scient
1471 3462 1539 3514 Slav.
1559 3461 1648 3513 merid.

973 3747 1058 3812 205.

492 3937 572 3988 Anno
594 3939 669 4004 1458,
689 3939 713 3989 6.
733 3940 801 3989 maii.
822 3940 969 4004 Zagrabine.

391 4077 495 4134 Coram
518 4078 643 4151 capitulo
665 4078 850 4152 cognobiensi
870 4080 1055 4138 communitas
1077 4081 1201 4138 civitatis
1223 4080 1447 4138 intercessionem
1455 4080 1537 4154 facit
1549 4085 1649 4136 contra

536 4185 691 4242 Mcoloum
714 4186 910 4260 aurifabrum,
929 4187 999 4260 quia
1014 4186 1159 4261 judi'cium
1182 4187 1307 4244 civitatis
1330 4186 1497 4259 contempsit.

489 4347 552 4404 Nos
569 4349 740 4422 capitulum
753 4349 880 4407 ecclesie
903 4349 1118 4422 zagrabiensis.
1142 4349 1291 4406 Memorie
1314 4347 1568 4406 commendamus
1592 4365 1648 4422 per

382 4459 546 4528 presentes,
578 4454 660 4528 quod
692 4455 817 4528 providi
840 4461 870 4513 et
900 4455 1114 4528 circumspecti
1138 4455 1199 4512 viri
1221 4453 1381 4512 Conradus
1405 4455 1542 4526 Rawsar,
1567 4453 1644 4511 alias

382 4558 491 4635 judex,
515 4565 545 4618 et
568 4560 705 4618 Thomas
729 4560 872 4634 Croacus,
896 4563 979 4620 cives
1002 4561 1135 4618 civitatis
1160 4561 1274 4618 montis
1298 4559 1459 4618 Grecensis
1491 4558 1529 4617 de
1560 4559 1647 4616 iuxta

383 4664 575 4739 Zagrabiam,
609 4667 641 4725 in
664 4669 804 4740 ipsorum
826 4683 944 4726 necnon
966 4666 1084 4744 judicis,
1107 4667 1289 4744 juratorum,
1312 4673 1547 4739 ceterorumque
1579 4667 1645 4724 uni·

382 4787 546 4830 versorum
569 4773 685 4832 civium
712 4787 747 4831 ac
773 4774 1016 4832 inhabitatorum
1042 4782 1072 4832 et
1101 4775 1282 4845 incolarum,
1310 4775 1469 4846 tociusque
1501 4787 1640 4830 commu-

382 4879 487 4936 nitatis
518 4880 652 4938 civitatis
683 4881 797 4938 montis
828 4879 988 4938 Grecensis
1019 4881 1156 4954 predicte
1185 4882 1363 4939 nominibus
1390 4887 1420 4936 et
1448 4880 1480 4936 in
1507 4879 1646 4952 personis

382 4989 520 5044 nostram
543 4985 719 5060 specialiter
743 4986 898 5044 venientes
920 4988 953 5044 in
975 4989 1167 5062 presenciam
1185 5003 1240 5062 per
1263 4986 1392 5045 modum
1408 4985 1643 5060 protestacionis
