3764 5924
421 542 489 596 sao
837 524 913 582 Doc.
928 537 1008 600 394.
1036 557 1070 566 -
1095 523 1271 601 Ati-1499.

422 745 591 811 contentus,
625 739 709 813 quod
743 739 800 796 illa
823 740 906 799 bona
935 739 1049 796 iterum
1083 742 1287 800 restituantur
1320 741 1370 800 illi
1393 743 1535 816 ecclesie,
1558 759 1621 801 nou
1644 743 1696 801 ob

422 853 522 906 stante
544 845 667 904 indulto
689 860 708 902 a
731 845 804 902 sede
827 846 999 918 apostolica
1031 847 1198 920 superinde
1221 847 1337 906 habito.
1359 848 1435 930 Jura
1458 855 1569 906 autem
1593 855 1624 908 et
1646 849 1692 906 lit·

423 960 487 1012 tere
511 952 712 1024 fundacionis,
743 967 804 1024 que
828 952 984 1025 pertinent
1005 951 1047 1010 ad
1070 952 1229 1026 prelatum
1252 953 1434 1025 claustrum,
1462 961 1537 1012 suut
1561 954 1694 1028 reposita

423 1060 458 1122 in
479 1058 619 1116 sacristia
641 1056 770 1118 ecclesie
800 1056 998 1114 chasmensis.
1021 1057 1082 1115 Pro
1105 1059 1218 1120 tabula
1241 1063 1346 1119 autem
1369 1059 1408 1116 ad
1432 1074 1523 1118 aram
1549 1073 1695 1132 magnam

425 1171 457 1222 et
489 1163 679 1222 ornamentis
712 1176 748 1220 ac
782 1162 861 1248 aliis
875 1163 1110 1222 necessitatibus
1132 1163 1276 1222 eiusdem
1299 1163 1372 1237 lego
1395 1163 1462 1222 flor.
1476 1169 1625 1224 centum.
1648 1163 1693 1221 Ad

425 1271 590 1330 ecclesiam
623 1269 772 1328 Omnium
802 1273 980 1326 sanctorum
1015 1271 1047 1327 in
1082 1268 1193 1328 eadem
1227 1271 1389 1344 provincia
1412 1270 1565 1341 Iwaniclr,
1600 1269 1640 1327 ad
1662 1284 1693 1326 ea

420 1376 601 1447 necessaria,
624 1375 739 1448 quibus
761 1375 861 1446 magis
883 1374 1008 1447 indiget,
1031 1376 1103 1448 lego
1125 1375 1191 1434 flor.
1207 1376 1321 1449 viginti
1343 1377 1491 1450 quinque.
1517 1377 1570 1434 Ad
1595 1391 1694 1434 neces·

426 1483 530 1542 sitates
552 1481 679 1539 ecclesie
701 1481 851 1538 Omnium
873 1487 1056 1538 sanctorum
1078 1481 1109 1538 in
1134 1481 1252 1555 oppido
1276 1481 1449 1540 Zalathnolr
1471 1483 1547 1556 lego
1563 1482 1634 1547 ilor.
1650 1481 1692 1538 vi·

423 1589 502 1662 giuti
524 1587 669 1660 quinque,
685 1595 716 1644 et
732 1585 887 1660 capellam
899 1585 1018 1644 ibidem
1040 1593 1220 1646 executores
1236 1585 1350 1646 saciant
1365 1586 1464 1659 finire,
1482 1588 1692 1660 ordinentque

423 1697 605 1753 ornamenta
627 1691 832 1750 sacerdotalia
854 1707 891 1748 ac
913 1707 1054 1766 mappas,
1078 1693 1202 1766 aliaque
1225 1693 1396 1752 necessaria
1419 1693 1459 1751 ad
1482 1693 1634 1762 eandem;
1652 1693 1694 1753 sic

422 1799 567 1859 similiter
597 1797 760 1856 ecclesiam
788 1797 887 1855 sancti
916 1796 1054 1856 Ladislai
1081 1799 1114 1855 in
1141 1797 1215 1856 Zala
1243 1805 1423 1858 executores
1445 1799 1564 1861 faciant
1604 1799 1695 1856 finire

422 1909 453 1963 et
475 1903 619 1962 ordinent
640 1903 761 1973 calices,
784 1909 967 1960 ornamenta
992 1903 1196 1962 sacerdotalia
1219 1919 1256 1963 ac
1278 1915 1411 1979 mappas
1433 1907 1596 1976 altarium,
1620 1904 1696 1961 alia·

422 2027 484 2085 que
516 2011 688 2072 necessaria
714 2009 755 2067 ad
789 2010 929 2068 eandem.
951 2010 1030 2068 Item
1052 2011 1226 2084 Alphouso,
1260 2011 1328 2069 filio
1359 2011 1493 2070 condam
1531 2009 1691 2084 magnifici

423 2117 543 2180 domini
564 2116 717 2198 Johannis
740 2115 813 2188 Tua,
845 2115 934 2174 tratri
967 2131 1047 2188 meo,
1070 2117 1143 2190 lego
1165 2116 1233 2177 flor.
1255 2116 1354 2189 mille,
1370 2116 1410 2175 ad
1430 2117 1493 2175 alia
1516 2115 1690 2176 necessaria

423 2222 496 2284 dedi
518 2220 776 2282 informacionem
798 2223 1023 2280 executoribus.
1047 2223 1125 2280 ltem
1148 2223 1322 2292 Nicolaum,
1345 2222 1446 2281 filium
1471 2223 1611 2282 condam
1627 2221 1688 2280 Ste

423 2329 518 2402 phani
539 2326 655 2398 Dersty
677 2342 749 2385 cum
771 2326 889 2401 Sophia
912 2328 1046 2402 parvula
1066 2341 1176 2386 sorore
1198 2343 1262 2400 sua,
1286 2329 1443 2401 orphanos
1466 2335 1496 2386 et
1519 2328 1610 2395 omni
1637 2339 1688 2400 spe
1754 2311 1759 2323 ’

422 2434 591 2504 destitutos,
614 2447 675 2490 una
698 2448 770 2490 cum
792 2434 882 2492 bonis
904 2439 935 2491 et
959 2435 1205 2507 possessionibus
1228 2433 1413 2492 eorumdem
1443 2433 1639 2492 commendo
1659 2432 1688 2489 in

422 2541 652 2616 proteccionem
685 2545 716 2598 et
749 2540 886 2612 graciam
921 2542 1004 2613 regie
1041 2540 1209 2598 maiestatis
1232 2539 1415 2614 supplicans
1451 2541 1628 2610 humiliter,
1658 2542 1688 2594 ut

422 2663 479 2723 per
500 2647 638 2722 aliquem
661 2662 699 2704 ex
722 2646 865 2718 dominis,
888 2647 939 2705 cui
961 2647 1061 2720 magis
1084 2651 1261 2720 competere
1284 2645 1452 2720 videbitur,
1476 2644 1574 2704 saciat
1596 2644 1689 2703 maie-

424 2761 488 2812 stas
522 2768 578 2812 sua
608 2752 735 2810 eosdem
757 2752 902 2810 inbonis
933 2753 1074 2826 ipsorum
1097 2751 1264 2811 defendere
1285 2757 1317 2810 et
1339 2757 1549 2824 manutenere,
1574 2751 1684 2810 eidem·

426 2875 486 2934 que
520 2859 650 2917 Nicolao
685 2859 755 2931 lego
789 2858 854 2917 flor.
878 2863 1030 2916 trecentos
1061 2862 1091 2915 et
1126 2858 1232 2931 puelle
1265 2857 1382 2932 Sophie
1404 2857 1469 2916 flor.
1494 2859 1686 2932 quingentos.

423 2966 500 3022 ltem
522 2964 683 3022 sororibus
708 2964 794 3034 meis,
817 2963 926 3022 relicte
949 2961 1082 3021 condam
1105 2962 1243 3021 Ladislai
1266 2962 1406 3036 Pethlray
1428 2964 1500 3036 lego
1524 2963 1595 3022 flor.
1618 2977 1683 3019 cen·

424 3079 500 3138 tum,
524 3069 622 3141 alteri,
645 3069 736 3126 uxori
760 3067 905 3142 Caeparis
924 3068 1060 3160 Gywlay
1082 3067 1150 3127 tlor.
1168 3073 1292 3126 centum
1309 3073 1340 3126 et
1362 3069 1463 3141 tercie,
1486 3071 1598 3128 relicte
1621 3081 1686 3124 con·

423 3177 496 3238 dam
527 3175 674 3249 Casparis
713 3176 838 3248 Fanchy
873 3176 1016 3233 similiter
1049 3174 1114 3232 flor.
1149 3182 1280 3234 centum.
1304 3175 1468 3234 Francisco
1490 3193 1601 3252 puero,
1624 3173 1686 3232 filio

422 3282 535 3359 prefati
557 3281 695 3340 Ladislai
710 3281 856 3354 Pethlray,
874 3282 945 3354 lego
967 3281 1032 3340 ssor.
1056 3281 1281 3354 quinquaginta
1297 3285 1328 3339 et
1348 3283 1498 3355 magistro
1514 3281 1555 3340 de
1579 3279 1683 3340 Inarclr

422 3388 488 3446 llor.
511 3393 635 3446 centum
671 3387 902 3460 quinquaginta.
937 3386 1014 3444 Item
1038 3387 1160 3459 ingenia
1183 3386 1222 3444 de
1245 3388 1353 3446 castris
1376 3387 1504 3446 ecclesie
1526 3389 1588 3446 sub
1610 3396 1686 3467 pena

421 3493 751 3554 excommunicacionis
782 3493 844 3550 late
875 3493 1028 3550 sentencie
1057 3491 1146 3550 nullo
1178 3499 1270 3566 pacto
1300 3499 1513 3568 exportentur,
1535 3493 1682 3568 quoniam

428 3615 466 3657 ex
497 3599 701 3672 proventibus
730 3599 859 3658 ecclesie
891 3597 1033 3656 ordinata
1054 3603 1133 3670 sunt,
1156 3603 1188 3656 et
1210 3597 1340 3671 dignum
1362 3603 1418 3668 est,
1441 3603 1476 3657 ut
1506 3614 1632 3675 semper
1653 3596 1682 3653 'm

425 3705 543 3765 eisdem
576 3705 682 3764 castris
713 3719 771 3778 pro
801 3705 931 3764 ecclesia
960 3711 1146 3764 remaneant.
1170 3705 1217 3763 De
1239 3704 1369 3778 reliquis
1392 3719 1467 3764 vero
1490 3706 1587 3764 rebus
1609 3701 1682 3762 meis

422 3812 574 3870 universis
610 3810 775 3884 disponant
809 3817 988 3869 executores
1023 3811 1085 3868 mei
1106 3809 1193 3886 juxta
1225 3809 1456 3884 discrecionem,
1480 3811 1680 3886 prudenciam

421 3923 451 3976 et
474 3917 695 3976 conscienciam
718 3917 859 3990 ipsorum
882 3921 975 3990 prout
990 3915 1191 3990 superindea
1211 3931 1262 3974 me
1278 3915 1534 3976 informacionem
1557 3919 1678 3982 habent,

421 4029 657 4097 coutententque
691 4028 721 4082 et
755 4021 943 4081 satisfaciant
977 4022 1185 4082 familiaribus
1226 4025 1314 4084 meis.
1356 4025 1543 4084 Executores
1579 4028 1679 4084 autem

418 4130 511 4188 huius
533 4130 706 4188 testamenti
729 4135 760 4187 et
791 4129 901 4186 ultime
932 4130 1105 4188 voluntatis
1130 4145 1198 4188 mee
1221 4130 1313 4204 eligo,
1337 4131 1456 4202 ordino,
1480 4133 1632 4190 constituo
1653 4129 1681 4183 et

418 4233 498 4292 facio
529 4235 722 4293 venerabiles
745 4234 897 4293 dominos:
923 4235 1081 4292 Andream
1104 4234 1301 4294 decretorum
1326 4236 1496 4309 doctorem,
1520 4235 1681 4300 kathedra

417 4340 498 4411 lem,
528 4340 700 4423 Johannem
731 4341 949 4413 goriezensem‚
977 4341 1111 4398 alterum
1136 4341 1293 4400 Andream
1316 4342 1462 4400 similiter
1489 4341 1678 4401 decretorum

417 4445 587 4521 doctorem,
618 4445 758 4517 Kemlek,
793 4446 1045 4517 archidiaconos;
1079 4452 1110 4504 et
1145 4447 1282 4506 alterum
1314 4448 1487 4528 Johannem
1512 4447 1677 4510 custodem,

416 4554 578 4611 canonicos
601 4551 720 4626 prefate
748 4553 876 4612 ecclesie
900 4568 968 4611 mee
990 4553 1211 4626 zagrabiensis;
1236 4555 1312 4612 item
1347 4554 1488 4627 egregios
1511 4553 1675 4626 Georgium

419 4659 600 4732 Kerecheny
635 4658 786 4716 vicarium
828 4659 1034 4732 temporalem
1077 4659 1274 4732 episcopatus
1317 4659 1379 4718 mei
1413 4665 1443 4718 et
1484 4660 1675 4718 Franciscum

415 4766 529 4824 Keczer
551 4766 590 4823 de
613 4764 752 4823 Radwan
774 4763 944 4824 familiares
957 4779 1042 4823 meos
1065 4765 1223 4839 speciales,
1240 4766 1354 4839 quibus
1369 4767 1532 4824 committo
1557 4771 1589 4824 ut
1611 4775 1675 4840 pre·

415 4873 509 4930 missa
532 4869 643 4948 majori
666 4885 727 4946 qua
762 4877 892 4945 possunt
916 4870 1080 4944 diligencia
1113 4886 1150 4928 ac
1183 4870 1337 4929 indefessa
1368 4871 1578 4930 sollicitudine
1610 4881 1673 4930 exe·

414 4983 548 5052 quantur
571 4977 648 5035 locis
670 4978 733 5036 suis
756 4983 786 5035 et
810 4977 1003 5052 temporibus
1025 4976 1219 5052 opportunis,
1243 4977 1297 5036 ubi
1310 4993 1384 5036 vero
1400 4979 1504 5037 omnia
1528 4977 1671 5054 premissa
