3932 5806
692 631 766 692 Dcc.
789 642 856 708 197.
881 665 924 677 -
947 632 1003 690 An.
1028 625 1117 710 1458.
1465 649 1526 712 ²59

265 736 597 743 ———---——--
607 737 680 743 -——
721 740 738 744 -.
747 739 1008 744 Μηη-μη-
1023 739 1037 742 -
1049 739 1101 744 —...
1183 739 1287 745 .,-...---
1301 739 1461 744 ψ--ψ-
1471 740 1505 745 .-

860 841 942 911 19¹1.

368 981 450 1030 Anno
470 982 545 1048 1458,
565 994 590 1033 2.
607 982 726 1046 januarii.
744 981 892 1046 Zagrabiae.

269 1105 372 1164 Coram
395 1109 521 1182 capitulo
542 1109 660 1182 zagrab.
683 1111 868 1166 cmnmunitas
890 1110 1017 1168 cruciatis
1038 1111 1072 1170 de
1103 1111 1215 1187 injuria
1237 1129 1256 1168 a
1275 1105 1415 1185 'Bogavcc
1436 1111 1528 1168 Mila-

416 1211 508 1286 kovic‘,
530 1215 672 1285 rusciano,
695 1215 853 1274 castellano
875 1217 967 1273 castri
992 1216 1125 1287 Medvcd,
1147 1218 1233 1275 illata
1256 1225 1375 1274 recusat.

375 1355 438 1415 Nos
460 1357 635 1432 capitulum
668 1358 797 1416 ecclesie
830 1360 1045 1434 zagrabiensis.
1081 1362 1229 1420 Memoris
1266 1359 1522 1418 commendamus

260 1477 317 1534 per
339 1469 505 1536 presentes,
539 1464 623 1537 quod
646 1465 773 1538 providi
796 1471 825 1522 et
860 1466 980 1524 honesti
1013 1467 1074 1524 viri
1108 1461 1255 1525 Nicolaus
1289 1472 1403 1538 sartor,
1439 1465 1524 1524 filius

260 1548 460 1628 Damiani'et
481 1569 599 1642 Petrus,
623 1570 708 1628 filius
733 1571 861 1641 Malecz,
883 1568 977 1646 jurati
999 1573 1083 1630 cives
1106 1573 1239 1632 civitatis
1262 1574 1377 1647 regalis
1410 1573 1524 1632 montis

260 1671 422 1732 Grecensis
452 1674 490 1732 de
521 1677 608 1733 iuxta
638 1675 823 1750 Zagrabiam
846 1677 878 1734 in
900 1678 1040 1751 ipsorum
1061 1694 1097 1736 ac
1129 1677 1249 1754 judicis,
1284 1677 1459 1754 juratorum
1494 1683 1526 1734 et

259 1780 479 1838 universorum
502 1782 619 1840 civium
635 1799 671 1840 ac
694 1784 792 1841 tocius
815 1785 1045 1842 communitatis
1079 1785 1212 1843 civitatis
1250 1785 1389 1858 predicte
1424 1785 1523 1842 nomi-

259 1885 350 1944 nibus
374 1891 404 1945 et
429 1887 462 1945 in
492 1889 633 1962 personis
655 1888 695 1946 ad
729 1894 868 1946 nostram
903 1891 1109 1963 personaliter
1142 1891 1298 1950 venientes
1332 1891 1525 1964 presenciam

258 1993 350 2050 nobis
373 2009 429 2066 per
452 1993 581 2052 modum
606 1995 842 2068 protestacionis
858 1995 1033 2067 significare
1050 2002 1196 2054 curarunt
1218 1997 1251 2054 in
1270 1997 1352 2054 hunc
1374 1995 1521 2054 modum:

259 2098 418 2171 quomodo
441 2101 583 2172 egregius
606 2099 772 2173 Bogawecz
795 2099 1022 2173 Mylakowych.
1039 2103 1204 2173 cuscianus,
1227 2101 1415 2160 castellanus
1430 2103 1523 2160 castri

258 2204 379 2263 Medwe
403 2207 513 2278 vocati,
536 2222 593 2280 per
605 2205 773 2264 familiares
789 2213 819 2264 et
842 2207 1008 2266 servitores
1030 2222 1112 2278 suos,
1136 2207 1279 2266 similiter
1301 2209 1465 2280 rascianos,
1492 2209 1525 2265 in

258 2315 352 2369 estate
375 2315 405 2370 et
427 2317 599 2386 autumpno
622 2313 765 2386 proxime
788 2313 952 2386 preteritis,
976 2313 1082 2386 plures
1107 2328 1203 2386 equos
1226 2313 1380 2372 dictorum
1407 2315 1524 2372 civium

260 2416 394 2475 civitatis
425 2417 570 2492 predicte,
602 2417 748 2476 videlicet
777 2419 873 2476 Blasii
895 2419 1086 2492 Wytesychy
1116 2425 1146 2476 et
1171 2419 1293 2478 Andree
1323 2419 1523 2492 Symwnych‚

259 2536 378 2580 necnon
401 2524 517 2582 Mathie
541 2523 750 2596 Kerzawaych
785 2539 821 2582 ac
855 2525 997 2597 magistri
1033 2525 1153 2583 Nicolai
1186 2524 1299 2584 medici
1332 2531 1362 2583 et
1386 2525 1522 2584 aliorum

259 2642 353 2700 quam
388 2630 527 2703 plurium
562 2631 677 2688 civium
713 2631 794 2688 dicte
828 2632 961 2688 civitatis
995 2633 1026 2689 in
1062 2647 1173 2705 campo
1215 2632 1352 2690 eiusdem
1388 2632 1521 2690 civitatis

259 2731 374 2792 furtive
394 2736 533 2809 recipere
552 2743 582 2794 et
605 2751 668 2810 quo
698 2753 751 2794 sue
775 2738 942 2811 placuisset
965 2738 1118 2796 voluntati
1141 2737 1295 2796 abducere
1318 2745 1348 2796 et
1371 2739 1410 2795 ab
1445 2739 1521 2811 ipsis

257 2840 381 2898 civibus
411 2841 547 2900 alienare
570 2850 601 2900 et
624 2819 794 2916 deperdere
818 2843 954 2914 fecisset;
977 2859 1012 2902 ac
1036 2845 1161 2919 insuper
1186 2860 1242 2918 per
1264 2845 1390 2902 eosdem
1407 2843 1520 2903 famili-

256 2959 324 3004 ares
347 2961 418 3005 suos
441 2949 604 3019 rascianos,
627 2948 710 3006 idem
735 2949 899 3022 Bogawecz
933 2951 1127 3020 castellanus,
1152 2951 1230 3008 duos
1265 2952 1364 3008 boves
1400 2951 1518 3009 civium

258 3052 391 3111 civitatis
421 3053 559 3128 predicte
589 3053 875 3129 infrascriptorum,
908 3071 1002 3113 unum
1034 3057 1179 3114 videlicet
1211 3056 1330 3114 Nicolai
1354 3056 1515 3139 Jagodych

258 3163 288 3216 et
310 3159 409 3217 alium
432 3160 538 3218 relicte
561 3158 706 3232 Symonis
736 3159 925 3234 Smolchych
948 3162 1092 3220 similiter
1113 3163 1146 3220 in
1177 3167 1350 3236 autumpno
1375 3163 1519 3236 proxime

257 3265 405 3336 preterito
428 3266 460 3324 in
483 3265 593 3324 eodem
616 3281 728 3341 campo
752 3268 886 3325 civitatis
919 3267 1058 3340 predicte
1093 3267 1207 3326 furtive
1241 3269 1379 3342 recipere
1414 3275 1444 3326 et
1477 3269 1517 3326 ad

255 3370 431 3444 predictum
454 3379 590 3430 castrum
614 3373 733 3431 Medwe
759 3372 910 3431 deducere
934 3380 963 3431 et
986 3373 1104 3431 ibidem
1128 3373 1300 3432 interficere
1323 3375 1413 3432 acin
1445 3390 1519 3432 usus

255 3491 328 3535 suos
351 3483 381 3536 et
403 3477 607 3536 familiarium
630 3493 758 3537 suorum
784 3485 961 3537 convertere
982 3477 1112 3538 lecisset.
1128 3479 1399 3553 Quorumquidem
1422 3481 1519 3538 boum

255 3588 348 3656 cutes,
371 3589 405 3641 ut
428 3582 549 3658 dicitur,
570 3585 654 3658 apud
678 3584 848 3658 quemdam
863 3591 1001 3643 sutorem
1026 3585 1063 3642 de
1086 3587 1218 3643 abbacia
1235 3587 1413 3644 monasterii
1431 3587 1519 3644 beate

255 3689 352 3748 Marie
375 3691 513 3764 virginis,
536 3691 653 3750 ordinis
677 3692 886 3764 cisterciensis,
911 3694 942 3750 in
965 3708 1036 3750 area
1059 3697 1165 3750 nostra
1188 3693 1353 3766 capitulari
1386 3691 1514 3763 fundati,

255 3796 310 3869 qui
338 3811 395 3870 per
425 3798 551 3856 eosdem
582 3799 738 3857 rascianos
769 3798 808 3855 ad
832 3797 1008 3872 predictum
1031 3803 1168 3856 castrum
1192 3798 1313 3856 Medwe
1336 3798 1513 3869 advocatus,

254 3901 379 3960 easdem
402 3907 487 3962 cutes
507 3905 547 3962 ab
571 3904 688 3962 eisdem
711 3905 857 3962 rascianis
884 3919 943 3979 pro
978 3907 1108 3979 pecunia
1143 3910 1355 3978 comparasset
1390 3909 1420 3962 et
1443 3919 1515 3977 erga

254 4007 387 4067 eundem
409 4016 547 4068 sutorem
570 4011 726 4084 recognite
748 4018 778 4068 et
800 4027 859 4085 pro
882 4012 994 4069 maiori
1016 4011 1199 4070 certitudine
1221 4013 1413 4086 recaptivate
1436 4011 1512 4068 exti-

253 4113 368 4172 tissent.
390 4115 426 4172 ln
449 4116 692 4190 quibusquidem
715 4117 901 4190 supradictis
925 4117 1015 4175 furtis
1038 4123 1069 4176 et
1092 4117 1236 4191 dampnis
1258 4119 1326 4192 ipse
1349 4117 1515 4190 Bogawecz

254 4221 440 4281 castellanus
469 4239 527 4296 per
553 4223 689 4298 prefatos
714 4223 884 4282 familiares
908 4230 939 4282 et
961 4226 1126 4282 servitores
1149 4239 1221 4282 suos
1245 4223 1375 4298 prefatis
1392 4223 1514 4282 civibus

254 4327 388 4385 civitatis
418 4328 556 4401 predicte
588 4330 757 4404 plusquam
789 4335 912 4388 centurn
940 4329 1072 4389 florenos
1101 4332 1169 4388 auri
1193 4329 1329 4406 dampna
1353 4329 1514 4388 intulisset

252 4432 382 4507 Insuper
415 4434 499 4492 idem
531 4435 706 4509 Bogawecz,
727 4437 787 4494 hiis
810 4437 940 4496 minime
976 4441 1143 4508 contentus,
1179 4436 1343 4494 Nicolaum
1377 4441 1515 4494 sutorem

252 4539 353 4596 civem
377 4540 509 4598 civitatis
532 4542 679 4616 predicte,
703 4543 778 4602 dum
803 4521 938 4601 eundem
960 4558 1032 4601 cum
1054 4558 1116 4601 uno
1139 4541 1240 4618 jurato
1263 4541 1396 4616 predicti
1421 4539 1514 4616 judex

253 4650 282 4700 et
303 4642 398 4720 jurati
420 4647 556 4704 civitatis
579 4648 718 4722 predicte
742 4650 824 4709 circa
845 4650 950 4724 ipsum
974 4649 1140 4722 Bogawecz
1164 4649 1367 4706 castellanum
1390 4647 1430 4705 ad
1445 4663 1515 4722 pre-

252 4747 372 4808 dictum
394 4757 531 4810 castrum
554 4753 674 4813 Medwe
697 4756 729 4812 in
763 4755 902 4830 predicta
925 4760 1021 4813 estate
1053 4755 1134 4812 circa
1169 4753 1282 4813 festum
1316 4754 1516 4813 sacratissimi

252 4857 392 4930 corporis
415 4857 539 4932 Christi,
562 4860 625 4920 iam
648 4861 841 4936 preteritum,
864 4862 896 4920 in
918 4877 955 4919 eo
979 4860 1215 4932 destinaverant,
1238 4864 1273 4918 ut
1294 4861 1362 4935 ipse
1384 4858 1423 4918 de
1438 4860 1515 4934 ipsis

252 4961 461 5022 familiaribus
494 4971 523 5023 et
554 4967 758 5027 servitoribus
789 4968 852 5026 suis
874 4968 1036 5039 rascianis,
1072 4968 1125 5041 qui
1148 4967 1252 5040 ipsum
1276 4965 1441 5025 Nicolaum
1464 4982 1513 5024 su·

250 5075 351 5128 torem
380 5070 411 5128 in
442 5070 533 5130 vinea
561 5074 672 5132 suain
702 5074 857 5132 territorio
889 5073 1022 5132 civitatis
1054 5073 1191 5148 predicte
1221 5069 1327 5130 habita
1354 5075 1395 5130 ab
1428 5073 1513 5132 omni

1407 5174 1424 5212 t
