3932 5806
708 541 781 599 Doc.
804 551 874 615 250.
899 573 940 583 —
963 539 1020 599 An.
1045 534 1137 618 1466.

874 873 959 940 250.

387 1069 468 1120 Anno
490 1068 564 1132 1466,
585 1081 626 1134 23.
646 1069 771 1133 Augusti.
790 1067 939 1132 Zagrabiae.

281 1215 310 1272 A
333 1213 462 1284 Mathia,
485 1215 663 1288 Hungan'as
683 1221 733 1284 etc,
756 1232 831 1287 rege,
852 1214 1015 1271 societatum
1036 1218 1166 1269 stamta:
1185 1210 1341 1285 pellfficum
1361 1217 1390 1267 et
1401 1209 1545 1285 artificum

318 1339 477 1413 frenorum
501 1355 536 1395 ac
556 1337 777 1412 corregiotomm
799 1339 829 1394 in
852 1337 966 1395 auriota
988 1335 1091 1392 montes
1120 1332 1270 1392 Greccnsis
1291 1333 1508 1407 confimontur.

387 1499 451 1558 Nos
482 1499 614 1558 Mathias
646 1498 696 1558 dei
724 1499 828 1572 gracia
851 1514 906 1556 rex
929 1497 1096 1570 Hungarie,
1118 1496 1289 1566 Dalmacie‚
1312 1494 1463 1554 Chroacie
1486 1500 1542 1554 etc

282 1607 433 1664 Memoria
464 1605 720 1664 commendamus
749 1609 857 1663 tenore
887 1604 1083 1678 presencium
1115 1601 1333 1675 significantes,
1357 1601 1471 1674 quibus
1494 1617 1546 1660 ex·

281 1710 368 1785 pedit
398 1711 558 1782 universis,
589 1710 674 1785 quod
704 1725 769 1782 nos,
801 1716 868 1768 tum
899 1708 940 1768 ad
968 1709 1172 1768 nonullorum
1194 1707 1338 1766 fidelium
1360 1711 1541 1766 nostrorum

281 1817 459 1875 humillime
489 1817 731 1892 supplicacionis
761 1817 943 1875 instanciam
974 1831 1031 1889 per
1063 1829 1115 1873 eos
1138 1829 1196 1889 pro
1220 1819 1309 1888 parte
1331 1813 1540 1872 universitatis

281 1922 456 1996 pellificum
471 1931 502 1980 et
524 1923 681 1982 artificum
704 1922 872 1994 frenorum,
897 1938 932 1980 ac
954 1923 1194 1994 corrigiatorum
1217 1920 1249 1978 in
1271 1921 1330 1978 hac
1352 1919 1477 1978 civitate
1492 1934 1546 1977 no·

280 2035 344 2086 stra
366 2031 481 2088 montis
511 2027 675 2087 Grecensis
704 2045 786 2088 nunc
810 2028 1076 2086 commorancium
1099 2032 1129 2085 et
1154 2013 1348 2086 infuturum
1373 2040 1546 2084 commora-

282 2143 425 2193 turorum
440 2141 544 2194 nostre
559 2141 726 2210 propterea
749 2140 892 2210 porrecte
914 2134 1078 2207 maiestati,
1100 2139 1168 2191 tum
1191 2147 1275 2205 vero,
1299 2137 1333 2188 ut
1353 2131 1449 2190 iidem
1464 2137 1546 2190 artes

281 2242 424 2316 ipsorum
448 2256 484 2298 eo
505 2241 634 2300 liberius
658 2257 802 2300 exercere
825 2242 958 2313 valeant,
983 2239 1101 2298 eisdem
1117 2238 1307 2314 pellificlbus
1322 2244 1351 2296 et
1375 2237 1546 2296 artificibus

280 2346 312 2406 id
335 2348 474 2420 graciose
504 2347 702 2406 annuendum
727 2347 874 2406 duximus
898 2355 927 2406 et
951 2345 1191 2417 concedendum,
1215 2345 1313 2403 immo
1335 2343 1500 2403 annuimus
1516 2350 1546 2403 et

280 2452 478 2511 concedimus
507 2469 565 2528 per
594 2460 761 2528 presentes,
792 2459 826 2512 ut
856 2454 918 2528 ipsi
936 2458 966 2512 et
997 2467 1106 2512 eorum
1135 2451 1274 2510 universi
1302 2465 1494 2509 successores
1516 2455 1547 2509 et

279 2559 406 2633 posteri,
429 2560 575 2618 omnibus
599 2559 664 2618 illis
680 2560 880 2618 libertatibus
896 2565 925 2618 et
948 2557 1232 2628 consuetudinibus,
1256 2556 1371 2631 quibus
1393 2556 1546 2629 pellifices

281 2670 311 2722 et
332 2665 467 2723 artifices
482 2665 615 2724 aliarum
639 2665 811 2725 liberarum
828 2666 991 2724 civitatum
1006 2670 1184 2724 nostrarum
1206 2667 1335 2721 utuntur
1358 2667 1388 2721 et
1403 2662 1547 2737 gaudent,

280 2769 393 2829 futuris
427 2787 553 2846 semper
582 2772 762 2831 successivis
792 2772 989 2845 temporibus
1019 2771 1065 2829 uti
1087 2770 1206 2845 possint
1237 2775 1268 2827 et
1290 2768 1434 2842 gaudere.
1459 2769 1545 2842 item,

280 2879 392 2953 primo,
417 2879 500 2952 quod
531 2880 591 2954 ipsi
613 2894 702 2938 more
732 2879 868 2938 aliorum
902 2879 1078 2954 pellificum
1117 2883 1147 2936 et
1178 2875 1335 2935 artificum
1366 2876 1546 2934 societatem

280 2985 452 3056 vulgariter
474 2986 545 3043 czeb
569 2986 755 3044 habencium
779 3000 838 3061 pro
861 3001 893 3042 se
915 2985 1016 3044 libere
1038 2985 1216 3042 societatem
1232 2981 1333 3040 iacere
1356 2997 1392 3039 ac
1415 2981 1546 3054 singulis

280 3092 367 3150 annis
390 3091 469 3150 inter
491 3107 524 3150 se
547 3091 699 3151 decanum
715 3093 767 3150 vel
786 3092 974 3165 magistrum
989 3089 1168 3150 huiusmodi
1184 3089 1339 3148 societatis
1362 3089 1547 3146 constituere

280 3197 400 3270 possint
429 3212 465 3255 ac
495 3198 628 3270 valeant,
659 3198 714 3272 qui
744 3199 847 3272 ipsam
877 3199 1058 3256 societatem
1088 3203 1176 3270 regat
1197 3201 1227 3253 et
1250 3195 1411 3253 universas
1434 3209 1542 3252 causas

279 3311 423 3376 pretextu
445 3305 564 3361 arcium
587 3311 618 3362 et
632 3305 779 3371 laborum
797 3305 939 3379 ipsorum
963 3311 993 3362 et
1016 3304 1094 3362 alias
1118 3303 1386 3377 qualitercumque
1403 3300 1547 3360 oriendas

283 3409 440 3482 imprimis
464 3409 577 3482 videat,
601 3410 728 3468 dirimat
744 3415 773 3468 et
789 3410 946 3470 discuciat.
961 3411 999 3468 Et
1011 3410 1096 3483 quod
1119 3409 1226 3468 nullus
1241 3409 1368 3466 omnino
1384 3408 1547 3466 hominum

278 3515 364 3588 ipsos
386 3515 439 3574 vel
462 3515 600 3590 aliquem
625 3533 662 3575 ex
685 3517 762 3591 ipsis
785 3517 817 3574 in
833 3517 1084 3591 quibuscumque
1100 3517 1200 3574 causis
1222 3516 1347 3572 racione
1368 3513 1548 3572 huiusmodi

279 3623 396 3680 arcium
420 3627 451 3680 et
472 3621 618 3680 laborum
641 3624 781 3698 ipsorum
798 3624 830 3682 in
845 3623 1037 3697 presenciam
1054 3623 1164 3681 iudicis
1188 3628 1218 3680 et
1232 3623 1407 3679 iuratorum
1429 3620 1547 3678 civium

279 3729 345 3787 eius
374 3730 507 3787 civitatis
538 3736 642 3788 nostre
672 3730 725 3788 vel
755 3730 890 3788 aliorum
921 3730 1059 3789 iudicum
1082 3730 1181 3802 aliter,
1206 3744 1301 3802 quam
1325 3727 1412 3802 prius
1436 3727 1543 3784 huius·

279 3835 365 3892 modi
389 3851 478 3893 cause
501 3851 557 3909 per
582 3836 769 3908 magistrum
781 3835 862 3894 dicte
877 3837 1032 3895 societatis
1043 3839 1185 3910 ipsorum
1201 3835 1338 3893 discusse
1360 3841 1390 3893 et
1413 3834 1547 3892 iudicate

279 3941 402 4013 luerint,
427 3941 592 3998 convenire
615 3941 720 4014 possit.
744 3941 830 4012 Item,
855 3943 938 4015 quod
963 3958 1054 4001 nemo
1077 3943 1158 4000 inter
1182 3957 1234 4000 eos
1257 3941 1405 4014 magister
1428 3940 1547 3998 arcium

278 4053 308 4105 et
330 4047 477 4104 laborum
501 4047 641 4120 ipsorum
667 4046 736 4104 fieri
754 4049 858 4120 possit,
875 4048 934 4107 nisi
945 4049 980 4120 is,
1004 4049 1059 4122 qui
1083 4047 1200 4106 eisdem
1223 4053 1253 4105 et
1277 4046 1415 4106 societati
1437 4060 1546 4104 eorum

278 4152 316 4210 ad
349 4151 527 4211 huiusmodi
558 4160 640 4211 artes
671 4152 827 4212 sufficiens
856 4153 1025 4226 videbitur,
1057 4157 1087 4212 et
1117 4153 1155 4212 ad
1188 4155 1292 4228 ipsum
1327 4153 1542 4226 magisterium

276 4259 396 4316 arcium
418 4264 448 4315 et
471 4259 649 4316 societatem
672 4274 729 4334 per
745 4261 932 4332 magistrum
955 4260 1095 4318 eiusdem
1116 4259 1281 4330 societatis,
1305 4259 1359 4332 qui
1382 4273 1440 4332 pro
1465 4263 1543 4315 tem·

277 4379 353 4438 pore
375 4361 467 4420 luerit
500 4365 693 4436 constitutus,
724 4372 901 4440 acceptatus
933 4365 1034 4438 fuerit,
1058 4375 1088 4424 et
1111 4365 1183 4424 talis
1206 4366 1238 4424 in
1262 4365 1476 4438 magisterium
1497 4379 1547 4421 ac·

277 4469 447 4543 ceptandus
471 4471 575 4542 primo
608 4472 825 4529 communitati
846 4473 999 4530 societatis
1023 4471 1101 4529 duos
1124 4471 1256 4530 florenos
1277 4471 1345 4528 auri
1366 4476 1397 4528 et
1412 4475 1547 4542 quatuor
1619 4543 1621 4546 Ι

276 4575 374 4632 libras
397 4591 466 4632 cere
489 4575 627 4647 solverit,
643 4576 695 4633 vel
725 4577 876 4649 magistro
899 4578 1038 4636 eiusdem
1060 4577 1215 4636 societatis
1238 4583 1269 4636 et
1291 4577 1361 4634 aliis
1386 4577 1544 4649 magistris

276 4696 374 4739 unum
404 4681 573 4755 prandium
604 4681 733 4740 dederit.
764 4682 915 4756 Preterea,
947 4683 1031 4758 quod
1069 4684 1177 4744 nullus
1208 4683 1339 4758 pellifex
1370 4688 1401 4741 et
1431 4681 1544 4740 artifex

275 4787 436 4847 frenorum
467 4793 497 4846 et
527 4788 767 4861 corrigiatorum
797 4766 1088 4848 extrasocietatem
1111 4790 1255 4864 ipsorum
1277 4788 1463 4847 constitutus
1486 4802 1539 4845 au·

276 4894 347 4952 deat
377 4909 432 4952 seu
462 4900 625 4968 presumat
655 4893 688 4952 in
717 4895 785 4968 ipsa
808 4895 933 4955 civitate
956 4894 1239 4954 artes-huiusmodi
1262 4909 1418 4965 exercere;
1442 4893 1546 4968 siqui

275 5015 351 5060 vero
382 5005 569 5074 exercerent,
600 5001 711 5058 talium
743 5001 917 5076 pellificum
948 5002 1001 5060 vel
1039 5001 1197 5060 artificum
1227 5000 1365 5075 labores,
1396 4999 1545 5072 magister

1435 5099 1455 5140 a
