3948 5804
748 570 822 631 Doc.
840 583 894 646 33.
920 601 958 612 -
981 570 1036 627 An.
1061 581 1149 648 1422.
1532 587 1569 647 41

310 673 420 682 ..—

307 785 548 843 instrumentum
571 801 628 858 per
650 785 749 842 alium
772 783 908 843 fideliter
932 785 1094 859 scriptum,
1117 784 1190 842 licet
1213 785 1284 844 aliis
1306 801 1365 859 pro
1389 791 1461 844 tunc
1485 786 1576 844 cerlis

309 905 358 951 me
380 897 531 966 occupato
553 891 688 964 negociis
711 890 917 963 arduissimis,
942 890 1053 948 exinde
1069 889 1196 962 conieci,
1218 891 1388 966 publicavi,
1405 891 1576 965 subscripsi

310 997 394 1055 etin
416 997 495 1055 hanc
518 995 653 1055 formam
677 997 839 1071 publicam
863 995 981 1068 redegi,
992 997 1143 1070 signoque
1165 1002 1195 1055 et
1217 997 1341 1056 nomine
1364 1013 1399 1056 ac
1415 998 1572 1072 subscrip·

311 1103 398 1161 cione
420 1103 498 1160 meis
533 1103 632 1161 solitis
656 1107 686 1160 et
710 1103 863 1160 consvetis
897 1117 1031 1161 unacum
1065 1103 1254 1178 appensione
1284 1103 1382 1176 sigilli
1412 1103 1576 1162 reverendi

310 1208 342 1267 in
365 1207 489 1268 Christo
512 1209 610 1284 patris
633 1208 751 1267 domini
774 1207 923 1290 Johannis
954 1207 1095 1282 episcopi
1125 1209 1334 1280 zagrabiensis
1368 1211 1583 1284 suprascripti.

310 1311 546 1387 diligentissime
569 1314 750 1388 consignavi
772 1319 899 1388 rogatus
922 1319 954 1372 et
976 1314 1143 1386 requisitus
1159 1315 1189 1372 in
1206 1311 1301 1374 fidein
1318 1321 1347 1373 et
1362 1316 1574 1374 testimonium

308 1421 448 1479 omnium
472 1427 502 1479 et
525 1420 722 1494 singulorum
745 1420 979 1496 premissorum.
1056 1503 1061 1512 ¹

416 1607 549 1672 Originale
568 1607 664 1673 duplex
683 1609 710 1657 iu
729 1608 883 1658 membrana.
903 1609 930 1658 A
951 1623 1015 1658 zoua
1024 1608 1095 1658 rubri
1105 1615 1130 1658 et
1141 1608 1193 1658 albi
1205 1608 1297 1660 coloris
1310 1609 1439 1675 appendet
1452 1609 1574 1674 sigillum.

310 1697 342 1746 Iu
361 1697 430 1746 arch.
450 1713 506 1748 ven.
527 1696 611 1762 Capit.
630 1698 732 1762 zagrab.
752 1699 814 1750 Act.
834 1697 919 1764 Capit.
937 1705 989 1748 ant.
1009 1699 1071 1749 iasc.
1091 1699 1115 1751 6.
1135 1699 1182 1748 Nr.
1204 1711 1245 1751 21.

918 2035 980 2101 33.

414 2235 487 2280 huno
509 2240 584 2292 1422,
604 2240 628 2292 7.
648 2227 800 2281 decembris.
819 2228 934 2282 Posonii.

310 2371 512 2448 Segismundus
534 2391 588 2431 rex
612 2371 771 2431 Slavoniae
792 2373 867 2432 bano
888 2375 1016 2444 mandat,
1040 2383 1074 2432 ut
1093 2393 1145 2434 suo
1160 2377 1272 2433 nmine
1286 2376 1359 2433 cedes
1374 2375 1576 2449 sagrabienses

870 2479 1014 2559 defendat.

1020 2619 1174 2670 Commissio
1192 2621 1296 2686 propria
1314 2620 1411 2670 domiui
1430 2621 1505 2684 regis.

416 2729 636 2804 Sigismundus
659 2729 710 2789 dei
732 2731 835 2804 gracia
858 2717 1072 2789 Romanorum
1095 2747 1158 2802 rex,
1190 2747 1315 2806 semper
1349 2735 1505 2806 augustus,
1541 2746 1577 2790 ac

313 2837 482 2912 Hungarie,
505 2836 661 2908 Bohemie,
684 2835 854 2908 Dalmacie,
878 2835 1005 2894 Croacie
1030 2842 1086 2909 etc,
1108 2853 1174 2898 rex.
1198 2837 1299 2896 Fideli
1322 2843 1428 2896 nostro
1458 2839 1577 2911 magni·

312 2943 372 3002 fico
394 2944 482 3016 regni
504 2941 668 3002 Sclauonie
689 2944 771 3001 bano
794 2943 846 3000 vel
879 2943 978 3018 ipsius
1008 2943 1159 3002 vicebano
1193 2943 1326 3002 salutem
1362 2950 1392 3002 et
1428 2946 1576 3019 graciam.

314 3049 394 3108 Cum
429 3065 485 3108 nos
518 3046 645 3126 judices,
679 3049 806 3126 juratos,
841 3049 1066 3124 universosque
1099 3051 1191 3122 cives,
1223 3051 1361 3125 hospites
1393 3057 1423 3110 et
1455 3051 1573 3110 incolas

311 3161 415 3215 nostre
430 3156 565 3216 civitatis
577 3156 792 3231 Zagrabiensis
807 3157 903 3214 simul
915 3173 986 3214 cum
999 3157 1151 3215 universis
1167 3157 1401 3230 hereditatibus,
1419 3159 1575 3231 rebusque

312 3269 342 3321 et
365 3263 454 3322 bonis
477 3264 619 3338 ipsorum
642 3264 844 3338 quibuslibet,
867 3260 956 3338 justis
979 3269 1090 3338 utputa
1119 3271 1149 3322 et
1173 3265 1343 3338 legittimis,
1379 3266 1409 3322 in
1433 3270 1572 3322 nostram

310 3370 429 3444 regiam
452 3371 627 3445 recepimus
651 3369 880 3444 proteccionem
904 3373 934 3427 et
957 3369 1088 3427 tutelam
1111 3370 1288 3444 specialem,
1323 3371 1449 3444 viteque
1472 3377 1576 3428 nostre

312 3476 482 3534 maiestatis
505 3480 535 3534 et
558 3491 690 3550 persone
713 3481 817 3534 nostre
841 3475 1071 3533 commissimus
1095 3477 1269 3548 tuicionem,
1299 3477 1395 3549 igitur
1426 3475 1572 3535 fidelitati

312 3585 414 3640 vestre
447 3581 580 3642 firmiter
614 3583 820 3656 precipientes
856 3581 1049 3654 mandamus,
1085 3589 1235 3655 quatenus
1270 3581 1408 3656 prefatos
1431 3579 1575 3658 judicem,

312 3686 431 3765 juratos
454 3701 491 3745 ac
513 3689 675 3748 universos
698 3690 790 3760 cives,
814 3689 952 3764 hospites
976 3695 1005 3746 et
1028 3689 1145 3748 incolas
1167 3695 1271 3748 nostre
1302 3689 1436 3747 civitatis
1459 3689 1576 3762 Zagra-

315 3793 431 3852 biensis
454 3794 550 3853 simul
573 3811 644 3854 cum
667 3795 815 3870 pretactis
836 3795 989 3853 universis
1006 3795 1238 3868 hereditatibus,
1261 3797 1417 3870 rebusque
1441 3803 1471 3856 et
1488 3798 1578 3857 bonis

313 3901 455 3975 ipsorum
480 3901 643 3976 quibusvis
665 3901 763 3978 justis,
787 3907 822 3960 ut
845 3901 1009 3976 prefertur,
1033 3907 1064 3960 et
1094 3902 1243 3975 legitimis
1278 3910 1386 3962 contra
1420 3904 1578 3978 quoslibet

313 4006 496 4081 illegitimos
519 4009 721 4082 impetitores,
744 4009 829 4082 ipsos
861 4009 926 4066 sine
956 4005 1033 4084 juris
1068 4011 1191 4067 tramite
1226 4010 1396 4083 inquietare
1428 4010 1578 4082 volentes,

312 4121 485 4190 protegere,
508 4115 598 4190 tueri,
629 4115 789 4175 defensare
824 4122 854 4174 et
887 4115 1098 4188 indempniter
1132 4123 1292 4173 manutere
1326 4131 1362 4173 ac
1396 4131 1578 4174 conservare

312 4222 495 4281 auctoritate
517 4226 624 4281 nostra
643 4221 728 4294 regia
751 4223 843 4280 vobis
866 4222 898 4279 in
928 4223 986 4278 hac
1018 4227 1108 4295 parte
1141 4221 1293 4278 attributa
1327 4215 1451 4300 (harum
1484 4213 1575 4298 serie)

313 4327 476 4386 mediante.
499 4325 593 4387 Secus
615 4327 717 4387 facere
739 4343 800 4387 non
823 4329 929 4386 ausuri
951 4328 984 4384 in
1007 4327 1175 4401 premissis.
1193 4327 1352 4385 Presentes
1368 4341 1492 4401 quoque
1507 4331 1579 4399 post

313 4449 421 4493 earum
443 4434 595 4493 lecturam
614 4435 704 4493 reddi
726 4433 871 4512 jubemus
894 4435 1091 4508 presentanti.
1115 4435 1231 4492 Datum
1263 4433 1386 4492 Posonii
1410 4435 1440 4492 in
1470 4433 1579 4506 vigilia

316 4541 386 4599 sesti
410 4540 632 4614 Concepcionis
655 4542 785 4615 virginis
807 4541 951 4614 gloriose.
974 4542 1065 4598 Anno
1088 4539 1206 4599 domini
1239 4540 1409 4599 millesimo
1433 4539 1578 4613 quadrin-

289 4636 487 4722 'gentesimo
509 4647 662 4720 vigesimo
685 4647 827 4708 secundo.
851 4647 1030 4720 Regnorum
1052 4653 1229 4706 nostrorum
1253 4647 1504 4720 annoilungarie
1521 4649 1575 4704 etc.

313 4753 454 4813 XXXVI.
478 4755 692 4813 Romanorum
716 4754 885 4814 tredecimo
909 4759 939 4812 et
963 4753 1108 4812 Bohemie
1132 4755 1235 4812 tercio.

417 4941 550 5006 Originale
569 4943 597 4992 in
617 4943 704 4991 charta
723 4951 762 4992 sat
781 4958 892 4994 exesum.
912 4944 944 4991 In
964 4944 1078 5006 margine
1096 4943 1212 4992 inferiori
1228 4944 1379 5007 impressum
1398 4947 1436 4990 est
1454 4939 1576 5004 sigillum.

311 5031 343 5080 In
362 5032 458 5084 archiv.
478 5031 516 5081 lib
543 5048 596 5096 reg.
616 5033 664 5084 civ.
684 5033 783 5096 zagrab.
