3828 5822
330 517 332 522 ’
390 541 455 606 ato
816 527 892 585 Doc.
909 536 984 602 325.
1008 559 1049 569 -
1073 524 1129 584 An.
1151 521 1241 604 1481.

392 739 530 802 dominio
560 740 740 801 earumdem
772 744 895 816 penitus
924 740 1118 801 excludendo
1149 743 1291 817 potencia
1315 743 1470 803 mediante
1493 744 1525 804 in
1547 745 1652 819 prelu-

391 849 506 908 dicium
530 855 560 909 et
576 848 748 924 dampnum
766 849 905 922 ipsorum
921 854 1062 906 actorum
1085 848 1179 906 valde
1202 863 1359 922 magnum.
1375 847 1496 908 Dehinc
1511 851 1652 911 volentes
1675 877 1680 884 ·

389 952 485 1034 ¹iidem
520 955 638 1014 domini
671 953 803 1014 Michaei
836 954 968 1014 decanus
1002 959 1033 1012 et
1067 952 1219 1028 Georgius
1256 955 1419 1030 plebanus,
1443 956 1651 1031 prebendarii,

390 1067 544 1138 pretactas
567 1068 665 1119 terras
687 1061 821 1119 arabiles
845 1065 875 1119 et
906 1060 1011 1120 senilia
1041 1059 1155 1119 sibiet
1177 1060 1267 1119 dictis
1290 1061 1361 1120 aliis
1384 1061 1599 1136 prebendariis
1621 1069 1652 1122 et

387 1161 451 1226 'aris
467 1183 575 1226 eorum
592 1166 630 1226 de
644 1165 712 1243 jure
729 1172 759 1225 et
775 1165 959 1240 abantiquo
975 1166 1130 1240 pertinere
1146 1165 1260 1226 debere
1283 1166 1483 1241 declarantes,
1500 1167 1652 1243 quasdam

390 1281 523 1348 quatuor
545 1274 673 1346 litteras,
697 1289 790 1332 unam
806 1273 883 1331 olim
900 1271 1019 1331 domini
1041 1272 1222 1343 Eberhardi,
1239 1272 1407 1332 secundam
1425 1289 1501 1333 vero
1517 1274 1648 1334 condam

390 1377 509 1439 domiui
531 1379 654 1438 Andree
677 1385 707 1438 et
730 1380 858 1438 terciam
876 1378 1007 1437 condam
1026 1377 1145 1437 domini
1167 1378 1315 1462 Johannis
1338 1380 1557 1454 episcoporum
1575 1380 1656 1440 dicte

389 1485 518 1568 ecclesie
540 1486 755 1559 zagrabiensis,
780 1485 1026 1560 privilegialiter,
1043 1490 1187 1559 quartam
1203 1500 1278 1544 vero
1302 1491 1332 1544 et
1354 1485 1500 1545 ultimam
1517 1491 1656 1546 nostram

388 1591 626 1650 affirmatoriam
657 1597 799 1667 patenter
829 1597 1002 1664 emanatas,
1033 1591 1124 1650 nobis
1152 1591 1299 1650 exhibere
1331 1597 1486 1651 curarunt.
1513 1591 1655 1666 Quarum

390 1698 502 1773 prima,
537 1706 620 1773 puta,
653 1697 726 1756 dicti
757 1697 875 1756 domini
906 1695 1080 1756 Eberhardi
1110 1697 1250 1772 episcopi
1279 1698 1496 1770 zagrabiensis,
1519 1697 1656 1757 secundo

385 1801 439 1863 'die
460 1804 529 1863 festi
553 1803 797 1879 Epiphaniarum
821 1803 947 1875 domini,
971 1819 1051 1862 anno
1082 1802 1221 1862 eiusdem
1251 1803 1421 1862 millesimo
1444 1804 1651 1877 quadringen·

388 1911 500 1969 tesimo
524 1911 628 1986 primo
660 1915 801 1969 emanata
832 1908 1029 1981 declarabat,
1052 1909 1137 1984 qued
1168 1909 1293 1968 discreti
1317 1915 1348 1968 et
1369 1909 1576 1970 honestiviri
1597 1910 1651 1969 do·

384 2017 466 2075 mini
488 2013 687 2092 prebendarii
710 2013 837 2074 ecclesie
858 2015 1066 2089 zagrabiensis
1097 2015 1236 2074 eiusdem
1259 2015 1438 2075 accedentes
1471 2017 1501 2075 in
1529 2033 1655 2092 presen-

385 2117 468 2181 ciam
490 2122 632 2195 detegere
655 2121 853 2194 curavissent,
888 2121 1047 2197 quomodo
1077 2121 1214 2181 universi
1245 2121 1479 2195 predecessores
1511 2123 1651 2182 eiusdem

388 2227 507 2287 domini
530 2227 701 2287 Eberhardi
725 2227 872 2302 episcopi,
889 2227 1025 2286 decimas
1048 2242 1157 2286 eorum
1180 2227 1219 2286 de
1235 2228 1364 2302 singulis
1387 2227 1486 2287 vineis
1508 2229 1649 2305 ipsorum

387 2350 423 2392 ac
454 2333 544 2392 terris
571 2333 708 2408 propriis
738 2333 777 2390 ad
815 2333 954 2408 ipsorum
987 2332 1160 2407 prebendas
1192 2333 1233 2391 ab
1256 2333 1385 2407 antiquo
1406 2333 1594 2407 pertinentes
1617 2335 1650 2394 in

387 2447 609 2516 posterumque
632 2439 669 2498 ad
694 2438 818 2497 easdem
849 2439 1003 2514 pertinere
1027 2439 1192 2512 debendas,
1218 2440 1445 2513 provenientes,
1470 2455 1600 2514 prorsus
1621 2449 1652 2500 et

386 2563 445 2622 per
467 2547 572 2605 omnia
595 2562 654 2620 pro
678 2545 867 2620 quibusdam
884 2546 975 2603 certis
995 2545 1097 2604 missis
1120 2545 1325 2620 celebrandis,
1348 2545 1460 2605 litteris
1483 2547 1514 2606 in
1531 2547 1648 2606 eisdem

384 2651 581 2726 specificatis,
612 2651 770 2710 duxissent
800 2650 1009 2724 remittendas,
1040 2651 1206 2726 ipsumque
1237 2650 1399 2711 dominum
1431 2653 1647 2712 Eberhardum

387 2759 568 2833 episcopum
592 2759 763 2817 subiectiva
779 2773 871 2833 prece
891 2763 1059 2831 rogassent,
1083 2761 1116 2816 ut
1139 2757 1224 2816 idem
1240 2763 1308 2816 rata
1330 2765 1360 2817 et
1383 2765 1510 2832 accepta
1532 2759 1648 2818 habere

386 2880 422 2923 ac
457 2865 573 2924 eisdem
607 2865 793 2923 confirmare
827 2864 1015 2938 dignaretur.
1050 2865 1120 2939 Ipse
1156 2865 1250 2937 igitur
1282 2863 1426 2923 dominus
1448 2865 1647 2924 Eberhardus

382 2972 550 3046 'episcopus
580 2971 688 3030 nolens
713 2969 879 3044 intringere
900 2971 1071 3029 sanctiones
1100 2985 1229 3029 suorum
1251 2969 1516 3045 predecessorum,
1540 2977 1641 3045 postu·

381 3077 538 3136 lacionem
572 3077 755 3136 eorumdem
782 3075 897 3154 justam
928 3091 1106 3150 agnoscens,
1139 3076 1295 3152 predictas
1319 3078 1479 3136 universas
1516 3077 1653 3138 decimas

385 3183 517 3256 singulis
539 3181 626 3242 annis
658 3182 816 3241 devincis
840 3188 869 3241 et
900 3183 992 3242 terris
1023 3182 1233 3258 sepefatorum
1258 3182 1456 3243 dominorum
1479 3183 1652 3258 prebenda·

383 3287 503 3348 riorum
527 3289 691 3364 provenire
721 3287 886 3362 debendas,
911 3289 1069 3363 perpetuis
1091 3288 1204 3347 futuris
1227 3289 1421 3364 temporibus
1445 3289 1583 3351 duxisset
1604 3305 1651 3348 re·

383 3395 549 3454 mittendas
571 3402 601 3454 et
631 3391 823 3468 relaxandas,
855 3401 884 3456 et
908 3401 1046 3470 pretacta
1077 3396 1331 3471 predecessorum
1353 3411 1481 3455 suorum
1504 3403 1572 3456 acta
1587 3398 1650 3456 suis

384 3499 496 3560 litteris
519 3503 726 3562 mediantibus
749 3503 969 3562 confirmasset.
987 3501 1126 3563 Secunda
1142 3519 1217 3562 vero
1234 3502 1424 3576 earumdem,
1444 3510 1520 3578 puta
1535 3503 1648 3578 prelati

384 3607 517 3666 condam
540 3607 658 3668 domini
686 3609 810 3669 Andree
833 3609 972 3684 episcopi
994 3610 1202 3683 zagrabiensis
1224 3610 1343 3669 habens
1363 3609 1396 3668 in
1418 3624 1450 3668 se
1473 3615 1650 3685 transump-

384 3715 448 3774 tive
483 3721 620 3774 tenorem
651 3715 832 3775 earumdem
861 3717 1037 3775 litterarum
1068 3717 1142 3774 dicti
1174 3715 1292 3775 domini
1314 3715 1487 3774 Eberhardi
1510 3716 1649 3791 episcopi

383 3821 599 3896 zagrabiensis,
622 3823 753 3882 sabbato
776 3823 922 3898 proximo
936 3829 1007 3898 post
1024 3822 1137 3882 festum
1153 3823 1348 3882 visitacionis
1369 3823 1498 3896 virginis
1513 3821 1649 3896 gloriose

383 3943 464 3988 auno
487 3929 605 3988 domini
617 3929 786 3988 millesimo
803 3929 1108 4004 quadringentesimo
1130 3945 1211 3988 nono
1232 3928 1379 4000 conlecta,
1401 3927 1553 3987 edocebat
1568 3929 1648 3989 inter

383 4036 454 4106 alia,
478 4035 562 4109 quod
586 4033 671 4094 idem
695 4035 840 4094 dominus
864 4035 1003 4094 Andreas
1026 4036 1191 4110 episcopus
1214 4037 1347 4110 acceptis
1363 4033 1648 4110 supplicacionibus

385 4141 603 4200 universorum
627 4141 907 4216 prebendariorum
930 4143 1010 4202 dicte
1033 4143 1161 4202 ecclesie
1177 4143 1384 4216 zagrabiensis
1407 4142 1468 4200 sibi
1490 4142 1648 4216 porrectis,

382 4248 542 4307 attendens
576 4265 614 4307 ex
647 4248 826 4308 huiusmodi
860 4249 1004 4308 decimali
1040 4250 1232 4308 relaxacione
1267 4250 1387 4308 cultum
1421 4248 1562 4307 divinum
1585 4262 1647 4306 non

382 4353 541 4412 modicum
574 4356 758 4426 excrevisse,
790 4354 926 4430 prefatas
957 4357 1077 4415 litteras
1100 4355 1138 4414 de
1170 4357 1268 4415 verbo
1299 4355 1338 4414 ad
1362 4355 1496 4414 verbum
1519 4355 1648 4413 insertas

382 4460 485 4534 quoad
509 4476 616 4520 omnes
637 4479 708 4521 suas
739 4464 903 4534 clausulas,
927 4469 1058 4538 punctos
1088 4470 1118 4522 et
1141 4463 1288 4522 articulos
1311 4469 1499 4536 acceptasset
1522 4467 1553 4521 et
1575 4461 1647 4520 rati·

381 4565 520 4639 ficasset,
544 4577 573 4626 et
596 4569 799 4628 nihilominus
822 4570 864 4628 ob
888 4569 986 4628 divini
1009 4571 1111 4628 cultus
1135 4577 1336 4642 augmentum
1358 4577 1389 4627 et
1405 4569 1561 4627 dictorum
1577 4583 1646 4642 pre·

381 4673 601 4733 bendariorum
629 4676 877 4735 comodosiorem
907 4677 1163 4735 sustentacionem
1188 4675 1374 4749 innovando,
1395 4681 1547 4751 perpetuo
1570 4674 1648 4732 vali-

380 4785 466 4838 turas
499 4781 718 4842 confirmasset.
761 4783 870 4842 Tereia
905 4782 1037 4857 denique
1072 4797 1178 4841 earum
1213 4783 1332 4841 scilicet
1362 4783 1494 4840 condam
1529 4779 1648 4840 domini

379 4885 529 4969 Johannis
553 4889 692 4963 episcopi
715 4889 819 4947 littera
842 4889 1057 4964 privilegialis,
1080 4888 1230 4962 Zagrabie
1253 4889 1285 4946 in
1308 4887 1387 4947 festo
1411 4889 1494 4948 beati
1517 4887 1645 4946 Bartho-

372 4993 476 5052 :lomei
506 4996 650 5070 apostoli,
681 5010 761 5055 anno
797 4995 916 5056 domini
949 4997 1121 5056 millesimo
1157 4995 1463 5071 quadringentesimo
1493 4994 1644 5070 vigesimo
