3828 5822
674 561 748 618 Dor.
771 556 844 618 282.
871 592 908 604 -
934 561 990 622 An.
1014 574 1102 638 1473.
1449 577 1507 638 351

248 666 399 674 —-———

246 777 477 835 communitatis
507 781 617 850 aptum
647 781 677 834 et
707 780 911 849 preparatum
942 773 1127 846 tendentem,
1151 790 1223 833 curn
1246 775 1382 848 quodam
1406 779 1511 850 spacio

246 887 327 940 terre
350 881 469 940 ibidem
501 899 595 956 penes
619 884 720 956 ipsam
743 881 828 938 viam
852 896 1050 940 communem
1075 897 1093 939 a
1115 886 1204 955 parte
1227 880 1425 941 meridionali
1452 883 1511 941 sito

243 1003 302 1062 pro
332 988 423 1046 horto
447 994 478 1046 et
500 989 600 1046 eciam
622 989 691 1046 aliis
713 987 893 1046 necessariis
916 988 1014 1062 ipsius
1036 971 1161 1046 Martini
1177 989 1306 1048 litterati
1329 995 1411 1064 apto,
1432 989 1512 1047 inter

246 1093 378 1152 eandem
402 1095 487 1152 viam
511 1109 710 1152 communem
733 1092 774 1151 ad
797 1093 954 1166 prefatum
977 1094 1111 1166 gradum
1134 1095 1310 1153 tendentem
1334 1111 1351 1152 a
1374 1100 1512 1168 septem·

244 1200 344 1258 trione
367 1205 398 1258 et
421 1201 502 1258 inter
526 1200 702 1275 predictum
726 1198 858 1257 fundum
881 1200 1022 1274 ipsarum
1044 1201 1206 1258 Elizabeth
1229 1207 1259 1258 et
1275 1201 1402 1273 Agnetis
1419 1201 1512 1258 muli·

245 1321 334 1363 erum
357 1306 398 1364 ab
421 1307 538 1365 oriente
561 1313 632 1365 eta
656 1305 784 1364 meridie
808 1306 951 1363 habitum
967 1321 1002 1363 ac
1028 1307 1107 1364 inter
1131 1307 1306 1381 predictum
1323 1323 1448 1364 murum
1465 1308 1511 1381 ip·

243 1412 307 1471 sius
336 1418 440 1470 nostre
463 1412 693 1470 communitatis
717 1411 758 1468 ab
781 1411 939 1469 occidente
971 1413 1073 1484 situm,
1098 1413 1265 1487 habitoque
1296 1418 1326 1472 et
1348 1413 1509 1487 existente,

244 1516 410 1577 duodecim
433 1535 506 1577 cum
529 1519 633 1578 medio
657 1519 785 1576 brachia
814 1517 914 1576 ferrea
937 1523 968 1576 et
990 1535 1087 1576 unum
1111 1521 1252 1593 quartale
1275 1520 1364 1578 unius
1388 1520 1508 1579 brachii

244 1623 337 1683 ferrei
360 1626 392 1683 in
415 1625 617 1698 longitudine,
640 1632 671 1682 et
694 1625 725 1682 in
748 1623 912 1683 latitudine
927 1639 1041 1682 novem
1064 1626 1192 1684 brachia
1214 1625 1315 1684 ferrea
1338 1641 1410 1684 cum
1425 1641 1503 1684 men·

246 1746 318 1789 sura
340 1731 373 1788 in
395 1747 428 1789 se
450 1732 631 1804 continente,
655 1731 807 1802 habitum,
830 1745 924 1786 unam
949 1730 1165 1789 tantummodo
1189 1738 1335 1804 quartam
1359 1732 1447 1789 curie
1470 1731 1510 1789 ad

244 1852 336 1895 usum
368 1837 501 1895 civitatis
532 1837 651 1911 prefate
678 1839 710 1894 in
739 1841 805 1894 toto
835 1835 867 1892 in
898 1852 930 1892 se
961 1837 1168 1894 continentem
1189 1841 1220 1895 et
1243 1837 1322 1895 inter
1353 1837 1509 1911 quendam

244 1944 342 2000 atium
365 1942 507 2014 fundum,
539 1943 732 2015 domumque
760 1947 789 1999 et
813 1940 957 1999 hedificia
978 1957 1034 1999 nec
1056 1956 1118 2000 non
1140 1943 1270 2000 hortum
1293 1942 1406 2017 prefati
1429 1944 1510 2002 Mar·

243 2049 300 2107 tini
322 2048 450 2106 litterati
481 2053 611 2122 aparte
644 2048 789 2106 videlicet
819 2047 1066 2120 septemtrionali
1089 2048 1233 2106 habitum
1264 2055 1294 2106 et
1320 2048 1512 2118 existentem,

244 2159 273 2212 et
296 2155 376 2213 inter
392 2151 530 2226 domum,
555 2153 749 2227 fundumque
772 2169 808 2211 ac
830 2151 975 2210 hedificia
997 2168 1130 2211 necnon
1152 2154 1278 2212 hortum
1301 2153 1427 2229 providi
1449 2155 1511 2214 viri

242 2261 392 2342 Johannis
423 2261 587 2331 sellatoris,
618 2261 763 2318 similiter
792 2260 968 2318 concivium
997 2265 1188 2334 nostrorum,
1212 2260 1355 2319 habitum
1378 2265 1409 2318 et
1431 2261 1510 2320 exis·

242 2371 368 2440 tentem,
392 2366 528 2424 mediam
560 2367 592 2423 in
623 2370 691 2423 toto
712 2365 832 2423 curiam
863 2365 903 2422 ad
932 2381 1024 2423 usum
1047 2365 1128 2424 dicte
1151 2367 1284 2424 civitatis
1306 2367 1339 2425 in
1361 2383 1393 2426 se
1415 2368 1510 2427 conti·

242 2477 374 2542 nentem,
400 2487 496 2546 quem
525 2475 688 2529 annotatus
712 2473 862 2530 Martinus
886 2471 1041 2528 litteratus
1064 2486 1123 2545 pro
1146 2488 1178 2529 se
1202 2477 1232 2530 et
1255 2471 1319 2530 suis
1342 2472 1509 2532 heredibus

242 2578 410 2636 literatorie
433 2577 570 2636 duxisset
585 2576 817 2648 reservandum,
835 2577 1065 2650 tenendumque
1091 2585 1121 2635 et
1137 2577 1377 2651 possidendum
1404 2580 1509 2653 ipsum

242 2684 359 2742 scilicet
389 2684 558 2742 Martinam
589 2683 747 2741 literatum
778 2684 888 2740 aviro
922 2682 1056 2740 condam
1079 2683 1212 2757 provido
1236 2687 1267 2742 et
1291 2684 1420 2742 honesto
1443 2700 1508 2742 ma·

242 2791 339 2862 gistro
362 2789 499 2862 Georgio
523 2789 652 2861 medico,
669 2790 746 2847 olim
769 2790 913 2847 similiter
930 2790 1056 2847 concive
1072 2794 1186 2856 nostro,
1213 2789 1280 2847 filio
1299 2789 1509 2850 Bartholomei

243 2896 281 2955 de
301 2896 407 2969 Regio,
424 2896 593 2970 empcionis
609 2897 701 2954 titulo
718 2896 888 2962 literatorie
911 2901 1087 2969 tangentem
1103 2902 1133 2954 ct
1157 2903 1399 2969 concernentem,
1415 2905 1509 2971 prout

242 3003 355 3060 hocin
386 3001 522 3076 quadam
552 3002 654 3060 littera
683 3008 789 3059 nostra
823 3017 878 3060 seu
912 3003 1045 3060 civitatis
1067 3001 1186 3076 prefate
1208 3001 1407 3075 privilegiali,
1432 3009 1508 3062 tem-

242 3125 319 3182 pore
341 3109 456 3183 prioris
473 3107 618 3166 videlicet
633 3106 788 3184 judicatus
804 3107 918 3181 prefati
934 3107 1091 3165 Valentini
1113 3106 1222 3182 judicis
1245 3109 1342 3165 nostri
1366 3108 1507 3168 moderni

242 3213 421 3288 supradicti,
445 3213 504 3271 filii
527 3213 705 3286 Mychaelis‚
723 3213 761 3270 de
777 3229 856 3271 anno
873 3213 992 3271 domini
1009 3213 1178 3271 millesimo
1201 3213 1507 3287 quadringentesimo

242 3321 434 3394 sexagesimo
463 3319 607 3391 secundo,
628 3319 759 3377 sabbato
789 3320 936 3394 proximo
960 3326 1030 3392 post
1053 3317 1165 3376 festum
1190 3319 1398 3392 apparicionis
1426 3321 1508 3380 beati

242 3427 401 3484 Michaelis
424 3427 610 3499 archangeli,
634 3425 828 3500 aliquamdiu
853 3426 1044 3500 preteritum,
1063 3440 1120 3499 pro
1144 3431 1232 3498 parte
1256 3426 1353 3499 ipsius
1381 3427 1506 3485 Martini

242 3533 357 3590 literati
378 3532 545 3606 superinde
568 3531 707 3590 confecta
730 3539 759 3590 et
783 3539 926 3590 emanata
948 3547 984 3588 ac
1008 3546 1113 3588 coram
1137 3532 1228 3588 nobis
1251 3532 1282 3589 in
1305 3533 1407 3606 specie
1435 3548 1507 3606 pro-

242 3639 334 3696 ducta
357 3654 501 3712 expresse
532 3639 668 3696 vidimus
692 3639 850 3710 contineri,
873 3638 968 3696 simul
992 3653 1063 3694 curn
1086 3637 1234 3694 omnibus
1257 3637 1395 3695 eiusdem
1413 3640 1507 3696 turris

244 3761 297 3801 sue
320 3760 438 3802 necnon
462 3743 632 3802 fundorum
656 3760 692 3800 ac
708 3743 903 3802 edificiorum
926 3742 1139 3816 predictorum
1155 3743 1186 3800 in
1210 3743 1421 3801 vicinitatibus
1437 3759 1507 3817 pre·

241 3850 331 3908 dictis
354 3851 564 3921 existentibus
588 3852 704 3908 cunctis
730 3850 926 3920 utilitatibus
961 3847 1091 3924 juribus,
1126 3849 1242 3920 usibus,
1279 3848 1508 3921 integritatibus

240 3971 276 4013 ac
306 3956 575 4013 fructuositatibus
607 3963 637 4013 et
667 3955 864 4028 pertinenciis
895 3956 1047 4012 universis
1078 3955 1214 4012 claustro
1242 3969 1295 4011 seu
1319 3955 1507 4013 monasterio

241 4063 368 4121 ecclesie
402 4063 491 4120 beate
521 4063 617 4120 Marie
642 4077 766 4135 semper
797 4062 927 4134 virginis
950 4061 1086 4134 gloriose
1109 4060 1243 4118 fratrum
1276 4061 1508 4118 Heremitarum

241 4168 357 4227 ordinis
380 4169 463 4226 beati
488 4168 576 4225 Pauli
608 4169 703 4240 primi
734 4168 892 4226 Heremite
923 4167 955 4224 in
985 4167 1200 4240 promontorio
1224 4166 1415 4239 zagrabiensi
1436 4182 1507 4224 con·

240 4281 357 4332 structo
393 4281 423 4332 et
458 4273 587 4331 fundato
617 4281 646 4331 et
677 4289 734 4346 per
765 4289 955 4347 consequens
986 4273 1136 4331 fratribus
1169 4273 1336 4330 Heremitis
1368 4272 1507 4331 eiusdem

239 4381 357 4438 ordinis
380 4381 412 4436 in
434 4379 545 4438 eodem
577 4381 713 4438 claustro
737 4397 789 4437 seu
813 4381 1000 4438 monasterio
1024 4395 1082 4452 pro
1107 4388 1248 4453 tempore
1272 4379 1454 4452 degentibus
1477 4384 1507 4436 et

239 4486 420 4557 constitutis,
444 4492 478 4543 ut
501 4483 565 4560 jam
587 4487 676 4543 novis
700 4487 880 4544 concivibus
903 4486 1025 4555 nostris,
1042 4500 1077 4542 ac
1093 4490 1158 4542 toto
1181 4486 1345 4543 conventui
1367 4484 1506 4542 eiusdem

238 4593 365 4650 claustri
388 4607 442 4649 seu
473 4591 651 4650 monasterii
683 4591 810 4649 ecclesie
836 4593 924 4650 beate
948 4593 1043 4649 Marie
1066 4591 1195 4663 virginis
1219 4591 1257 4648 de
1280 4591 1418 4664 predicto
1434 4605 1506 4664 pro·

239 4699 394 4756 montorio
425 4699 617 4771 zagrabiensi
648 4712 706 4770 pro
741 4698 852 4770 viginti
881 4702 951 4755 octo
982 4697 1105 4756 florenis
1136 4698 1204 4754 auri
1235 4713 1291 4770 per
1321 4697 1504 4769 religiosum

238 4804 344 4862 virum
368 4803 498 4862 fratrem
519 4803 711 4878 Stephanum
735 4805 932 4875 heremitam,
956 4804 1109 4862 vicarium
1131 4802 1271 4861 eiusdem
1294 4803 1423 4860 claustri
1450 4819 1503 4860 seu

237 4911 416 4969 monasterii
439 4911 567 4970 ecclesie
585 4913 672 4967 beate
696 4912 793 4969 Marie
808 4912 938 4984 virginis
962 4910 1093 4968 fratrum
1119 4911 1352 4967 Heremitarum
1368 4908 1406 4967 de
1428 4925 1497 4982 pre·

236 5015 319 5074 dicto
343 5017 558 5091 promontorio
581 5017 782 5090 zagrabiensi,
803 5017 905 5076 eidem
929 5018 1061 5076 Martino
1084 5018 1230 5089 litterate,
1257 5023 1350 5091 prout
1374 5015 1505 5091 ipsemet
