3932 5806
412 513 473 572 ²40
823 493 896 554 Doc.
920 489 990 574 176.
1014 527 1057 536 —
1080 493 1136 550 An.
1161 505 1248 571 1453.

409 711 527 770 buisset
560 714 721 785 reportare
755 717 784 766 et
818 709 958 768 eiusdem
992 709 1209 767 execucionem
1243 707 1360 765 eisdem
1394 707 1520 782 reterre,
1544 708 1673 766 minime

407 817 586 887 curavisset,
621 816 718 874 immo
752 831 809 873 nec
843 831 875 873 se
908 814 1026 873 eisdem
1048 819 1311 890 representasset;
1333 815 1375 872 ob
1397 815 1458 872 hoc
1479 815 1541 888 ipsi
1564 813 1673 872 formi-

408 921 518 980 darent
551 937 589 979 ne
625 922 701 996 ipsis
734 922 767 980 in
801 922 860 980 hac
895 927 983 996 parte
1016 921 1049 980 in
1082 935 1174 978 causa
1208 935 1316 978 eorum
1351 925 1525 994 prenotata,
1547 919 1676 994 aliquod

407 1027 581 1102 dampnum
604 1043 658 1084 seu
693 1027 871 1101 periculum
904 1027 1051 1096 eveniret,
1086 1031 1224 1101 petentes
1257 1041 1314 1085 nos
1349 1043 1421 1084 curn
1452 1027 1608 1098 instancia,
1642 1030 1677 1084 ut

406 1134 451 1192 eis
471 1149 567 1192 unum
590 1139 709 1192 certum
732 1133 899 1190 terminum
923 1132 1157 1206 prefigeremus,
1188 1148 1287 1206 usque
1309 1148 1404 1206 quem
1427 1133 1596 1191 terminum
1616 1131 1677 1206 ipsi

406 1239 564 1314 prelatum
586 1240 759 1323 Johannem
782 1244 1018 1313 procuratorem
1040 1239 1181 1313 ipsorum
1211 1239 1442 1311 investigarent,
1473 1239 1675 1309 sciscitarem,

380 1353 385 1364 ’
407 1352 437 1403 et
459 1347 607 1404 rescirent
627 1359 689 1418 quo
714 1343 869 1416 defuisset,
893 1349 999 1403 utrum
1022 1349 1131 1418 captus
1154 1345 1207 1403 vel
1229 1344 1417 1417 interfectus,
1440 1345 1492 1402 rel
1524 1344 1675 1416 infirmus,

407 1451 460 1508 rel
483 1456 626 1508 mortuus
649 1453 729 1508 esset
751 1456 782 1507 et
805 1451 958 1522 existeret,
982 1457 1012 1508 et
1036 1461 1106 1524 quo'
1122 1451 1309 1525 premissam
1331 1466 1440 1509 eorum
1465 1466 1591 1509 causam
1621 1465 1675 1508 seu

305 1617 308 1623 ,
406 1557 503 1629 litem,
525 1571 645 1614 necnon
667 1557 751 1630 ipsas
774 1556 894 1614 litteras
917 1557 1196 1615 transmissionales
1220 1555 1343 1616 iecisset
1365 1563 1395 1615 et
1418 1556 1577 1631 quomodo
1601 1571 1673 1630 pro-

405 1668 540 1721 curasset
563 1678 689 1720 eausam
712 1678 820 1721 eorum
843 1664 1102 1738 prenominatam.
1133 1663 1222 1722 Unde
1251 1679 1317 1736 nos,
1340 1664 1428 1736 regni
1452 1661 1672 1722 consuetudine

404 1771 580 1842 requirente
593 1770 625 1828 in
648 1769 764 1828 talibus
787 1771 949 1828 observari
970 1769 1070 1842 solita,
1094 1769 1210 1828 eisdem
1231 1767 1336 1846 judici,
1358 1768 1478 1846 juratis,
1500 1769 1671 1842 ceterisque

406 1875 527 1933 civibus
550 1876 685 1934 civitatis
710 1875 850 1949 predicte
872 1875 986 1933 montis
1009 1873 1171 1934 Grecensis
1203 1891 1262 1950 pro
1293 1875 1481 1948 exequendis
1511 1872 1674 1949 premissis

406 1981 530 2038 octavas
554 1981 623 2040 festi
647 1981 892 2056 Epiphaniarum
916 1981 1035 2040 domini
1057 1981 1201 2054 proxime
1232 1987 1388 2050 venturas,
1411 1980 1451 2038 ad
1475 1995 1553 2054 quas
1576 1981 1674 2038 eciam

407 2101 513 2144 causas
536 2087 755 2145 universorum
777 2087 933 2145 nobilium
957 2086 1038 2144 dicte
1061 2086 1143 2144 sedis
1165 2094 1269 2145 nostre
1290 2084 1449 2160 judiciarie
1465 2085 1673 2160 zagrabiensis

406 2193 654 2265 prorogavimus,
686 2207 744 2266 pro
775 2193 909 2251 termino
939 2193 1085 2250 duximus
1117 2191 1313 2266 prefigendas
1343 2197 1437 2265 atque
1472 2191 1673 2266 deputandas.

405 2295 506 2372 Super
528 2300 642 2372 quibus
666 2298 761 2358 iidem
785 2299 912 2372 Blasius,
936 2299 1014 2356 alias
1037 2296 1132 2374 judex
1155 2303 1185 2356 et
1207 2299 1356 2371 magister
1371 2299 1504 2357 Mathias
1526 2297 1673 2370 notarius,

404 2405 584 2463 nominibus
606 2409 637 2463 et
659 2405 691 2463 in
713 2405 853 2480 personis
877 2419 1011 2478 quorum
1035 2419 1138 2478 supra,
1161 2404 1280 2462 litteras
1315 2409 1437 2462 nostras
1471 2403 1539 2462 dari
1573 2403 1673 2478 pecie·

404 2515 484 2582 runt,
509 2525 586 2584 quas
607 2525 664 2568 nos
687 2510 793 2583 sigillo
816 2511 932 2585 egregii
953 2509 1080 2582 Georgii
1095 2510 1231 2568 Farcasii
1254 2510 1292 2568 de
1314 2510 1421 2583 EbreS,
1438 2510 1559 2568 comitis
1574 2509 1674 2568 nostri

405 2617 621 2689 zagrabiensis,
646 2617 820 2689 consignari
843 2616 996 2688 facientes,
1020 2616 1137 2674 eisdem
1165 2615 1311 2675 duximus
1346 2616 1557 2675 concedendas
1589 2630 1672 2674 com·

404 2723 492 2780 muni
513 2719 634 2798 justicia
657 2722 812 2780 suadente.
836 2722 953 2780 Datum
976 2721 1126 2796 Zagrabie
1150 2723 1302 2797 vigesimo
1326 2722 1375 2781 die
1408 2723 1531 2781 termini
1563 2737 1672 2796 preno-

405 2829 470 2886 tati.
494 2829 584 2886 Anno
608 2827 727 2886 domini
749 2828 919 2887 millesimo
951 2828 1255 2902 quadringentesimo
1286 2829 1544 2904 quinquagesimo
1566 2829 1670 2888 tercio.

511 2963 644 3028 Originale
671 2964 699 3012 in
726 2963 822 3016 charta.
850 2965 877 3012 A
907 2971 979 3028 tergo
1008 2965 1145 3029 vestigium
1172 2966 1291 3030 impressi
1310 2965 1399 3030 sigilli.
1436 2967 1468 3014 In
1492 2964 1607 3014 archivio
1625 2963 1671 3016 lib.

403 3069 456 3118 reg.
476 3053 523 3101 civ.
542 3053 723 3116 zagrabieusis.

998 3251 1079 3320 176.

509 3407 589 3455 Anno
612 3419 657 3472 145
663 3419 686 3469 3,
709 3419 748 3470 13.
769 3407 923 3459 novembris.
943 3409 1090 3488 Zagrabiae.

404 3533 534 3593 Flebam'
552 3536 682 3594 civitatis
704 3537 824 3610 zagrab.
851 3537 1023 3595 Malliacum
1040 3537 1170 3614 priorem
1185 3535 1434 3608 Praedicatorum,
1450 3545 1592 3612 tommquc
1606 3553 1669 3593 con-

403 3648 516 3698 ventum
539 3659 635 3698 coram
649 3644 761 3716 populo
790 3645 820 3700 in
852 3645 972 3701 ecclesiis
993 3642 1213 3716 parochialibus
1236 3661 1255 3698 a
1278 3660 1310 3701 se
1328 3643 1503 3717 proscrptlos
1525 3643 1667 3700 nuntiant.

508 3785 572 3842 Nos
595 3785 734 3843 Thomas
757 3788 855 3850 sancti
877 3788 1009 3846 Emerici
1033 3785 1071 3846 de
1095 3787 1261 3860 Zagrabia,
1293 3788 1373 3845 alter
1395 3787 1540 3860 Thomna,
1572 3787 1669 3846 sancti

401 3889 549 3972 Johannis
573 3890 612 3948 de
635 3891 724 3949 Nova
747 3892 835 3964 villa,
859 3893 1043 3951 Valentinus
1066 3894 1164 3952 sancti
1180 3895 1329 3954 Anthonii
1346 3893 1385 3951 de
1400 3895 1470 3953 vico
1486 3892 1668 3952 Latinorum

401 3999 432 4053 et
454 3996 620 4070 Philippus
650 3999 748 4056 sancti
780 3999 903 4057 Martini
939 3998 977 4056 de
1012 3999 1163 4056 suburbio
1198 4000 1332 4058 civitatis
1354 4001 1469 4058 montis
1492 3999 1664 4070 Grecensis,

402 4101 603 4160 ecclesiarum
638 4104 863 4177 parochialium
906 4105 1041 4179 plebani.
1075 4105 1195 4163 Tenore
1230 4106 1424 4179 presencium
1466 4105 1663 4164 notificamus

402 4209 548 4266 omnibus
572 4215 729 4284 presentes
753 4212 946 4285 inspecturis,
973 4210 1057 4284 quod
1079 4212 1165 4270 iuxta
1188 4213 1254 4270 vim
1278 4217 1308 4270 et
1332 4211 1466 4270 formam
1491 4211 1666 4270 litterarum

401 4315 676 4373 sentencionalium
711 4317 899 4374 venerabilis
933 4317 994 4375 viri
1025 4316 1143 4375 domini
1178 4319 1310 4389 Martini,
1334 4317 1555 4389 archidyaconi
1578 4316 1668 4374 dubi·

401 4421 499 4478 censis
533 4427 563 4478 et
597 4422 735 4480 canonici
768 4423 800 4480 in
834 4423 962 4480 ecclesia
997 4423 1198 4498 zagrabiensi,
1232 4423 1457 4497 reverendique
1489 4423 1520 4482 in
1544 4423 1667 4481 Christo

400 4528 498 4601 patris
522 4527 642 4585 domini
665 4527 829 4602 Benedicti,
852 4527 902 4587 dei
923 4534 955 4587 et
970 4529 1140 4603 apostolice
1156 4530 1237 4589 sedis
1253 4531 1357 4604 gracia
1374 4530 1512 4604 episcopi
1528 4528 1666 4588 eiusdem

400 4633 537 4706 ecclesie,
562 4635 670 4692 vicarii
693 4635 725 4692 in
758 4635 974 4709 spiritualibus
997 4637 1159 4709 generalis,
1184 4638 1215 4695 in
1238 4637 1318 4695 festo
1341 4638 1425 4694 beati
1447 4636 1572 4694 Martini
1594 4650 1666 4694 con·

400 4739 525 4799 sessoris
548 4740 580 4798 in
602 4743 716 4800 nostris
739 4741 877 4800 ecclesiis
898 4757 1005 4800 coram
1028 4744 1220 4817 populorum
1245 4742 1452 4815 multitudine,
1483 4742 1666 4815 religiosum

401 4847 504 4904 virum
530 4845 658 4906 fratrem
682 4849 840 4921 Mathiam,
864 4848 1003 4922 priorem
1024 4853 1054 4906 et
1076 4853 1176 4906 totum
1200 4854 1387 4908 conventum
1418 4849 1546 4907 claustri
1579 4847 1664 4905 beati

400 4952 521 5011 Nicolai
544 4953 582 5010 de
605 4953 764 5027 Zagrabia,
788 4953 905 5013 ordinis
928 4953 1061 5013 fratrum
1087 4955 1318 5015 Predicatorum
1342 4957 1400 5014 sub
1429 4955 1536 5029 regula
1568 4953 1666 5012 sancti
