3932 5806
716 571 790 636 Dec.
812 587 880 655 247.
909 608 949 622 —
971 576 1027 635 An.
1052 569 1140 655 1465.

391 947 472 996 Anno
494 945 569 1012 1465,
590 957 631 996 21.
650 945 776 1010 Augusti.
795 946 946 1011 Zagrabiae.

290 1073 395 1134 Orata
416 1075 542 1149 capitulo
564 1073 749 1148 zagrabicnsi
767 1074 953 1132 communitas
975 1075 1051 1132 civit.
1067 1076 1170 1132 montis
1192 1073 1342 1134 Grecensis
1357 1073 1391 1132 de
1400 1073 1552 1150 sohanms

603 1179 724 1238 Murali
742 1180 957 1238 mcesimaton's
979 1177 1095 1259 injuria
1116 1189 1241 1238 recusat.
1282 1189 1285 1196 '

392 1313 455 1382 Nos
488 1323 664 1398 capitulum
699 1323 828 1382 ecclesie
857 1325 1074 1397 zagrabiensis.
1110 1326 1260 1384 Memoria
1294 1325 1551 1384 commendamus

285 1446 342 1504 per
372 1438 538 1504 presentes,
571 1429 656 1504 quod
688 1430 870 1501 Anthonium,
901 1429 987 1490 filius
1017 1431 1146 1504 Thome,
1175 1431 1344 1490 modernus
1374 1445 1410 1489 ac
1433 1431 1548 1490 Valen-

284 1535 375 1606 tinus,
405 1537 515 1608 senior,
548 1534 666 1612 judices
696 1535 830 1595 civitatis
854 1537 968 1595 montis
991 1535 1153 1596 Grecensis
1176 1538 1209 1596 in
1228 1538 1369 1611 ipsorum
1394 1551 1429 1596 ac
1452 1539 1551 1596 tocius

285 1643 517 1702 communitatis
548 1644 665 1702 civium
697 1651 726 1702 et
749 1643 994 1702 inhabitatorum
1017 1643 1156 1703 eiusdem
1181 1643 1314 1702 civitatis
1337 1645 1451 1702 montis
1474 1643 1551 1703 Gre-

285 1750 383 1808 censis
412 1749 591 1808 nominibus
619 1756 650 1808 et
679 1750 711 1808 in
743 1751 883 1824 personis
914 1750 954 1808 ad
984 1755 1122 1809 nostram
1154 1751 1361 1824 personaliter
1392 1751 1551 1809 venientes

285 1855 486 1930 presenciam,
515 1856 606 1914 nobis
636 1871 695 1930 per
717 1855 847 1914 modum
879 1856 1113 1929 protestacionis
1143 1855 1319 1928 significare
1346 1863 1493 1914 curarunt
1517 1857 1549 1914 in

285 1963 366 2020 hunc
401 1961 554 2020 modum:
590 1939 750 2036 quomodo
783 1961 898 2020 nobilis
935 1963 983 2020 vir
1015 1963 1170 2044 Johannes
1206 1963 1357 2034 Marathy,
1382 1961 1547 2020 familiaris

285 2067 443 2141 magnifici
465 2067 613 2150 Johannis
636 2067 753 2140 Thwzy
776 2067 814 2125 de
837 2067 929 2139 Laak,
953 2065 1121 2144 janitorum
1143 2069 1297 2142 regalium
1320 2069 1470 2142 magistri,
1494 2083 1550 2143 per

288 2161 420 2232 eundem
450 2173 622 2256 Johannem
651 2173 769 2247 Thvvzy
791 2174 877 2232 iuxta
907 2174 1129 2233 litteratorium
1153 2174 1336 2234 mandatum
1358 2175 1443 2248 regie
1465 2190 1546 2233 sere·

286 2281 400 2352 nitatis,
434 2281 488 2353 qui
517 2281 619 2354 ipsam
651 2279 808 2338 civitatem
839 2279 878 2338 ad
910 2295 1020 2338 manus
1042 2281 1143 2353 regias
1166 2286 1355 2354 occupasset,
1379 2282 1411 2340 in
1435 2273 1545 2339 eadem

286 2386 411 2444 civitate
440 2385 480 2443 ad
509 2385 694 2458 exigendam
724 2386 914 2444 tricesimam
943 2387 1136 2458 constitutus,
1168 2387 1302 2446 nescitur
1334 2389 1420 2446 cuius
1452 2386 1550 2446 fretus

286 2491 424 2564 consiliu,
439 2491 471 2549 in
487 2490 567 2548 festo
585 2491 667 2550 beati
689 2492 771 2564 regis
793 2490 950 2566 Stephani,
974 2493 1117 2566 proxime
1140 2494 1298 2568 preterito,
1315 2495 1348 2553 in
1370 2494 1438 2552 foro
1462 2493 1548 2554 vide·

286 2597 359 2656 licet
388 2597 514 2655 annuali
542 2597 575 2655 in
604 2613 676 2655 area
706 2605 811 2656 nostra
841 2599 1008 2672 capitulari
1038 2599 1123 2658 etin
1154 2600 1222 2674 ipsa
1243 2601 1367 2659 civitate
1390 2601 1545 2660 celebrari

284 2705 386 2777 solito,
409 2711 508 2762 certos
524 2704 665 2762 homines
680 2705 834 2763 nobilium
855 2709 886 2762 et
901 2709 1186 2764 commetaneorum
1202 2713 1232 2764 et
1258 2707 1549 2765 circumvicinorum

284 2810 424 2869 eiusdem
447 2811 580 2869 civitatis
603 2826 639 2868 ac
661 2812 754 2869 castri
777 2811 991 2884 Medwewara,
1015 2811 1054 2869 de
1077 2812 1191 2886 quibus
1213 2813 1303 2871 nulla
1325 2813 1481 2872 tricesima
1507 2811 1545 2871 de

283 2913 352 2992 jure
381 2917 546 2991 provenire
576 2915 741 2987 debuisset,
772 2916 924 2991 quosdam
953 2918 1153 2988 vestimentis,
1177 2917 1255 2976 alios
1287 2933 1361 2976 vero
1394 2918 1548 2978 falcastris

285 3031 316 3082 et
345 3039 453 3082 eorum
486 3025 588 3082 bobus
612 3030 642 3082 et
665 3024 853 3082 animalibus
876 3039 912 3081 ac
935 3023 1005 3082 aliis
1028 3025 1122 3082 rebus
1145 3025 1300 3098 privasset
1322 3030 1353 3084 et
1375 3025 1548 3099 spoliasset,

283 3131 370 3189 cuius
399 3130 494 3204 spolii
524 3131 683 3189 occasione
713 3131 780 3205 ipse
809 3129 904 3206 judex
934 3133 964 3188 et
995 3131 1048 3188 alii
1080 3130 1163 3189 cives
1195 3130 1275 3189 dicte
1301 3132 1434 3190 civitatis
1457 3135 1546 3190 extra

284 3252 410 3295 murum
433 3237 514 3295 dicte
545 3238 678 3296 civitatis
708 3244 738 3295 et
768 3238 833 3296 eius
862 3237 1053 3296 territorium
1075 3237 1178 3296 nullas
1210 3238 1301 3296 liberi
1325 3238 1456 3296 transire
1479 3239 1547 3297 ausi

283 3341 418 3400 fuissent.
442 3341 596 3415 Ceterum,
621 3359 692 3400 cum
715 3344 782 3417 ipse
796 3340 890 3419 judex
912 3359 1046 3401 unacum
1070 3344 1160 3402 certis
1183 3345 1364 3418 pocioribus
1389 3359 1425 3402 ac
1450 3343 1549 3402 senio-

244 3465 245 3468 *
282 3449 370 3507 ribus
398 3447 555 3524 judicibus
584 3465 620 3508 ac
649 3446 758 3526 juratis
789 3456 819 3507 et
842 3449 963 3508 civibus
986 3450 1067 3507 dicte
1089 3450 1222 3508 civitatis
1246 3451 1360 3508 montis
1385 3449 1549 3508 Grecensis

283 3571 416 3614 unacum
447 3557 619 3616 venerabili
641 3557 709 3615 viro
740 3557 889 3629 magistro
914 3556 1049 3629 Georgio
1072 3556 1289 3614 archidiacono
1311 3555 1349 3614 de
1373 3556 1477 3628 Bexin,
1500 3571 1549 3614 so-

282 3662 393 3736 cioque
415 3667 446 3722 et
466 3664 670 3722 concanonico
692 3669 807 3737 nostru,
830 3679 964 3722 unacum
987 3663 1100 3722 litteris
1123 3664 1208 3737 regie
1230 3665 1403 3722 serenitatis
1426 3669 1545 3737 specta-

282 3769 340 3828 bili
371 3775 401 3827 et
424 3769 590 3843 magnifico
617 3767 744 3828 domino
766 3769 833 3852 Jan,
857 3768 985 3842 Zagorie
1007 3770 1114 3827 comiti
1137 3775 1297 3844 perpetuo,
1321 3785 1439 3828 necnon
1455 3769 1543 3842 regni

282 3873 446 3934 Sclauonie
476 3877 558 3934 bano
588 3881 643 3934 etc.
675 3875 884 3949 loquentibus,
908 3875 1068 3948 ipsiusque
1097 3875 1215 3934 domini
1245 3875 1312 3958 Jan,
1336 3875 1465 3949 Zagorie
1497 3891 1547 3933 co·

282 3982 375 4053 mitis,
399 3982 543 4040 similiter
570 3981 681 4038 litteris
704 3981 737 4039 in
759 3997 796 4038 eo
820 3981 966 4039 videlicet
989 3981 1178 4052 sonantibus,
1203 3985 1237 4038 ut
1261 3981 1435 4053 castellum,
1460 3981 1546 4056 quod

281 4103 338 4162 per
360 4087 493 4146 condam
516 4087 662 4146 comitem
685 4087 764 4146 Cilie
794 4088 824 4146 in
847 4103 909 4146 una
938 4093 1027 4162 parte
1057 4087 1154 4161 ipsius
1185 4087 1319 4145 civitatis
1342 4087 1443 4146 iuerat
1474 4104 1548 4145 con·

280 4199 433 4252 structum
449 4193 531 4252 dirui
545 4209 602 4268 per
617 4195 702 4268 ipsos
725 4195 808 4252 cives
832 4192 967 4264 deberet,
990 4193 1029 4250 ad
1045 4191 1203 4266 prefatum
1217 4193 1390 4276 Johannem
1405 4193 1548 4266 Marathy

280 4301 479 4358 accessissent
501 4304 532 4359 et
554 4301 659 4375 ipsum
681 4301 768 4360 iuxta
796 4301 967 4359 iniunctum
997 4300 1218 4358 litteratorium
1242 4299 1424 4358 mandatum
1448 4300 1547 4373 ipsius

280 4407 365 4480 regie
395 4407 567 4466 serenitatis
589 4411 619 4465 et
648 4407 747 4465 eciam
771 4406 1022 4464 commissionem
1046 4405 1161 4479 prefati
1184 4405 1303 4463 domini
1325 4405 1403 4488 Jaan
1426 4405 1547 4462 comitis

281 4519 311 4571 et
334 4513 408 4572 bani
436 4513 619 4588 petivissent
641 4519 671 4572 et
694 4513 879 4587 requisitum
902 4513 1091 4583 habuissent,
1115 4517 1149 4569 ut
1171 4512 1276 4586 ipsum
1300 4511 1467 4569 castellum
1490 4511 1548 4568 eis-

280 4619 351 4677 dem
375 4611 498 4679 diruere
521 4621 702 4697 admisisset.
734 4618 924 4693 Quiquidem
954 4619 1110 4701 Johannes
1133 4620 1276 4691 Marathy
1299 4617 1417 4675 ibidem
1440 4631 1547 4675 coram

280 4725 389 4784 eodem
405 4728 555 4800 magistro
572 4726 717 4799 Georgio,
733 4726 817 4784 socio
837 4729 867 4783 et
882 4725 1087 4783 concanonico
1102 4729 1218 4794 nostru,
1243 4725 1275 4782 in
1298 4729 1392 4798 ponte
1408 4722 1546 4781 eiusdem

278 4833 400 4891 castelli
422 4833 454 4892 in
477 4832 604 4890 eosdem
625 4830 751 4909 judices,
774 4829 892 4906 juratos
915 4831 998 4889 cives
1021 4830 1103 4890 dicte
1126 4831 1259 4890 civitatis
1282 4844 1417 4888 unacum
1442 4829 1543 4886 homi·

278 4939 371 4998 nibus
399 4945 430 4998 et
452 4937 661 4998 familiaribus
692 4938 764 5009 suis,
789 4927 960 5010 evaginatis
983 4937 1105 5011 gladiis,
1137 4942 1230 4995 manu
1251 4924 1372 4998 armata
1395 4935 1545 5006 irruisset,

280 5045 388 5121 ibique
411 5051 512 5105 certos
534 5062 573 5104 ex
596 5045 671 5120 ipsis
694 5046 862 5104 verberum
885 5045 988 5120 plagis
1011 5021 1172 5116 affecisset,
1197 5050 1228 5102 et
1250 5043 1310 5102 nisi
1333 5041 1470 5117 presidio
1494 5040 1545 5099 de·

1447 5161 1486 5207 ao
