3804 5858
368 550 432 626 45⁶
777 545 851 604 Dec.
869 543 947 621 340.
971 573 1013 587 -
1037 549 1094 605 An.
1119 535 1213 619 1487.

367 763 472 824 randis
507 763 614 834 editas,
636 769 742 822 nostro
777 731 950 835 judiciario
975 757 1111 816 examini
1140 757 1260 816 curavit
1294 755 1450 816 exhibere.
1491 755 1633 829 Quarum

366 871 478 946 prima,
501 869 617 928 scilicet
649 865 770 926 iamfati
800 865 930 939 capituli
961 864 1089 923 ecclesie
1119 863 1308 922 chasmensis
1331 861 1436 920 littera
1459 861 1633 922 fassionalis

366 992 448 1036 anno
471 975 590 1034 domini
612 975 783 1033 millesimo
807 971 1111 1047 quadringentesimo
1135 971 1292 1029 tricesimo
1319 973 1431 1044 quarto
1454 968 1634 1042 priuilegia·

366 1083 439 1142 llter
460 1086 604 1140 emanata
627 1081 682 1139 sua
704 1080 783 1138 serie
806 1079 994 1149 declarabat,
1018 1076 1103 1151 quod
1126 1077 1268 1150 egregius
1299 1082 1329 1134 et
1360 1075 1477 1134 nobilis
1498 1074 1549 1134 rir
1569 1073 1631 1136 Ro·

367 1185 512 1262 delphus,
535 1185 621 1245 filius
644 1185 801 1260 Rodolphi
825 1184 863 1241 de
886 1183 1014 1254 Medwe,
1041 1183 1119 1241 alias
1141 1181 1180 1240 de
1203 1183 1317 1256 Alban,
1331 1182 1364 1240 in
1379 1180 1538 1256 presencia
1553 1180 1632 1240 eius·

369 1293 442 1352 dem
465 1293 593 1366 capituli
617 1291 808 1361 constitutus,
832 1290 863 1348 ln
886 1305 941 1348 sua
964 1304 1000 1346 ac
1020 1287 1183 1359 Leonardi,
1208 1287 1265 1346 filii
1288 1287 1345 1358 sul,
1376 1287 1516 1360 personis
1538 1301 1631 1344 onere

368 1406 399 1460 et
421 1400 603 1474 gravamine
624 1396 762 1457 eiusdem
784 1412 879 1470 super
900 1411 933 1454 se
955 1401 1127 1470 assumpto,
1150 1395 1359 1469 possessiones
1374 1407 1445 1452 suas
1460 1392 1629 1462 Kralewa,

367 1505 488 1580 Cherye
502 1503 543 1562 ad
557 1503 687 1562 eandem
703 1503 864 1561 Kralewcz
879 1502 1084 1577 pertinentem
1100 1516 1172 1560 cum
1195 1501 1314 1560 tributo
1325 1501 1357 1558 in
1378 1497 1486 1558 eadem
1509 1496 1630 1570 Cherye

367 1611 450 1684 exigi
472 1611 573 1684 solito,
596 1624 715 1668 necnon
738 1606 914 1682 Kobylyalr,
940 1607 1144 1711 Zwyblyaft
1169 1605 1269 1664 Narth
1292 1609 1426 1675 vocatas,
1449 1605 1576 1664 omuino
1598 1603 1630 1662 iu

367 1717 449 1776 dicto
472 1715 620 1775 comitatu
644 1715 835 1788 zagrabiensi
858 1715 1031 1786 existentes,
1057 1728 1129 1771 curn
1163 1711 1345 1770 earumdem
1375 1711 1493 1770 cunctis
1515 1710 1631 1768 utilita-

366 1821 450 1882 tibus
473 1825 503 1880 et
526 1821 733 1896 pertinenciis.
747 1819 941 1894 quibuslibet
965 1819 1025 1876 sub
1047 1819 1140 1878 certis
1163 1817 1405 1889 condicionibus,
1421 1815 1631 1890 clausulisque

367 1933 396 1987 et
418 1927 557 1986 articulis
579 1927 692 1985 litteris
714 1927 745 1984 in
769 1925 886 1984 eisdem
909 1924 1071 1984 evidenter
1094 1924 1289 1998 expressatis,
1313 1921 1554 1982 honorabilibus
1575 1919 1630 1980 do·

366 2035 459 2094 minis
480 2033 634 2092 canonicis
656 2031 695 2092 de
718 2031 856 2105 capitulo
887 2031 1015 2090 ecclesie
1046 2029 1264 2103 zagrablensis
1290 2035 1321 2086 et
1352 2044 1409 2102 per
1439 2041 1628 2100 consequens

367 2139 459 2199 altari
491 2145 595 2198 sancte
629 2137 729 2196 crucis
761 2137 793 2195 in
827 2135 938 2195 eodem
973 2133 1094 2194 fundati
1127 2150 1186 2208 pro
1208 2133 1372 2207 refrigerio
1394 2134 1498 2192 anime
1520 2149 1575 2194 sue
1598 2137 1628 2194 et

366 2245 499 2304 fratrum
522 2259 651 2302 suorum
673 2243 785 2302 litteris
808 2243 840 2300 in
863 2241 979 2300 eisdem
1003 2241 1236 2300 nominatorum
1252 2237 1410 2300 confessus
1425 2240 1576 2298 extitisset
1597 2241 1628 2298 in

364 2356 551 2426 perpetuum
574 2349 696 2409 dedisse
718 2355 749 2408 et
771 2348 943 2408 tradidisse.
967 2347 1108 2408 Secunda
1138 2362 1214 2406 vero
1248 2347 1352 2406 littera
1388 2345 1463 2404 dicti
1497 2346 1627 2421 capituli

366 2456 494 2516 ecclesie
516 2457 704 2514 chasmensis
735 2455 847 2514 exinde
877 2455 1038 2512 statutoria
1071 2452 1303 2538 quintodecimo
1334 2452 1385 2511 die
1415 2451 1492 2511 ferie
1523 2452 1628 2526 quinte

365 2563 510 2638 proxime
542 2567 614 2636 post
648 2560 763 2619 festum
795 2561 965 2618 nativitatis
1000 2561 1089 2618 beate
1120 2559 1219 2618 Marie
1243 2559 1380 2632 virginis,
1403 2573 1483 2617 auno
1507 2557 1626 2618 domini

366 2667 537 2726 millesimo
561 2667 866 2741 quadringentesimo
891 2665 1048 2724 tricesimo
1071 2671 1184 2738 quarto
1212 2664 1307 2724 modo
1338 2665 1436 2723 simili
1467 2664 1629 2740 priuilegi-

364 2773 456 2831 aliter
478 2771 561 2830 edita
583 2771 809 2842 manifestabat,
832 2771 917 2845 quod
939 2772 1043 2844 regius
1068 2777 1098 2830 et
1121 2770 1260 2830 eiusdem
1283 2770 1413 2846 capituli
1429 2771 1571 2830 homines
1589 2771 1628 2832 ad

365 2878 584 2938 litteratoriam
616 2877 801 2952 peticionem
833 2877 910 2934 olim
941 2876 1059 2935 domini
1089 2877 1239 2935 Hermoni
1270 2875 1349 2935 Cilie
1373 2881 1403 2935 et
1425 2876 1555 2950 Zagorie
1578 2891 1627 2936 co-

364 2985 448 3043 mitis
483 2984 656 3043 transmissi
690 2983 729 3041 ad
768 2982 862 3042 facies
896 2983 1140 3057 prescriptarum
1176 2983 1408 3058 possessionum
1445 2982 1628 3054 Kralewca,

364 3090 493 3165 Cherye,
517 3089 694 3164 Kobylyalr,
714 3089 867 3164 Zwyhlya
890 3095 920 3147 et
951 3089 1050 3148 Narth
1081 3095 1271 3163 vocatarum,
1303 3090 1499 3164 presentibus
1520 3090 1629 3150 vicinis

365 3204 396 3255 et
411 3196 631 3256 commetaneis
648 3194 828 3253 earumdem
845 3194 1032 3267 accedentes,
1054 3195 1178 3254 easdem
1201 3211 1272 3254 curn
1288 3197 1405 3254 cunctis
1427 3195 1491 3254 suis
1513 3197 1629 3256 utilita-

365 3303 450 3362 tibus
473 3309 503 3360 et
526 3301 723 3376 pertinenciis
747 3301 939 3375 quibuslibet
961 3300 1104 3360 antelatis
1127 3299 1261 3360 dominis
1292 3303 1446 3362 canonicis
1476 3302 1557 3361 dicte
1580 3319 1628 3362 ec·

364 3409 457 3467 clesie
491 3408 706 3482 zagrabiensis‚
738 3424 794 3468 nec
828 3422 890 3465 non
926 3407 1038 3466 rectori
1073 3407 1148 3466 dicti
1181 3408 1289 3467 altaris
1324 3413 1428 3468 sancte
1461 3411 1562 3468 crucis
1596 3410 1627 3468 in

365 3513 474 3572 eadem
489 3514 618 3573 ecclesie
641 3513 770 3586 fundati,
793 3514 883 3572 nullo
906 3513 1028 3586 penitus
1051 3513 1274 3573 contradictore
1297 3529 1356 3590 pro
1379 3521 1452 3573 tunc
1473 3515 1551 3575 inibi
1574 3532 1627 3591 ap·

364 3627 492 3696 parente
514 3620 546 3678 in
571 3625 754 3694 perpetuum
778 3621 959 3678 statuissent.
983 3619 1092 3678 Tereia
1113 3634 1258 3694 namque,
1273 3625 1382 3694 utpote
1404 3621 1478 3680 dicti
1494 3621 1626 3681 condam

364 3725 484 3786 domini
506 3723 696 3799 Sigismundi
719 3726 917 3800 imperatoris
947 3731 978 3783 et
999 3725 1090 3798 regis,
1113 3725 1216 3784 littera
1240 3725 1520 3787 confirmacionalis
1548 3743 1628 3788 anno

365 3831 484 3890 domini
520 3832 690 3891 millesimo
725 3831 1030 3906 quadringentesimo
1062 3832 1217 3891 tricesimo
1247 3841 1344 3905 sexto,
1379 3839 1491 3908 quarto
1524 3834 1628 3894 Nonas

363 3939 479 3998 mensis
502 3939 587 4023 Julil,
611 3953 778 4011 regnorum
803 3944 908 3996 autem
933 3953 1062 3998 suorum
1092 3953 1172 3998 anno
1202 3940 1361 4014 Hungarie
1390 3947 1445 4000 etc.
1477 3941 1629 4015 quinqua·

361 4045 490 4119 gesimo,
513 4044 727 4104 Romanorum
752 4044 903 4118 vigesimo
926 4050 1022 4118 sexto,
1037 4045 1184 4104 Bohemie
1200 4046 1364 4120 sedecimo,
1380 4048 1506 4121 imperii
1522 4053 1627 4108 autem

362 4157 474 4224 quarto
495 4149 535 4208 ad
558 4150 779 4209 litteratorium
802 4150 983 4208 mandatum
1000 4151 1139 4210 eiusdem
1162 4151 1253 4227 edita,
1278 4151 1419 4227 dupplici
1441 4153 1547 4227 sigillo
1569 4170 1626 4213 suo

362 4255 553 4330 impendenti
576 4257 767 4316 communita
788 4257 868 4315 inter
891 4261 992 4315 cetera
1015 4258 1225 4332 exprimebat:
1250 4257 1336 4333 quod
1358 4258 1462 4318 fidelis
1484 4259 1623 4320 eiusdem

362 4362 555 4422 honorabilis
589 4365 640 4422 vir
670 4364 806 4422 Thomas
839 4362 1073 4422 archidiacenus
1105 4363 1311 4424 varasdiensis
1346 4369 1376 4424 et
1407 4367 1625 4426 emoniensis

363 4467 492 4526 ecclesia
515 4470 717 4544 zagrablensl,
739 4475 903 4544 rectorque
925 4469 1033 4528 altaris
1053 4475 1155 4530 sancte
1178 4471 1277 4529 crucis
1301 4472 1332 4530 in
1355 4471 1464 4532 eadem
1496 4473 1626 4532 ecclesia

362 4573 482 4634 fundati
497 4575 528 4634 in
544 4591 600 4634 sua
617 4591 653 4634 ac
669 4576 869 4634 dominorum
884 4577 1102 4635 canonicorum
1118 4577 1256 4636 eiusdem
1272 4578 1402 4637 ecclesie
1417 4570 1624 4652 aagrabiensis

362 4697 417 4740 sue
432 4682 601 4745 maiestatis
623 4681 729 4740 adiens
744 4687 953 4756 conspectum,
966 4682 1155 4742 exhibuisset
1166 4684 1266 4742 eidem
1279 4691 1309 4743 et
1322 4691 1526 4758 presentasset
1538 4701 1628 4760 quas·

362 4787 435 4846 dam
448 4787 525 4846 duas
536 4787 656 4846 litteras
667 4787 880 4861 privilegiales
891 4786 1019 4846 antefati
1031 4789 1160 4863 capituli
1176 4790 1305 4849 ecclesie
1317 4790 1515 4863 ehamensis,
1531 4807 1625 4850 unam

360 4894 514 4966 videlicet,
539 4909 600 4969 qua
622 4893 778 4952 mediante
800 4895 942 4967 egregius
964 4894 1125 4966 Rodolfus,
1149 4895 1232 4955 filius
1256 4897 1423 4971 Rodolphy
1438 4897 1476 4955 de
1493 4897 1621 4971 Medure,

359 5000 437 5058 alias
467 4999 506 5058 de
536 5001 649 5073 Alben,
673 5000 827 5075 predictas
856 5001 1049 5075 possesiones
1080 5002 1249 5074 Kralewca,
1280 5001 1409 5077 Cherye,
1447 5003 1623 5078 Kobylyalr,
