<?xml version="1.0" encoding="UTF-8"?>
<!DOCTYPE html PUBLIC "-//W3C//DTD XHTML 1.0 Transitional//EN"
    "http://www.w3.org/TR/xhtml1/DTD/xhtml1-transitional.dtd">
<html xmlns="http://www.w3.org/1999/xhtml" xml:lang="en" lang="en">
 <head>
  <title>
</title>
<meta http-equiv="Content-Type" content="text/html;charset=utf-8" />
  <meta name='ocr-system' content='tesseract 3.04.00' />
  <meta name='ocr-capabilities' content='ocr_page ocr_carea ocr_par ocr_line ocrx_word'/>
</head>
<body>
  <div class='ocr_page' id='page_1' title='image "./monumentahistor20laszgoog_0486.png"; bbox 0 0 3932 5806; ppageno 0'>
   <div class='ocr_carea' id='block_1_1' title="bbox 393 811 964 1020">
    <p class='ocr_par' dir='ltr' id='par_1_1' title="bbox 393 811 964 1020">
     <span class='ocr_line' id='line_1_1' title="bbox 879 811 964 879; baseline 0 -1"><span class='ocrx_word' id='word_1_1' title='bbox 879 811 964 879; x_wconf 79' lang='lat'><strong>166.</strong></span> 
     </span>
     <span class='ocr_line' id='line_1_2' title="bbox 393 953 954 1020; baseline 0.009 -19"><span class='ocrx_word' id='word_1_2' title='bbox 393 953 474 1003; x_wconf 79' lang='lat' dir='ltr'>Anno</span> <span class='ocrx_word' id='word_1_3' title='bbox 499 965 573 1020; x_wconf 81' lang='lat'>1452,</span> <span class='ocrx_word' id='word_1_4' title='bbox 593 953 616 1004; x_wconf 94' lang='lat'>6.</span> <span class='ocrx_word' id='word_1_5' title='bbox 637 954 787 1006; x_wconf 82' lang='lat' dir='ltr'><strong>decembris.</strong></span> <span class='ocrx_word' id='word_1_6' title='bbox 807 955 954 1020; x_wconf 82' lang='lat' dir='ltr'>Zagrabiae.</span> 
     </span>
    </p>
   </div>
   <div class='ocr_carea' id='block_1_2' title="bbox 288 1077 1555 1267">
    <p class='ocr_par' dir='ltr' id='par_1_2' title="bbox 288 1077 1555 1267">
     <span class='ocr_line' id='line_1_3' title="bbox 288 1077 1555 1161; baseline 0.006 -25"><span class='ocrx_word' id='word_1_7' title='bbox 288 1077 469 1138; x_wconf 72' lang='lat' dir='ltr'>Menanter-io</span> <span class='ocrx_word' id='word_1_8' title='bbox 501 1100 523 1140; x_wconf 88' lang='lat' dir='ltr'>s.</span> <span class='ocrx_word' id='word_1_9' title='bbox 555 1083 707 1142; x_wconf 74' lang='lat' dir='ltr'>Franctrci</span> <span class='ocrx_word' id='word_1_10' title='bbox 737 1084 923 1157; x_wconf 79' lang='lat' dir='ltr'>ragrabiensi</span> <span class='ocrx_word' id='word_1_11' title='bbox 945 1085 1073 1158; x_wconf 70' lang='lat' dir='ltr'>pistrini</span> <span class='ocrx_word' id='word_1_12' title='bbox 1103 1086 1194 1159; x_wconf 83' lang='lat' dir='ltr'>legati</span> <span class='ocrx_word' id='word_1_13' title='bbox 1221 1103 1290 1144; x_wconf 84' lang='lat' dir='ltr'>usus</span> <span class='ocrx_word' id='word_1_14' title='bbox 1325 1105 1344 1143; x_wconf 91' lang='lat' dir='ltr'><em>a</em></span> <span class='ocrx_word' id='word_1_15' title='bbox 1378 1087 1555 1161; x_wconf 71' lang='lat' dir='ltr'>magistratu</span> 
     </span>
     <span class='ocr_line' id='line_1_4' title="bbox 560 1190 1280 1267; baseline 0.004 -20"><span class='ocrx_word' id='word_1_16' title='bbox 560 1191 678 1264; x_wconf 79' lang='lat' dir='ltr'>ragrab.</span> <span class='ocrx_word' id='word_1_17' title='bbox 704 1193 880 1264; x_wconf 78' lang='lat' dir='ltr'>transcripto</span> <span class='ocrx_word' id='word_1_18' title='bbox 902 1190 1064 1250; x_wconf 83' lang='lat' dir='ltr'>documento</span> <span class='ocrx_word' id='word_1_19' title='bbox 1085 1193 1280 1267; x_wconf 77' lang='lat' dir='ltr'>confimatur.</span> 
     </span>
    </p>
   </div>
   <div class='ocr_carea' id='block_1_3' title="bbox 252 1331 1556 4714">
    <p class='ocr_par' dir='ltr' id='par_1_3' title="bbox 252 1331 1556 4714">
     <span class='ocr_line' id='line_1_5' title="bbox 392 1331 1552 1412; baseline 0.004 -21"><span class='ocrx_word' id='word_1_20' title='bbox 392 1331 456 1392; x_wconf 91' lang='lat' dir='ltr'>Nos</span> <span class='ocrx_word' id='word_1_21' title='bbox 479 1333 634 1408; x_wconf 90' lang='lat' dir='ltr'>Nicolaus,</span> <span class='ocrx_word' id='word_1_22' title='bbox 650 1333 735 1393; x_wconf 87' lang='lat' dir='ltr'>filius</span> <span class='ocrx_word' id='word_1_23' title='bbox 757 1335 918 1409; x_wconf 85' lang='lat' dir='ltr'>Demetrii,</span> <span class='ocrx_word' id='word_1_24' title='bbox 941 1333 1044 1412; x_wconf 86' lang='lat' dir='ltr'>judex,</span> <span class='ocrx_word' id='word_1_25' title='bbox 1068 1335 1214 1409; x_wconf 87' lang='lat' dir='ltr'>Thomas,</span> <span class='ocrx_word' id='word_1_26' title='bbox 1239 1335 1422 1411; x_wconf 81' lang='lat' dir='ltr'>Stephanus,</span> <span class='ocrx_word' id='word_1_27' title='bbox 1456 1335 1552 1396; x_wconf 91' lang='lat' dir='ltr'>Geor·</span> 
     </span>
     <span class='ocr_line' id='line_1_6' title="bbox 287 1437 1552 1518; baseline 0.004 -21"><span class='ocrx_word' id='word_1_28' title='bbox 287 1440 365 1512; x_wconf 86' lang='lat' dir='ltr'>gius,</span> <span class='ocrx_word' id='word_1_29' title='bbox 388 1439 513 1512; x_wconf 90' lang='lat' dir='ltr'>Paulus,</span> <span class='ocrx_word' id='word_1_30' title='bbox 537 1437 698 1514; x_wconf 82' lang='lat' dir='ltr'><strong>Georgius,</strong></span> <span class='ocrx_word' id='word_1_31' title='bbox 721 1441 839 1514; x_wconf 87' lang='lat' dir='ltr'>Petrus,</span> <span class='ocrx_word' id='word_1_32' title='bbox 856 1441 1032 1518; x_wconf 81' lang='lat' dir='ltr'><strong>Stephanus</strong></span> <span class='ocrx_word' id='word_1_33' title='bbox 1054 1447 1084 1501; x_wconf 91' lang='lat' dir='ltr'>et</span> <span class='ocrx_word' id='word_1_34' title='bbox 1108 1440 1394 1518; x_wconf 71' lang='lat' dir='ltr'>Ladislaus&#39;jurati,</span> <span class='ocrx_word' id='word_1_35' title='bbox 1426 1443 1552 1502; x_wconf 88' lang='lat' dir='ltr'>consili·</span> 
     </span>
     <span class='ocr_line' id='line_1_7' title="bbox 288 1546 1555 1609; baseline 0.004 -6"><span class='ocrx_word' id='word_1_36' title='bbox 288 1546 349 1605; x_wconf 93' lang='lat' dir='ltr'>arii</span> <span class='ocrx_word' id='word_1_37' title='bbox 372 1551 403 1606; x_wconf 92' lang='lat' dir='ltr'>et</span> <span class='ocrx_word' id='word_1_38' title='bbox 425 1548 564 1606; x_wconf 89' lang='lat' dir='ltr'>universi</span> <span class='ocrx_word' id='word_1_39' title='bbox 595 1548 679 1607; x_wconf 90' lang='lat' dir='ltr'>cives</span> <span class='ocrx_word' id='word_1_40' title='bbox 702 1549 835 1608; x_wconf 90' lang='lat' dir='ltr'>civitatis</span> <span class='ocrx_word' id='word_1_41' title='bbox 859 1551 974 1608; x_wconf 90' lang='lat' dir='ltr'>montis</span> <span class='ocrx_word' id='word_1_42' title='bbox 996 1549 1190 1609; x_wconf 89' lang='lat' dir='ltr'>Grechensis.</span> <span class='ocrx_word' id='word_1_43' title='bbox 1212 1550 1363 1608; x_wconf 87' lang='lat' dir='ltr'>Memorie</span> <span class='ocrx_word' id='word_1_44' title='bbox 1398 1564 1555 1609; x_wconf 90' lang='lat' dir='ltr'>commen·</span> 
     </span>
     <span class='ocr_line' id='line_1_8' title="bbox 289 1652 1555 1732; baseline 0.003 -22"><span class='ocrx_word' id='word_1_45' title='bbox 289 1652 401 1712; x_wconf 89' lang='lat' dir='ltr'>damus</span> <span class='ocrx_word' id='word_1_46' title='bbox 426 1669 484 1729; x_wconf 92' lang='lat' dir='ltr'>per</span> <span class='ocrx_word' id='word_1_47' title='bbox 514 1659 681 1729; x_wconf 83' lang='lat' dir='ltr'>presentes,</span> <span class='ocrx_word' id='word_1_48' title='bbox 717 1656 801 1730; x_wconf 92' lang='lat' dir='ltr'>quod</span> <span class='ocrx_word' id='word_1_49' title='bbox 823 1657 915 1715; x_wconf 90' lang='lat' dir='ltr'>nobis</span> <span class='ocrx_word' id='word_1_50' title='bbox 936 1655 1014 1716; x_wconf 85' lang='lat' dir='ltr'>seria</span> <span class='ocrx_word' id='word_1_51' title='bbox 1047 1663 1133 1716; x_wconf 85' lang='lat' dir='ltr'>sexta</span> <span class='ocrx_word' id='word_1_52' title='bbox 1167 1658 1313 1732; x_wconf 85' lang='lat' dir='ltr'>proxima</span> <span class='ocrx_word' id='word_1_53' title='bbox 1345 1661 1417 1731; x_wconf 91' lang='lat' dir='ltr'>post</span> <span class='ocrx_word' id='word_1_54' title='bbox 1441 1655 1555 1715; x_wconf 82' lang='lat' dir='ltr'>festum</span> 
     </span>
     <span class='ocr_line' id='line_1_9' title="bbox 291 1760 1555 1839; baseline 0.003 -22"><span class='ocrx_word' id='word_1_55' title='bbox 291 1760 375 1820; x_wconf 91' lang='lat' dir='ltr'>beati</span> <span class='ocrx_word' id='word_1_56' title='bbox 397 1760 522 1820; x_wconf 86' lang='lat' dir='ltr'>Andree</span> <span class='ocrx_word' id='word_1_57' title='bbox 544 1761 690 1836; x_wconf 85' lang='lat' dir='ltr'>apostoli,</span> <span class='ocrx_word' id='word_1_58' title='bbox 711 1778 793 1821; x_wconf 90' lang='lat' dir='ltr'>nunc</span> <span class='ocrx_word' id='word_1_59' title='bbox 816 1764 959 1838; x_wconf 83' lang='lat' dir='ltr'>proxime</span> <span class='ocrx_word' id='word_1_60' title='bbox 982 1764 1175 1839; x_wconf 90' lang='lat' dir='ltr'>preteritum,</span> <span class='ocrx_word' id='word_1_61' title='bbox 1197 1764 1230 1822; x_wconf 90' lang='lat' dir='ltr'>in</span> <span class='ocrx_word' id='word_1_62' title='bbox 1252 1762 1389 1836; x_wconf 89' lang='lat' dir='ltr'>generali</span> <span class='ocrx_word' id='word_1_63' title='bbox 1412 1768 1443 1822; x_wconf 89' lang='lat' dir='ltr'>et</span> <span class='ocrx_word' id='word_1_64' title='bbox 1471 1778 1555 1821; x_wconf 92' lang='lat' dir='ltr'>com·</span> 
     </span>
     <span class='ocr_line' id='line_1_10' title="bbox 252 1859 1554 1946; baseline 0.004 -23"><span class='ocrx_word' id='word_1_65' title='bbox 252 1859 256 1868; x_wconf 92' lang='lat'>&#39;</span> <span class='ocrx_word' id='word_1_66' title='bbox 287 1867 376 1925; x_wconf 90' lang='lat' dir='ltr'>muni</span> <span class='ocrx_word' id='word_1_67' title='bbox 399 1871 504 1926; x_wconf 89' lang='lat' dir='ltr'>nostra</span> <span class='ocrx_word' id='word_1_68' title='bbox 527 1870 768 1942; x_wconf 82' lang='lat' dir='ltr'>congregacione</span> <span class='ocrx_word' id='word_1_69' title='bbox 789 1871 822 1928; x_wconf 90' lang='lat' dir='ltr'>in</span> <span class='ocrx_word' id='word_1_70' title='bbox 844 1867 960 1946; x_wconf 88' lang='lat' dir='ltr'>judicio</span> <span class='ocrx_word' id='word_1_71' title='bbox 983 1885 1043 1945; x_wconf 91' lang='lat' dir='ltr'>pro</span> <span class='ocrx_word' id='word_1_72' title='bbox 1075 1869 1227 1929; x_wconf 89' lang='lat' dir='ltr'>tribunali</span> <span class='ocrx_word' id='word_1_73' title='bbox 1261 1868 1448 1942; x_wconf 87' lang='lat' dir='ltr'>sedentibus,</span> <span class='ocrx_word' id='word_1_74' title='bbox 1484 1885 1554 1928; x_wconf 93' lang='lat' dir='ltr'>cau·</span> 
     </span>
     <span class='ocr_line' id='line_1_11' title="bbox 289 1972 1555 2053; baseline 0.002 -21"><span class='ocrx_word' id='word_1_75' title='bbox 289 1987 402 2046; x_wconf 91' lang='lat' dir='ltr'>sasque</span> <span class='ocrx_word' id='word_1_76' title='bbox 424 1977 607 2033; x_wconf 92' lang='lat' dir='ltr'>cunctorum</span> <span class='ocrx_word' id='word_1_77' title='bbox 629 1989 735 2034; x_wconf 91' lang='lat' dir='ltr'>coram</span> <span class='ocrx_word' id='word_1_78' title='bbox 756 1976 846 2034; x_wconf 91' lang='lat' dir='ltr'>nobis</span> <span class='ocrx_word' id='word_1_79' title='bbox 868 1975 1062 2049; x_wconf 90' lang='lat' dir='ltr'>litigancium</span> <span class='ocrx_word' id='word_1_80' title='bbox 1085 1972 1168 2051; x_wconf 83' lang='lat' dir='ltr'>justo</span> <span class='ocrx_word' id='word_1_81' title='bbox 1190 1973 1267 2053; x_wconf 87' lang='lat' dir='ltr'>juris</span> <span class='ocrx_word' id='word_1_82' title='bbox 1299 1975 1423 2034; x_wconf 90' lang='lat' dir='ltr'>tramite</span> <span class='ocrx_word' id='word_1_83' title='bbox 1454 1974 1555 2034; x_wconf 89' lang='lat' dir='ltr'>discu-</span> 
     </span>
     <span class='ocr_line' id='line_1_12' title="bbox 290 2079 1554 2155; baseline 0.002 -17"><span class='ocrx_word' id='word_1_84' title='bbox 290 2079 451 2154; x_wconf 89' lang='lat' dir='ltr'>cientibus,</span> <span class='ocrx_word' id='word_1_85' title='bbox 487 2081 652 2155; x_wconf 89' lang='lat' dir='ltr'>religiosus</span> <span class='ocrx_word' id='word_1_86' title='bbox 686 2087 716 2140; x_wconf 90' lang='lat' dir='ltr'>et</span> <span class='ocrx_word' id='word_1_87' title='bbox 748 2081 806 2141; x_wconf 89' lang='lat' dir='ltr'>deo</span> <span class='ocrx_word' id='word_1_88' title='bbox 841 2081 971 2142; x_wconf 89' lang='lat' dir='ltr'>devotus</span> <span class='ocrx_word' id='word_1_89' title='bbox 1006 2082 1103 2142; x_wconf 83' lang='lat' dir='ltr'>frater</span> <span class='ocrx_word' id='word_1_90' title='bbox 1138 2081 1329 2154; x_wconf 86' lang='lat' dir='ltr'>Benedictus,</span> <span class='ocrx_word' id='word_1_91' title='bbox 1364 2081 1554 2155; x_wconf 87' lang='lat' dir='ltr'>guardianus</span> 
     </span>
     <span class='ocr_line' id='line_1_13' title="bbox 290 2186 1556 2263; baseline 0.002 -18"><span class='ocrx_word' id='word_1_92' title='bbox 290 2191 460 2246; x_wconf 91' lang='lat' dir='ltr'>conventus</span> <span class='ocrx_word' id='word_1_93' title='bbox 475 2186 608 2246; x_wconf 84' lang='lat' dir='ltr'>fratrum</span> <span class='ocrx_word' id='word_1_94' title='bbox 625 2187 753 2247; x_wconf 80' lang='lat' dir='ltr'>claustri</span> <span class='ocrx_word' id='word_1_95' title='bbox 768 2189 865 2248; x_wconf 88' lang='lat' dir='ltr'>sancti</span> <span class='ocrx_word' id='word_1_96' title='bbox 880 2189 1033 2249; x_wconf 83' lang='lat' dir='ltr'>Francisci</span> <span class='ocrx_word' id='word_1_97' title='bbox 1049 2189 1243 2262; x_wconf 83' lang='lat' dir='ltr'>confessoris,</span> <span class='ocrx_word' id='word_1_98' title='bbox 1258 2188 1409 2263; x_wconf 88' lang='lat' dir='ltr'>Zagrabie</span> <span class='ocrx_word' id='word_1_99' title='bbox 1425 2187 1556 2261; x_wconf 88' lang='lat' dir='ltr'>fundati,</span> 
     </span>
     <span class='ocr_line' id='line_1_14' title="bbox 289 2293 1554 2370; baseline 0.002 -19"><span class='ocrx_word' id='word_1_100' title='bbox 289 2293 322 2351; x_wconf 94' lang='lat' dir='ltr'>in</span> <span class='ocrx_word' id='word_1_101' title='bbox 344 2307 400 2351; x_wconf 90' lang='lat' dir='ltr'>sua</span> <span class='ocrx_word' id='word_1_102' title='bbox 423 2297 453 2351; x_wconf 92' lang='lat' dir='ltr'>et</span> <span class='ocrx_word' id='word_1_103' title='bbox 475 2295 573 2354; x_wconf 89' lang='lat' dir='ltr'>tocius</span> <span class='ocrx_word' id='word_1_104' title='bbox 596 2298 764 2354; x_wconf 91' lang='lat' dir='ltr'>conventus</span> <span class='ocrx_word' id='word_1_105' title='bbox 787 2296 929 2369; x_wconf 91' lang='lat' dir='ltr'>ipsorum</span> <span class='ocrx_word' id='word_1_106' title='bbox 950 2295 1085 2354; x_wconf 84' lang='lat' dir='ltr'>fratrum</span> <span class='ocrx_word' id='word_1_107' title='bbox 1101 2295 1229 2354; x_wconf 86' lang='lat' dir='ltr'>claustri</span> <span class='ocrx_word' id='word_1_108' title='bbox 1244 2295 1398 2370; x_wconf 90' lang='lat' dir='ltr'>prenotati</span> <span class='ocrx_word' id='word_1_109' title='bbox 1413 2295 1554 2370; x_wconf 89' lang='lat' dir='ltr'>personis</span> 
     </span>
     <span class='ocr_line' id='line_1_15' title="bbox 287 2399 1553 2476; baseline 0.002 -18"><span class='ocrx_word' id='word_1_110' title='bbox 287 2399 327 2458; x_wconf 90' lang='lat' dir='ltr'>ad</span> <span class='ocrx_word' id='word_1_111' title='bbox 342 2404 481 2459; x_wconf 89' lang='lat' dir='ltr'>nostram</span> <span class='ocrx_word' id='word_1_112' title='bbox 502 2399 654 2458; x_wconf 90' lang='lat' dir='ltr'>veniendo</span> <span class='ocrx_word' id='word_1_113' title='bbox 670 2401 872 2474; x_wconf 86' lang='lat' dir='ltr'>presenciam,</span> <span class='ocrx_word' id='word_1_114' title='bbox 888 2401 1029 2460; x_wconf 85' lang='lat' dir='ltr'>exhibuit</span> <span class='ocrx_word' id='word_1_115' title='bbox 1044 2407 1075 2460; x_wconf 92' lang='lat' dir='ltr'>et</span> <span class='ocrx_word' id='word_1_116' title='bbox 1090 2402 1279 2476; x_wconf 87' lang='lat' dir='ltr'>presentavit</span> <span class='ocrx_word' id='word_1_117' title='bbox 1294 2401 1385 2460; x_wconf 91' lang='lat' dir='ltr'>nobis</span> <span class='ocrx_word' id='word_1_118' title='bbox 1397 2400 1553 2474; x_wconf 90' lang='lat' dir='ltr'>quandam</span> 
     </span>
     <span class='ocr_line' id='line_1_16' title="bbox 288 2506 1553 2583; baseline 0.002 -19"><span class='ocrx_word' id='word_1_119' title='bbox 288 2506 425 2566; x_wconf 89' lang='lat' dir='ltr'>litteram</span> <span class='ocrx_word' id='word_1_120' title='bbox 448 2513 588 2565; x_wconf 88' lang='lat' dir='ltr'>nostram</span> <span class='ocrx_word' id='word_1_121' title='bbox 610 2522 664 2564; x_wconf 92' lang='lat' dir='ltr'>seu</span> <span class='ocrx_word' id='word_1_122' title='bbox 688 2507 820 2566; x_wconf 88' lang='lat' dir='ltr'>civitatis</span> <span class='ocrx_word' id='word_1_123' title='bbox 844 2507 982 2581; x_wconf 87' lang='lat' dir='ltr'>predicte</span> <span class='ocrx_word' id='word_1_124' title='bbox 1006 2507 1244 2583; x_wconf 81' lang='lat' dir='ltr'>privilegialem,</span> <span class='ocrx_word' id='word_1_125' title='bbox 1269 2523 1328 2583; x_wconf 94' lang='lat' dir='ltr'>pro</span> <span class='ocrx_word' id='word_1_126' title='bbox 1351 2513 1440 2582; x_wconf 88' lang='lat' dir='ltr'>parte</span> <span class='ocrx_word' id='word_1_127' title='bbox 1455 2508 1553 2582; x_wconf 89' lang='lat' dir='ltr'>ipsius</span> 
     </span>
     <span class='ocr_line' id='line_1_17' title="bbox 288 2610 1553 2689; baseline 0.002 -18"><span class='ocrx_word' id='word_1_128' title='bbox 288 2616 319 2671; x_wconf 91' lang='lat' dir='ltr'>et</span> <span class='ocrx_word' id='word_1_129' title='bbox 340 2617 523 2672; x_wconf 91' lang='lat' dir='ltr'>cunctorum</span> <span class='ocrx_word' id='word_1_130' title='bbox 554 2610 688 2671; x_wconf 85' lang='lat' dir='ltr'>fratrum</span> <span class='ocrx_word' id='word_1_131' title='bbox 711 2617 881 2672; x_wconf 88' lang='lat' dir='ltr'>conventus</span> <span class='ocrx_word' id='word_1_132' title='bbox 903 2613 1031 2672; x_wconf 89' lang='lat' dir='ltr'>claustri</span> <span class='ocrx_word' id='word_1_133' title='bbox 1053 2614 1195 2689; x_wconf 91' lang='lat' dir='ltr'>predicti,</span> <span class='ocrx_word' id='word_1_134' title='bbox 1218 2615 1250 2672; x_wconf 93' lang='lat' dir='ltr'>in</span> <span class='ocrx_word' id='word_1_135' title='bbox 1281 2613 1392 2673; x_wconf 89' lang='lat' dir='ltr'>eodem</span> <span class='ocrx_word' id='word_1_136' title='bbox 1417 2613 1553 2674; x_wconf 92' lang='lat' dir='ltr'>claustro</span> 
     </span>
     <span class='ocr_line' id='line_1_18' title="bbox 287 2717 1553 2795; baseline 0.002 -18"><span class='ocrx_word' id='word_1_137' title='bbox 287 2733 348 2794; x_wconf 92' lang='lat' dir='ltr'>pro</span> <span class='ocrx_word' id='word_1_138' title='bbox 390 2724 531 2794; x_wconf 89' lang='lat' dir='ltr'>tempore</span> <span class='ocrx_word' id='word_1_139' title='bbox 566 2718 624 2777; x_wconf 91' lang='lat' dir='ltr'>deo</span> <span class='ocrx_word' id='word_1_140' title='bbox 659 2717 776 2778; x_wconf 85' lang='lat' dir='ltr'>devote</span> <span class='ocrx_word' id='word_1_141' title='bbox 805 2719 1038 2793; x_wconf 72' lang='lat' dir='ltr'>famulandum,</span> <span class='ocrx_word' id='word_1_142' title='bbox 1073 2735 1168 2795; x_wconf 86' lang='lat' dir='ltr'>super</span> <span class='ocrx_word' id='word_1_143' title='bbox 1203 2720 1340 2794; x_wconf 92' lang='lat' dir='ltr'>quodam</span> <span class='ocrx_word' id='word_1_144' title='bbox 1374 2720 1553 2780; x_wconf 89' lang='lat' dir='ltr'>molendino</span> 
     </span>
     <span class='ocr_line' id='line_1_19' title="bbox 287 2824 1553 2902; baseline 0.002 -17"><span class='ocrx_word' id='word_1_145' title='bbox 287 2825 495 2901; x_wconf 82' lang='lat' dir='ltr'>infrascripto,</span> <span class='ocrx_word' id='word_1_146' title='bbox 511 2831 652 2900; x_wconf 89' lang='lat' dir='ltr'>tempore</span> <span class='ocrx_word' id='word_1_147' title='bbox 674 2824 827 2902; x_wconf 85' lang='lat' dir='ltr'>judicatus</span> <span class='ocrx_word' id='word_1_148' title='bbox 850 2827 911 2885; x_wconf 90' lang='lat' dir='ltr'>viri</span> <span class='ocrx_word' id='word_1_149' title='bbox 935 2825 1066 2886; x_wconf 87' lang='lat' dir='ltr'>condam</span> <span class='ocrx_word' id='word_1_150' title='bbox 1082 2827 1208 2902; x_wconf 86' lang='lat' dir='ltr'>providi</span> <span class='ocrx_word' id='word_1_151' title='bbox 1222 2832 1253 2886; x_wconf 92' lang='lat' dir='ltr'>et</span> <span class='ocrx_word' id='word_1_152' title='bbox 1276 2828 1397 2888; x_wconf 90' lang='lat' dir='ltr'>honesti</span> <span class='ocrx_word' id='word_1_153' title='bbox 1419 2827 1553 2901; x_wconf 85' lang='lat' dir='ltr'>Andree,</span> 
     </span>
     <span class='ocr_line' id='line_1_20' title="bbox 287 2932 1552 3018; baseline 0 -26"><span class='ocrx_word' id='word_1_154' title='bbox 287 2932 366 3018; x_wconf 89' lang='lat' dir='ltr'>olim</span> <span class='ocrx_word' id='word_1_155' title='bbox 388 2932 500 3009; x_wconf 88' lang='lat' dir='ltr'>judicis</span> <span class='ocrx_word' id='word_1_156' title='bbox 524 2938 553 2991; x_wconf 92' lang='lat' dir='ltr'>et</span> <span class='ocrx_word' id='word_1_157' title='bbox 577 2933 714 2990; x_wconf 92' lang='lat' dir='ltr'>concivis</span> <span class='ocrx_word' id='word_1_158' title='bbox 735 2934 843 3004; x_wconf 88' lang='lat' dir='ltr'>nostri,</span> <span class='ocrx_word' id='word_1_159' title='bbox 866 2933 926 2992; x_wconf 87' lang='lat' dir='ltr'>filii</span> <span class='ocrx_word' id='word_1_160' title='bbox 948 2933 1039 3006; x_wconf 88' lang='lat' dir='ltr'>Petri,</span> <span class='ocrx_word' id='word_1_161' title='bbox 1063 2932 1122 2992; x_wconf 92' lang='lat' dir='ltr'>sub</span> <span class='ocrx_word' id='word_1_162' title='bbox 1146 2934 1294 3009; x_wconf 89' lang='lat' dir='ltr'>pendenti</span> <span class='ocrx_word' id='word_1_163' title='bbox 1316 2933 1422 3007; x_wconf 88' lang='lat' dir='ltr'>sigillo</span> <span class='ocrx_word' id='word_1_164' title='bbox 1445 2939 1552 2993; x_wconf 90' lang='lat' dir='ltr'>nostro</span> 
     </span>
     <span class='ocr_line' id='line_1_21' title="bbox 288 3039 1554 3114; baseline 0 -16"><span class='ocrx_word' id='word_1_165' title='bbox 288 3041 447 3098; x_wconf 90' lang='lat' dir='ltr'>communi</span> <span class='ocrx_word' id='word_1_166' title='bbox 475 3039 614 3098; x_wconf 86' lang='lat' dir='ltr'>confecta</span> <span class='ocrx_word' id='word_1_167' title='bbox 637 3045 667 3098; x_wconf 90' lang='lat' dir='ltr'>et</span> <span class='ocrx_word' id='word_1_168' title='bbox 689 3045 841 3111; x_wconf 86' lang='lat' dir='ltr'>emanata,</span> <span class='ocrx_word' id='word_1_169' title='bbox 863 3044 970 3114; x_wconf 90' lang='lat' dir='ltr'>petens</span> <span class='ocrx_word' id='word_1_170' title='bbox 1003 3055 1060 3099; x_wconf 91' lang='lat' dir='ltr'>nos</span> <span class='ocrx_word' id='word_1_171' title='bbox 1095 3039 1200 3100; x_wconf 88' lang='lat' dir='ltr'>debita</span> <span class='ocrx_word' id='word_1_172' title='bbox 1234 3056 1306 3099; x_wconf 92' lang='lat' dir='ltr'>cum</span> <span class='ocrx_word' id='word_1_173' title='bbox 1339 3041 1496 3112; x_wconf 87' lang='lat' dir='ltr'>instancia,</span> <span class='ocrx_word' id='word_1_174' title='bbox 1518 3045 1554 3099; x_wconf 92' lang='lat' dir='ltr'>ut</span> 
     </span>
     <span class='ocr_line' id='line_1_22' title="bbox 287 3145 1551 3221; baseline 0.001 -16"><span class='ocrx_word' id='word_1_175' title='bbox 287 3153 426 3206; x_wconf 91' lang='lat' dir='ltr'>tenorem</span> <span class='ocrx_word' id='word_1_176' title='bbox 449 3147 546 3220; x_wconf 92' lang='lat' dir='ltr'>ipsius</span> <span class='ocrx_word' id='word_1_177' title='bbox 569 3145 671 3204; x_wconf 90' lang='lat' dir='ltr'>littere</span> <span class='ocrx_word' id='word_1_178' title='bbox 693 3151 797 3204; x_wconf 88' lang='lat' dir='ltr'>nostre</span> <span class='ocrx_word' id='word_1_179' title='bbox 820 3146 1036 3221; x_wconf 87' lang='lat' dir='ltr'>privilegialis,</span> <span class='ocrx_word' id='word_1_180' title='bbox 1071 3163 1109 3205; x_wconf 88' lang='lat' dir='ltr'>ex</span> <span class='ocrx_word' id='word_1_181' title='bbox 1144 3161 1181 3206; x_wconf 92' lang='lat' dir='ltr'>eo</span> <span class='ocrx_word' id='word_1_182' title='bbox 1216 3152 1246 3206; x_wconf 92' lang='lat' dir='ltr'>et</span> <span class='ocrx_word' id='word_1_183' title='bbox 1282 3163 1318 3206; x_wconf 89' lang='lat' dir='ltr'>ea</span> <span class='ocrx_word' id='word_1_184' title='bbox 1353 3145 1392 3205; x_wconf 91' lang='lat' dir='ltr'>de</span> <span class='ocrx_word' id='word_1_185' title='bbox 1426 3147 1551 3206; x_wconf 91' lang='lat' dir='ltr'>racione</span> 
     </span>
     <span class='ocr_line' id='line_1_23' title="bbox 287 3252 1552 3328; baseline -0.001 -16"><span class='ocrx_word' id='word_1_186' title='bbox 287 3253 483 3328; x_wconf 90' lang='lat' dir='ltr'>presentibus</span> <span class='ocrx_word' id='word_1_187' title='bbox 504 3253 615 3312; x_wconf 90' lang='lat' dir='ltr'>litteris</span> <span class='ocrx_word' id='word_1_188' title='bbox 638 3253 752 3311; x_wconf 89' lang='lat' dir='ltr'>nostris</span> <span class='ocrx_word' id='word_1_189' title='bbox 774 3252 1026 3326; x_wconf 86' lang='lat' dir='ltr'>privilegialibus</span> <span class='ocrx_word' id='word_1_190' title='bbox 1049 3255 1143 3312; x_wconf 90' lang='lat' dir='ltr'>inseri</span> <span class='ocrx_word' id='word_1_191' title='bbox 1163 3259 1194 3312; x_wconf 90' lang='lat' dir='ltr'>et</span> <span class='ocrx_word' id='word_1_192' title='bbox 1216 3254 1322 3328; x_wconf 90' lang='lat' dir='ltr'>sigillo</span> <span class='ocrx_word' id='word_1_193' title='bbox 1343 3256 1450 3312; x_wconf 90' lang='lat' dir='ltr'>nostro</span> <span class='ocrx_word' id='word_1_194' title='bbox 1467 3267 1552 3311; x_wconf 91' lang='lat' dir='ltr'>com·</span> 
     </span>
     <span class='ocr_line' id='line_1_24' title="bbox 288 3357 1553 3434; baseline 0 -16"><span class='ocrx_word' id='word_1_195' title='bbox 288 3360 376 3418; x_wconf 90' lang='lat' dir='ltr'>muni</span> <span class='ocrx_word' id='word_1_196' title='bbox 398 3359 544 3434; x_wconf 90' lang='lat' dir='ltr'>pendenti</span> <span class='ocrx_word' id='word_1_197' title='bbox 566 3359 737 3417; x_wconf 88' lang='lat' dir='ltr'>munimine</span> <span class='ocrx_word' id='word_1_198' title='bbox 759 3359 944 3418; x_wconf 86' lang='lat' dir='ltr'>confirmare</span> <span class='ocrx_word' id='word_1_199' title='bbox 967 3359 1177 3434; x_wconf 85' lang='lat' dir='ltr'>dignaremur,</span> <span class='ocrx_word' id='word_1_200' title='bbox 1201 3361 1274 3434; x_wconf 90' lang='lat' dir='ltr'>quia</span> <span class='ocrx_word' id='word_1_201' title='bbox 1305 3357 1415 3418; x_wconf 89' lang='lat' dir='ltr'>eadem</span> <span class='ocrx_word' id='word_1_202' title='bbox 1448 3359 1553 3418; x_wconf 91' lang='lat' dir='ltr'>littera</span> 
     </span>
     <span class='ocr_line' id='line_1_25' title="bbox 287 3464 1554 3541; baseline 0.002 -18"><span class='ocrx_word' id='word_1_203' title='bbox 287 3471 394 3524; x_wconf 91' lang='lat' dir='ltr'>nostra</span> <span class='ocrx_word' id='word_1_204' title='bbox 415 3465 621 3541; x_wconf 86' lang='lat' dir='ltr'>privilegialis</span> <span class='ocrx_word' id='word_1_205' title='bbox 637 3481 731 3539; x_wconf 92' lang='lat' dir='ltr'>super</span> <span class='ocrx_word' id='word_1_206' title='bbox 754 3464 894 3540; x_wconf 89' lang='lat' dir='ltr'>predicto</span> <span class='ocrx_word' id='word_1_207' title='bbox 917 3466 1106 3540; x_wconf 90' lang='lat' dir='ltr'>molendino,</span> <span class='ocrx_word' id='word_1_208' title='bbox 1129 3466 1224 3526; x_wconf 89' lang='lat' dir='ltr'>modo</span> <span class='ocrx_word' id='word_1_209' title='bbox 1246 3465 1399 3541; x_wconf 90' lang='lat' dir='ltr'>premisso</span> <span class='ocrx_word' id='word_1_210' title='bbox 1414 3465 1554 3525; x_wconf 86' lang='lat' dir='ltr'>confecta</span> 
     </span>
     <span class='ocr_line' id='line_1_26' title="bbox 290 3571 1553 3649; baseline 0.002 -19"><span class='ocrx_word' id='word_1_211' title='bbox 290 3577 321 3630; x_wconf 90' lang='lat' dir='ltr'>et</span> <span class='ocrx_word' id='word_1_212' title='bbox 343 3579 494 3642; x_wconf 87' lang='lat' dir='ltr'>emanata,</span> <span class='ocrx_word' id='word_1_213' title='bbox 518 3571 655 3647; x_wconf 90' lang='lat' dir='ltr'>quodam</span> <span class='ocrx_word' id='word_1_214' title='bbox 671 3577 813 3647; x_wconf 89' lang='lat' dir='ltr'>tempore</span> <span class='ocrx_word' id='word_1_215' title='bbox 828 3573 983 3648; x_wconf 91' lang='lat' dir='ltr'>impacato</span> <span class='ocrx_word' id='word_1_216' title='bbox 1006 3581 1036 3633; x_wconf 88' lang='lat' dir='ltr'>et</span> <span class='ocrx_word' id='word_1_217' title='bbox 1051 3573 1240 3634; x_wconf 88' lang='lat' dir='ltr'>disturbioso</span> <span class='ocrx_word' id='word_1_218' title='bbox 1262 3574 1442 3649; x_wconf 90' lang='lat' dir='ltr'>nuperrime</span> <span class='ocrx_word' id='word_1_219' title='bbox 1456 3577 1553 3632; x_wconf 91' lang='lat' dir='ltr'>retro·</span> 
     </span>
     <span class='ocr_line' id='line_1_27' title="bbox 288 3679 1553 3760; baseline 0.002 -22"><span class='ocrx_word' id='word_1_220' title='bbox 288 3679 379 3754; x_wconf 91' lang='lat' dir='ltr'>lapso</span> <span class='ocrx_word' id='word_1_221' title='bbox 402 3680 434 3738; x_wconf 93' lang='lat' dir='ltr'>in</span> <span class='ocrx_word' id='word_1_222' title='bbox 457 3681 563 3738; x_wconf 90' lang='lat' dir='ltr'>charta</span> <span class='ocrx_word' id='word_1_223' title='bbox 594 3680 778 3760; x_wconf 88' lang='lat' dir='ltr'>pargameni</span> <span class='ocrx_word' id='word_1_224' title='bbox 797 3680 829 3738; x_wconf 89' lang='lat' dir='ltr'>in</span> <span class='ocrx_word' id='word_1_225' title='bbox 851 3679 957 3754; x_wconf 90' lang='lat' dir='ltr'>aliqua</span> <span class='ocrx_word' id='word_1_226' title='bbox 979 3682 1027 3739; x_wconf 94' lang='lat' dir='ltr'>sui</span> <span class='ocrx_word' id='word_1_227' title='bbox 1050 3687 1138 3756; x_wconf 89' lang='lat' dir='ltr'>parte</span> <span class='ocrx_word' id='word_1_228' title='bbox 1172 3686 1319 3756; x_wconf 88' lang='lat' dir='ltr'>corrupta</span> <span class='ocrx_word' id='word_1_229' title='bbox 1341 3685 1371 3740; x_wconf 92' lang='lat' dir='ltr'>et</span> <span class='ocrx_word' id='word_1_230' title='bbox 1406 3679 1553 3740; x_wconf 89' lang='lat' dir='ltr'>distracta</span> 
     </span>
     <span class='ocr_line' id='line_1_28' title="bbox 289 3781 1551 3866; baseline 0.002 -22"><span class='ocrx_word' id='word_1_231' title='bbox 289 3785 355 3845; x_wconf 83' lang='lat' dir='ltr'>fore</span> <span class='ocrx_word' id='word_1_232' title='bbox 379 3785 625 3859; x_wconf 86' lang='lat' dir='ltr'>dignoscebatur.</span> <span class='ocrx_word' id='word_1_233' title='bbox 649 3785 745 3846; x_wconf 91' lang='lat' dir='ltr'>Cuius</span> <span class='ocrx_word' id='word_1_234' title='bbox 768 3785 896 3860; x_wconf 90' lang='lat' dir='ltr'>quidem</span> <span class='ocrx_word' id='word_1_235' title='bbox 919 3786 1022 3844; x_wconf 89' lang='lat' dir='ltr'>littere</span> <span class='ocrx_word' id='word_1_236' title='bbox 1057 3791 1144 3845; x_wconf 92' lang='lat' dir='ltr'>tenor</span> <span class='ocrx_word' id='word_1_237' title='bbox 1166 3787 1237 3846; x_wconf 87' lang='lat' dir='ltr'>talis</span> <span class='ocrx_word' id='word_1_238' title='bbox 1260 3793 1322 3846; x_wconf 88' lang='lat' dir='ltr'>est:</span> <span class='ocrx_word' id='word_1_239' title='bbox 1357 3781 1442 3866; x_wconf 89' lang='lat' dir='ltr'>(vide</span> <span class='ocrx_word' id='word_1_240' title='bbox 1476 3787 1551 3848; x_wconf 91' lang='lat' dir='ltr'>Doc.</span> 
     </span>
     <span class='ocr_line' id='line_1_29' title="bbox 288 3884 1551 3976; baseline 0.002 -25"><span class='ocrx_word' id='word_1_241' title='bbox 288 3909 338 3968; x_wconf 80' lang='lat'>42.</span> <span class='ocrx_word' id='word_1_242' title='bbox 370 3907 450 3952; x_wconf 92' lang='lat' dir='ltr'>anno</span> <span class='ocrx_word' id='word_1_243' title='bbox 490 3906 581 3968; x_wconf 79' lang='lat'>1425.</span> <span class='ocrx_word' id='word_1_244' title='bbox 607 3907 658 3962; x_wconf 75' lang='lat'>25.</span> <span class='ocrx_word' id='word_1_245' title='bbox 692 3884 789 3976; x_wconf 85' lang='lat' dir='ltr'>Julii).</span> <span class='ocrx_word' id='word_1_246' title='bbox 824 3892 888 3950; x_wconf 92' lang='lat' dir='ltr'>Nos</span> <span class='ocrx_word' id='word_1_247' title='bbox 921 3894 1026 3967; x_wconf 89' lang='lat' dir='ltr'>itaque</span> <span class='ocrx_word' id='word_1_248' title='bbox 1060 3895 1267 3968; x_wconf 89' lang='lat' dir='ltr'>peticionibus</span> <span class='ocrx_word' id='word_1_249' title='bbox 1300 3893 1413 3968; x_wconf 83' lang='lat' dir='ltr'>prefati</span> <span class='ocrx_word' id='word_1_250' title='bbox 1446 3893 1551 3954; x_wconf 83' lang='lat' dir='ltr'>fratris</span> 
     </span>
     <span class='ocr_line' id='line_1_30' title="bbox 288 3997 1551 4076; baseline 0.001 -18"><span class='ocrx_word' id='word_1_251' title='bbox 288 3998 445 4058; x_wconf 89' lang='lat' dir='ltr'>Benedicti</span> <span class='ocrx_word' id='word_1_252' title='bbox 466 3998 631 4072; x_wconf 90' lang='lat' dir='ltr'>guardiani</span> <span class='ocrx_word' id='word_1_253' title='bbox 653 3999 782 4057; x_wconf 81' lang='lat' dir='ltr'>claustri</span> <span class='ocrx_word' id='word_1_254' title='bbox 798 4000 959 4074; x_wconf 89' lang='lat' dir='ltr'>prenotati,</span> <span class='ocrx_word' id='word_1_255' title='bbox 976 4005 1137 4073; x_wconf 90' lang='lat' dir='ltr'>tamquam</span> <span class='ocrx_word' id='word_1_256' title='bbox 1152 3997 1249 4076; x_wconf 88' lang='lat' dir='ltr'>justis,</span> <span class='ocrx_word' id='word_1_257' title='bbox 1268 3999 1391 4076; x_wconf 89' lang='lat' dir='ltr'>jurique</span> <span class='ocrx_word' id='word_1_258' title='bbox 1406 4001 1551 4074; x_wconf 79' lang='lat' dir='ltr'>congruis</span> 
     </span>
     <span class='ocr_line' id='line_1_31' title="bbox 288 4104 1550 4180; baseline 0.002 -16"><span class='ocrx_word' id='word_1_259' title='bbox 288 4121 346 4180; x_wconf 90' lang='lat' dir='ltr'>per</span> <span class='ocrx_word' id='word_1_260' title='bbox 379 4105 513 4163; x_wconf 91' lang='lat' dir='ltr'>eundem</span> <span class='ocrx_word' id='word_1_261' title='bbox 546 4104 677 4163; x_wconf 87' lang='lat' dir='ltr'>fratrem</span> <span class='ocrx_word' id='word_1_262' title='bbox 711 4105 910 4164; x_wconf 86' lang='lat' dir='ltr'>Benedictum</span> <span class='ocrx_word' id='word_1_263' title='bbox 946 4104 1154 4178; x_wconf 88' lang='lat' dir='ltr'>guardianum</span> <span class='ocrx_word' id='word_1_264' title='bbox 1187 4106 1219 4164; x_wconf 93' lang='lat' dir='ltr'>in</span> <span class='ocrx_word' id='word_1_265' title='bbox 1241 4107 1390 4180; x_wconf 91' lang='lat' dir='ltr'>personis,</span> <span class='ocrx_word' id='word_1_266' title='bbox 1415 4121 1550 4180; x_wconf 89' lang='lat' dir='ltr'>quorum</span> 
     </span>
     <span class='ocr_line' id='line_1_32' title="bbox 288 4210 1552 4288; baseline 0.002 -18"><span class='ocrx_word' id='word_1_267' title='bbox 288 4227 391 4286; x_wconf 92' lang='lat' dir='ltr'>supra,</span> <span class='ocrx_word' id='word_1_268' title='bbox 407 4212 497 4270; x_wconf 91' lang='lat' dir='ltr'>nobis</span> <span class='ocrx_word' id='word_1_269' title='bbox 519 4210 582 4288; x_wconf 88' lang='lat' dir='ltr'>juri</span> <span class='ocrx_word' id='word_1_270' title='bbox 604 4226 736 4271; x_wconf 90' lang='lat' dir='ltr'>consone</span> <span class='ocrx_word' id='word_1_271' title='bbox 751 4213 912 4286; x_wconf 87' lang='lat' dir='ltr'>porrectis,</span> <span class='ocrx_word' id='word_1_272' title='bbox 928 4229 967 4270; x_wconf 84' lang='lat' dir='ltr'>ex</span> <span class='ocrx_word' id='word_1_273' title='bbox 983 4226 1019 4270; x_wconf 93' lang='lat' dir='ltr'>eo</span> <span class='ocrx_word' id='word_1_274' title='bbox 1043 4217 1074 4272; x_wconf 91' lang='lat' dir='ltr'>et</span> <span class='ocrx_word' id='word_1_275' title='bbox 1096 4227 1132 4271; x_wconf 89' lang='lat' dir='ltr'>ea</span> <span class='ocrx_word' id='word_1_276' title='bbox 1148 4211 1186 4271; x_wconf 91' lang='lat' dir='ltr'>de</span> <span class='ocrx_word' id='word_1_277' title='bbox 1201 4214 1324 4272; x_wconf 88' lang='lat' dir='ltr'>racione</span> <span class='ocrx_word' id='word_1_278' title='bbox 1339 4213 1447 4287; x_wconf 89' lang='lat' dir='ltr'>pocius</span> <span class='ocrx_word' id='word_1_279' title='bbox 1463 4213 1552 4273; x_wconf 92' lang='lat' dir='ltr'>incli-</span> 
     </span>
     <span class='ocr_line' id='line_1_33' title="bbox 288 4319 1551 4394; baseline 0.004 -19"><span class='ocrx_word' id='word_1_280' title='bbox 288 4319 353 4376; x_wconf 91' lang='lat' dir='ltr'>nati</span> <span class='ocrx_word' id='word_1_281' title='bbox 376 4323 406 4375; x_wconf 91' lang='lat' dir='ltr'>et</span> <span class='ocrx_word' id='word_1_282' title='bbox 429 4322 604 4391; x_wconf 87' lang='lat' dir='ltr'>annuentes,</span> <span class='ocrx_word' id='word_1_283' title='bbox 628 4319 701 4392; x_wconf 89' lang='lat' dir='ltr'>quia</span> <span class='ocrx_word' id='word_1_284' title='bbox 732 4319 803 4377; x_wconf 90' lang='lat' dir='ltr'>licet</span> <span class='ocrx_word' id='word_1_285' title='bbox 825 4319 893 4394; x_wconf 90' lang='lat' dir='ltr'>ipsa</span> <span class='ocrx_word' id='word_1_286' title='bbox 916 4319 1019 4377; x_wconf 89' lang='lat' dir='ltr'>littera</span> <span class='ocrx_word' id='word_1_287' title='bbox 1042 4324 1148 4378; x_wconf 89' lang='lat' dir='ltr'>nostra</span> <span class='ocrx_word' id='word_1_288' title='bbox 1170 4334 1223 4377; x_wconf 91' lang='lat' dir='ltr'>seu</span> <span class='ocrx_word' id='word_1_289' title='bbox 1245 4320 1378 4378; x_wconf 88' lang='lat' dir='ltr'>civitatis</span> <span class='ocrx_word' id='word_1_290' title='bbox 1411 4319 1551 4394; x_wconf 90' lang='lat' dir='ltr'>predicte</span> 
     </span>
     <span class='ocr_line' id='line_1_34' title="bbox 288 4423 1550 4502; baseline 0.003 -20"><span class='ocrx_word' id='word_1_291' title='bbox 288 4424 505 4500; x_wconf 86' lang='lat' dir='ltr'>privilegialis,</span> <span class='ocrx_word' id='word_1_292' title='bbox 530 4431 670 4500; x_wconf 87' lang='lat' dir='ltr'>tempore</span> <span class='ocrx_word' id='word_1_293' title='bbox 693 4425 858 4500; x_wconf 87' lang='lat' dir='ltr'>prescripti</span> <span class='ocrx_word' id='word_1_294' title='bbox 876 4423 1032 4500; x_wconf 85' lang='lat' dir='ltr'>judicatus</span> <span class='ocrx_word' id='word_1_295' title='bbox 1055 4426 1154 4499; x_wconf 92' lang='lat' dir='ltr'>ipsius</span> <span class='ocrx_word' id='word_1_296' title='bbox 1176 4426 1313 4485; x_wconf 86' lang='lat' dir='ltr'>annotati</span> <span class='ocrx_word' id='word_1_297' title='bbox 1327 4423 1439 4502; x_wconf 87' lang='lat' dir='ltr'>judicis</span> <span class='ocrx_word' id='word_1_298' title='bbox 1455 4441 1550 4500; x_wconf 91' lang='lat' dir='ltr'>super</span> 
     </span>
     <span class='ocr_line' id='line_1_35' title="bbox 288 4530 1551 4608; baseline 0.003 -19"><span class='ocrx_word' id='word_1_299' title='bbox 288 4530 410 4607; x_wconf 82' lang='lat' dir='ltr'>prefato</span> <span class='ocrx_word' id='word_1_300' title='bbox 434 4531 622 4602; x_wconf 92' lang='lat' dir='ltr'>molendino,</span> <span class='ocrx_word' id='word_1_301' title='bbox 645 4531 740 4590; x_wconf 91' lang='lat' dir='ltr'>modo</span> <span class='ocrx_word' id='word_1_302' title='bbox 774 4531 955 4606; x_wconf 88' lang='lat' dir='ltr'>supradicto</span> <span class='ocrx_word' id='word_1_303' title='bbox 978 4531 1116 4591; x_wconf 85' lang='lat' dir='ltr'>confecta</span> <span class='ocrx_word' id='word_1_304' title='bbox 1139 4537 1169 4590; x_wconf 92' lang='lat' dir='ltr'>et</span> <span class='ocrx_word' id='word_1_305' title='bbox 1192 4537 1334 4592; x_wconf 89' lang='lat' dir='ltr'>emanata</span> <span class='ocrx_word' id='word_1_306' title='bbox 1356 4533 1388 4591; x_wconf 93' lang='lat' dir='ltr'>in</span> <span class='ocrx_word' id='word_1_307' title='bbox 1410 4533 1551 4608; x_wconf 91' lang='lat' dir='ltr'>predicta</span> 
     </span>
     <span class='ocr_line' id='line_1_36' title="bbox 289 4637 1548 4714; baseline 0 -18"><span class='ocrx_word' id='word_1_308' title='bbox 289 4641 396 4697; x_wconf 89' lang='lat' dir='ltr'>charta</span> <span class='ocrx_word' id='word_1_309' title='bbox 420 4639 603 4713; x_wconf 89' lang='lat' dir='ltr'>pargameni</span> <span class='ocrx_word' id='word_1_310' title='bbox 626 4639 656 4696; x_wconf 92' lang='lat' dir='ltr'>in</span> <span class='ocrx_word' id='word_1_311' title='bbox 680 4639 786 4712; x_wconf 89' lang='lat' dir='ltr'>aliqua</span> <span class='ocrx_word' id='word_1_312' title='bbox 816 4639 864 4696; x_wconf 92' lang='lat' dir='ltr'>sui</span> <span class='ocrx_word' id='word_1_313' title='bbox 887 4646 984 4713; x_wconf 88' lang='lat' dir='ltr'>parte,</span> <span class='ocrx_word' id='word_1_314' title='bbox 1008 4645 1042 4697; x_wconf 92' lang='lat' dir='ltr'>ut</span> <span class='ocrx_word' id='word_1_315' title='bbox 1065 4637 1229 4713; x_wconf 86' lang='lat' dir='ltr'>prefertur,</span> <span class='ocrx_word' id='word_1_316' title='bbox 1263 4643 1411 4714; x_wconf 92' lang='lat' dir='ltr'>corrupta</span> <span class='ocrx_word' id='word_1_317' title='bbox 1434 4646 1465 4698; x_wconf 91' lang='lat' dir='ltr'>et</span> <span class='ocrx_word' id='word_1_318' title='bbox 1487 4639 1548 4700; x_wconf 91' lang='lat' dir='ltr'>dis·</span> 
     </span>
    </p>
   </div>
   <div class='ocr_carea' id='block_1_4' title="bbox 173 4745 1551 4819">
    <p class='ocr_par' dir='ltr' id='par_1_4' title="bbox 173 4745 1551 4819">
     <span class='ocr_line' id='line_1_37' title="bbox 173 4745 1551 4819; baseline 0.001 -15"><span class='ocrx_word' id='word_1_319' title='bbox 173 4745 178 4755; x_wconf 88' lang='grc'><em>“</em></span> <span class='ocrx_word' id='word_1_320' title='bbox 289 4752 389 4805; x_wconf 89' lang='lat' dir='ltr'>tracta</span> <span class='ocrx_word' id='word_1_321' title='bbox 412 4746 460 4818; x_wconf 89' lang='lat' dir='ltr'>sit,</span> <span class='ocrx_word' id='word_1_322' title='bbox 485 4746 643 4804; x_wconf 89' lang='lat' dir='ltr'>tamenin</span> <span class='ocrx_word' id='word_1_323' title='bbox 678 4745 783 4819; x_wconf 91' lang='lat' dir='ltr'>sigillo</span> <span class='ocrx_word' id='word_1_324' title='bbox 816 4750 922 4804; x_wconf 90' lang='lat' dir='ltr'>nostro</span> <span class='ocrx_word' id='word_1_325' title='bbox 957 4745 1124 4817; x_wconf 90' lang='lat' dir='ltr'>communi,</span> <span class='ocrx_word' id='word_1_326' title='bbox 1157 4760 1219 4819; x_wconf 92' lang='lat' dir='ltr'>quo</span> <span class='ocrx_word' id='word_1_327' title='bbox 1242 4745 1351 4804; x_wconf 92' lang='lat' dir='ltr'>eadem</span> <span class='ocrx_word' id='word_1_328' title='bbox 1383 4745 1487 4804; x_wconf 90' lang='lat' dir='ltr'>littera</span> <span class='ocrx_word' id='word_1_329' title='bbox 1518 4747 1551 4806; x_wconf 92' lang='lat' dir='ltr'>in</span> 
     </span>
    </p>
   </div>
   <div class='ocr_carea' id='block_1_5' title="bbox 287 4849 1550 5142">
    <p class='ocr_par' dir='ltr' id='par_1_5' title="bbox 287 4849 1550 5142">
     <span class='ocr_line' id='line_1_38' title="bbox 289 4849 1550 4928; baseline -0.001 -16"><span class='ocrx_word' id='word_1_330' title='bbox 289 4854 387 4912; x_wconf 91' lang='lat' dir='ltr'>serico</span> <span class='ocrx_word' id='word_1_331' title='bbox 411 4853 471 4911; x_wconf 92' lang='lat' dir='ltr'>sibi</span> <span class='ocrx_word' id='word_1_332' title='bbox 493 4851 685 4926; x_wconf 88' lang='lat' dir='ltr'>impendenti</span> <span class='ocrx_word' id='word_1_333' title='bbox 709 4853 828 4912; x_wconf 86' lang='lat' dir='ltr'>munita</span> <span class='ocrx_word' id='word_1_334' title='bbox 847 4857 876 4912; x_wconf 94' lang='lat' dir='ltr'>et</span> <span class='ocrx_word' id='word_1_335' title='bbox 899 4853 1048 4912; x_wconf 89' lang='lat' dir='ltr'>roborata</span> <span class='ocrx_word' id='word_1_336' title='bbox 1070 4853 1171 4913; x_wconf 86' lang='lat' dir='ltr'>extitit</span> <span class='ocrx_word' id='word_1_337' title='bbox 1193 4854 1316 4928; x_wconf 91' lang='lat' dir='ltr'>penitus</span> <span class='ocrx_word' id='word_1_338' title='bbox 1338 4849 1430 4910; x_wconf 89' lang='lat' dir='ltr'>illesa</span> <span class='ocrx_word' id='word_1_339' title='bbox 1451 4852 1550 4911; x_wconf 88' lang='lat' dir='ltr'>immo</span> 
     </span>
     <span class='ocr_line' id='line_1_39' title="bbox 288 4959 1550 5034; baseline 0 -16"><span class='ocrx_word' id='word_1_340' title='bbox 288 4961 415 5018; x_wconf 91' lang='lat' dir='ltr'>omnino</span> <span class='ocrx_word' id='word_1_341' title='bbox 437 4961 558 5033; x_wconf 89' lang='lat' dir='ltr'>integra</span> <span class='ocrx_word' id='word_1_342' title='bbox 581 4959 648 5018; x_wconf 81' lang='lat' dir='ltr'>iore</span> <span class='ocrx_word' id='word_1_343' title='bbox 671 4959 918 5034; x_wconf 88' lang='lat' dir='ltr'>dignoscebatur,</span> <span class='ocrx_word' id='word_1_344' title='bbox 936 4960 1066 5020; x_wconf 89' lang='lat' dir='ltr'>eandem</span> <span class='ocrx_word' id='word_1_345' title='bbox 1082 4961 1218 5018; x_wconf 91' lang='lat' dir='ltr'>litteram</span> <span class='ocrx_word' id='word_1_346' title='bbox 1240 4963 1380 5018; x_wconf 87' lang='lat' dir='ltr'>nostram</span> <span class='ocrx_word' id='word_1_347' title='bbox 1403 4973 1458 5016; x_wconf 89' lang='lat' dir='ltr'>seu</span> <span class='ocrx_word' id='word_1_348' title='bbox 1473 4959 1550 5018; x_wconf 90' lang='lat' dir='ltr'>civi-</span> 
     </span>
     <span class='ocr_line' id='line_1_40' title="bbox 287 5065 1549 5142; baseline -0.002 -16"><span class='ocrx_word' id='word_1_349' title='bbox 287 5067 359 5126; x_wconf 88' lang='lat' dir='ltr'>tatis</span> <span class='ocrx_word' id='word_1_350' title='bbox 382 5067 521 5142; x_wconf 87' lang='lat' dir='ltr'>predicte</span> <span class='ocrx_word' id='word_1_351' title='bbox 544 5067 770 5142; x_wconf 89' lang='lat' dir='ltr'>priviegialem,</span> <span class='ocrx_word' id='word_1_352' title='bbox 783 5083 877 5142; x_wconf 91' lang='lat' dir='ltr'>super</span> <span class='ocrx_word' id='word_1_353' title='bbox 892 5066 1049 5142; x_wconf 89' lang='lat' dir='ltr'>sepedicto</span> <span class='ocrx_word' id='word_1_354' title='bbox 1071 5066 1251 5126; x_wconf 89' lang='lat' dir='ltr'>molendino</span> <span class='ocrx_word' id='word_1_355' title='bbox 1274 5071 1415 5141; x_wconf 90' lang='lat' dir='ltr'>tempore</span> <span class='ocrx_word' id='word_1_356' title='bbox 1434 5065 1549 5141; x_wconf 87' lang='lat' dir='ltr'>prefati</span> 
     </span>
    </p>
   </div>
   <div class='ocr_carea' id='block_1_6' title="bbox 0 0 1970 5806">
    <p class='ocr_par' dir='ltr' id='par_1_6' title="bbox 0 0 1970 5806">
     <span class='ocr_line' id='line_1_41' title="bbox 0 0 1970 5806; baseline 0 0"><span class='ocrx_word' id='word_1_357' title='bbox 0 0 1970 5806; x_wconf 95' lang='lat' dir='ltr'> </span> 
     </span>
    </p>
   </div>
  </div>
 </body>
</html>
