3948 5804
395 537 433 598 82
721 625 723 630 Ι
822 535 895 596 Doc.
920 528 971 594 68.
996 568 1038 580 -
1061 535 1117 596 An.
1141 547 1230 614 1435.

392 751 522 810 dicendo
546 752 590 810 eis
614 751 747 826 publice,
771 750 856 825 quod
878 751 904 809 si
926 766 1014 810 secus
1036 750 1181 821 facerent,
1204 755 1318 810 extunc
1340 752 1400 826 ipsi
1421 747 1539 809 vellent
1571 749 1656 823 ipsas

393 858 498 932 fruges
520 873 614 918 manu
637 864 756 916 armata
784 859 825 916 ab
857 857 934 932 ipsis
961 857 1100 932 recipere
1130 861 1161 914 et
1191 855 1297 930 ipsum
1327 856 1519 916 territorium
1550 861 1656 914 contra

392 963 568 1038 predictum
591 963 765 1038 capitulum
787 962 956 1035 defensare,
979 963 1087 1036 plures
1110 962 1211 1020 minas
1234 961 1351 1022 eisdem
1367 960 1502 1022 dominis
1518 958 1557 1020 de
1573 959 1657 1020 dicto

391 1070 529 1144 capitulo
544 1067 661 1129 ibidem
677 1070 867 1144 inponentes.
883 1067 1022 1128 Tandem
1037 1069 1178 1143 sequenti
1191 1069 1250 1143 die,
1266 1069 1413 1128 videlicet
1429 1069 1461 1130 in
1472 1067 1552 1128 festo
1563 1069 1653 1132 beate

393 1177 587 1249 Margarethe
603 1175 732 1249 virginis
749 1182 779 1234 et
795 1176 940 1247 martiris,
956 1175 1101 1234 similiter
1117 1174 1227 1234 eodem
1244 1191 1333 1248 anno,
1358 1191 1419 1249 qua
1443 1175 1493 1234 die
1509 1173 1656 1259 videlicet

390 1283 423 1342 in
438 1283 506 1356 ipsa
518 1281 643 1342 civitate
659 1281 762 1340 forum
778 1281 911 1342 annuale
927 1297 981 1340 seu
999 1281 1134 1340 nundine
1150 1297 1222 1340 curn
1239 1281 1331 1341 certis
1347 1281 1529 1340 libertatum
1549 1293 1656 1355 prero-

391 1388 534 1461 gativisa
550 1387 604 1446 diu
621 1387 773 1446 celebrari
796 1389 1035 1458 consuevissent,
1050 1387 1129 1446 hora
1144 1402 1356 1462 vesperarum,
1369 1387 1445 1444 dum
1460 1385 1521 1461 ipsi
1537 1385 1657 1444 domini

391 1493 430 1552 de
446 1493 528 1552 dicto
551 1493 689 1569 capitulo
712 1508 784 1551 curn
806 1495 891 1552 clero
906 1495 1004 1569 ipsius
1018 1495 1147 1554 ecclesie
1161 1495 1375 1570 vespertinum
1390 1493 1531 1552 officium
1546 1491 1655 1552 decan·

391 1607 514 1672 tassent,
538 1599 669 1676 predicti
691 1600 775 1658 cives
798 1605 828 1658 et
850 1601 989 1675 hospites
1012 1609 1044 1659 et
1066 1601 1223 1675 signanter
1253 1601 1285 1660 in
1315 1600 1422 1675 platea
1451 1605 1592 1658 sutorum
1624 1599 1656 1657 in

305 1691 311 1703 '
390 1707 542 1766 suburbio
566 1707 646 1766 dicte
668 1705 801 1766 civitatis
825 1712 1061 1780 commorantes,
1086 1706 1266 1766 coadunatis
1289 1708 1350 1766 sibi
1372 1706 1532 1766 nonnullis
1555 1706 1656 1764 homi·

390 1813 482 1873 nibus
504 1814 720 1885 servientibus,
744 1813 798 1886 qui
819 1812 860 1871 ad
882 1811 1062 1872 huiusmodi
1075 1812 1227 1872 nundinas
1243 1829 1297 1872 seu
1313 1812 1417 1872 forum
1433 1811 1566 1872 annuale
1585 1813 1655 1886 ipso

391 1919 441 1978 die
463 1920 533 1979 festi
557 1921 645 1978 beate
668 1919 863 1993 Margarethe
885 1919 1015 1992 virginis
1037 1919 1069 1978 in
1092 1919 1174 1978 dicta
1197 1919 1324 1978 civitate
1354 1917 1509 1978 celebrari
1538 1917 1655 1990 solitas,

390 2025 519 2085 fuissent
549 2027 741 2100 congregati,
773 2041 811 2084 ex
849 2030 1054 2100 preconcepta
1083 2041 1102 2082 a
1133 2025 1187 2084 diu
1218 2032 1325 2084 contra
1356 2025 1519 2084 ecclesiam
1550 2039 1656 2098 ragra-

392 2133 530 2191 biensem
552 2147 588 2190 ac
611 2132 784 2208 capitulum
815 2137 845 2190 et
875 2131 994 2190 clerum
1025 2129 1165 2190 eiusdem
1196 2131 1324 2192 ecclesie
1353 2131 1491 2190 rancoris
1522 2130 1656 2203 malicia,

392 2239 534 2297 manibus
557 2239 685 2298 armatis
707 2243 738 2296 et
760 2237 946 2312 potenciaris
968 2236 1008 2296 ad
1024 2236 1201 2312 predictum
1223 2237 1399 2312 capitulum
1422 2244 1529 2298 contra
1560 2237 1655 2296 liber·

391 2351 468 2402 tates
490 2359 600 2403 eorum
623 2350 654 2402 et
676 2349 776 2402 cetera
798 2349 890 2418 pacta
912 2344 997 2418 pacis
1020 2351 1050 2402 et
1072 2343 1236 2402 concordie
1259 2344 1338 2402 inter
1353 2344 1458 2417 ipsum
1482 2343 1655 2417 capitulum

392 2459 422 2508 et
444 2451 536 2522 cives,
560 2450 755 2524 temporibus
779 2448 831 2507 diu
855 2449 1016 2508 retroactis
1039 2449 1135 2508 innita
1158 2455 1188 2507 et
1204 2448 1292 2522 facta,
1310 2450 1525 2524 vigorosisqne
1542 2449 1663 2511 litteris*

390 2559 449 2615 sub
473 2556 564 2616 certis
587 2557 675 2631 penis
697 2557 729 2614 in
753 2555 870 2614 eisdem
894 2557 1048 2629 expressis
1071 2556 1203 2627 firmata,
1227 2571 1284 2630 per
1307 2557 1392 2631 ipsos
1409 2557 1498 2638 ,cives
1519 2554 1583 2632 jam
1610 2573 1655 2616 se·

393 2664 462 2738 pius
486 2670 516 2721 et
547 2664 704 2736 signanter
733 2667 875 2736 ternpore
905 2661 1129 2720 combustionis
1161 2661 1328 2722 domorum
1359 2662 1586 2721 canonicalium
1617 2661 1655 2720 de

391 2769 473 2828 dicto
497 2768 634 2843 capitulo
658 2785 715 2843 per
738 2768 862 2827 eosdem
887 2768 971 2826 cives
994 2767 1118 2842 pridem
1141 2766 1230 2839 facte,
1246 2783 1323 2826 ausu
1336 2769 1512 2840 temerario,
1537 2767 1658 2828 violen-

390 2883 482 2950 taque
505 2891 598 2934 manu
622 2875 776 2934 hostiliter
792 2873 1015 2944 descendendo,
1039 2874 1202 2947 curiasque
1227 2880 1258 2931 et
1273 2873 1383 2932 domos
1399 2873 1591 2934 eorumdem·
1606 2889 1656 2932 ca·

390 2983 572 3041 nonicorum
595 2987 624 3040 et
647 2983 803 3054 signanter
826 2979 1025 3039 dominorum
1047 2979 1185 3038 ladislai
1208 2980 1246 3038 de
1269 2979 1412 3052 Dawoth,
1440 2979 1581 3054 predicti,
1603 2980 1656 3062 Jo-

389 3088 497 3146 hannis
512 3086 651 3146 Farkasii
672 3086 883 3145 archidiaconi
905 3083 944 3144 de
959 3085 1071 3157 Bexen,
1093 3087 1235 3159 magistri
1251 3087 1412 3144 Michaelis
1427 3085 1563 3146 doctoris
1579 3087 1655 3146 artis

389 3193 540 3253 medicine
561 3199 592 3252 et
613 3193 762 3276 Johannis
785 3193 919 3251 cantoris
954 3191 1093 3250 eiusdem
1123 3193 1252 3252 ecclesie
1284 3193 1449 3251 inmaniter
1477 3192 1655 3254 invadendo

389 3306 419 3357 et
441 3299 645 3358 subintrando
668 3313 814 3372 serasque
837 3305 868 3357 et
890 3298 1059 3369 clausuras,
1082 3315 1138 3356 nec
1161 3314 1222 3358 non
1245 3299 1345 3358 hostia
1369 3298 1537 3358 domorum
1560 3305 1590 3358 et
1606 3315 1656 3357 ce·

389 3406 540 3464 lariorum
563 3404 801 3480 confrangendo,
825 3406 1019 3477 lectisternia,
1044 3404 1222 3478 pulvinaria
1244 3419 1280 3462 ac
1303 3403 1421 3464 laridos
1444 3411 1475 3462 et
1505 3416 1600 3480 panes
1626 3411 1656 3462 et

389 3513 471 3570 bona
493 3512 526 3570 in
549 3511 667 3570 eisdem
701 3510 848 3570 domibus
883 3526 992 3570 eorum
1026 3516 1165 3586 repertas
1191 3515 1221 3570 et
1251 3511 1377 3570 inventa
1407 3510 1593 3572 auferrendo
1625 3515 1655 3569 et

388 3616 592 3692 asportando;
616 3617 694 3676 duos
716 3617 885 3676 familiares
908 3618 1050 3691 magistri
1065 3617 1173 3700 Jacobi
1189 3616 1228 3675 de
1244 3615 1396 3676 Zerdahel
1413 3616 1576 3676 videlicet:
1591 3619 1655 3677 Ma·
1738 3647 1741 3652 Δ

389 3721 495 3796 thyam
519 3729 550 3782 et
568 3722 764 3796 Gregorium,
781 3724 856 3782 item
879 3730 1013 3797 quatuor
1029 3722 1198 3781 familiares
1223 3724 1364 3796 magistri
1380 3722 1501 3782 Nicolai
1518 3723 1653 3795 Almam,

280 3883 282 3887 ,
389 3829 521 3889 scilicet:
545 3829 674 3900 Lucam,
693 3827 897 3904 Stephanum,
917 3830 1049 3888 Paulum
1073 3835 1103 3887 et
1126 3829 1261 3901 Petrum,
1281 3830 1356 3889 item
1371 3829 1448 3913 Jaxe
1464 3829 1655 3888 familiarem

388 3935 507 3994 domini
529 3935 650 3994 Thorne
673 3935 823 4010 prepositi
846 3935 977 3994 ecclesie
1000 3935 1192 4008 bachyensis,
1216 3936 1436 3994 canonicorum
1463 3935 1591 3994 ecclesie
1607 3950 1655 3994 za-

388 4042 568 4116 grabiensis,
580 4041 730 4116 gravibus
742 4043 925 4115 sagittarum
937 4034 1076 4120 (ictibus)
1090 4042 1224 4101 letaliter
1236 4042 1467 4112 vulnerassent;
1483 4047 1513 4100 et
1527 4041 1655 4114 Gyuralr

389 4149 532 4206 villicum
555 4147 674 4207 domini
705 4147 789 4206 Petri
812 4147 987 4207 dubicensis
1011 4153 1041 4206 et
1070 4148 1266 4207 Demetrium
1288 4145 1486 4224 jobagionem
1511 4148 1655 4222 magistri

389 4253 516 4329 Georgii
539 4253 578 4312 de
602 4255 755 4326 Marocha,
772 4254 916 4312 similiter
939 4255 1157 4312 canonicorum
1180 4253 1320 4314 eiusdem
1336 4253 1463 4313 ecclesie
1479 4255 1654 4314 miserabili

389 4376 463 4418 nece
476 4361 718 4431 interemissent;
732 4361 986 4434 Anthoniumque
998 4359 1116 4419 dictum
1129 4359 1268 4433 Chunelr‚
1279 4359 1479 4438 jobagionem
1490 4361 1655 4420 memorati

388 4465 506 4524 domini
522 4468 646 4540 Mathye
667 4467 817 4542 prepositi
841 4482 940 4541 prope
963 4466 1060 4526 Ebres
1083 4473 1338 4540 commorantem,
1356 4467 1432 4526 diris
1455 4473 1486 4526 et
1506 4467 1654 4525 letalibus

387 4573 500 4631 ictibus
522 4573 707 4646 sagittarum
729 4572 903 4631 affecissent
919 4583 950 4630 et
965 4589 1022 4649 per
1037 4573 1215 4647 predictum
1237 4574 1412 4646 capitulum
1435 4572 1593 4632 discursus
1610 4571 1654 4630 ta·

389 4678 508 4751 ciendo,
524 4679 683 4753 replicatis
699 4680 891 4738 clamoribus
907 4679 1125 4739 vociferando:
1148 4680 1331 4754 sacerdotes,
1347 4679 1520 4740 sacerdotes
1536 4679 1653 4738 interfi-

388 4787 454 4856 cite,
463 4785 571 4859 plures
584 4801 622 4844 ex
634 4786 709 4860 ipsis
722 4787 842 4844 civibus
854 4801 953 4860 usque
965 4786 1005 4844 ad
1017 4787 1118 4860 ipsam
1129 4787 1291 4846 ecclesiam
1304 4787 1520 4847 kathedralem
1529 4801 1654 4845 cuccur-

387 4893 497 4950 rissent
510 4897 540 4948 et
552 4892 703 4950 nonnulas
715 4893 842 4964 sagittas
858 4908 912 4950 seu
924 4893 1003 4951 ictus
1015 4893 1197 4966 sagittarum
1209 4895 1241 4953 in
1253 4895 1355 4968 ipsam
1367 4894 1531 4952 ecclesiam
1546 4899 1576 4952 et
1589 4894 1653 4952 eius

386 5004 487 5057 turres
509 5013 545 5057 ac
568 4999 721 5072 quosdam
745 4999 889 5058 dominos
911 5000 950 5058 de
973 5000 1111 5075 capitulo
1132 4999 1280 5075 predicto,
1297 5001 1350 5074 qui
1366 4999 1497 5072 ibituge
1516 4999 1654 5074 presidio
