3828 5822
366 529 426 603 ³⁶2
669 523 743 586 θοι.
766 535 837 600 293·
859 536 934 600 294,
958 554 997 564 -
1019 521 1075 579 Aa·
1098 529 1313 600 1474-1475·

364 758 442 818 quas
464 742 611 817 pendenti
633 739 739 814 sigillo
761 744 867 798 nostro
888 738 1090 811 consignatas,
1114 736 1228 812 prelati
1249 735 1354 814 judici,
1377 735 1549 814 juratisque
1587 738 1629 797 ci·

362 849 456 908 vibus
479 854 509 907 et
531 847 747 908 communitati
770 845 851 904 dicte
873 844 1007 904 civitatis
1030 845 1144 904 moniis
1168 844 1331 904 Grecensis
1353 843 1504 904 duximus
1520 858 1628 904 conce-

364 954 489 1014 dendas
511 955 627 1014 Datum
648 955 680 1012 in
703 953 782 1012 testo
794 953 958 1010 beatorum
975 951 1176 1010 Innocentum
1198 951 1370 1010 martirum
1392 951 1484 1010 Anno
1506 950 1627 1012 domini

363 1061 533 1122 millesimo
557 1060 863 1134 quadringentesimo
886 1058 1116 1132 septuagesimo
1139 1057 1243 1116 tercio.

467 1196 602 1262 Originale
629 1197 657 1246 in
683 1196 839 1248 membrana.
869 1196 939 1244 Zona
967 1195 1064 1244 sericea
1091 1193 1201 1244 violacei
1226 1201 1252 1244 et
1276 1195 1366 1246 viridis
1384 1193 1479 1246 coloris
1497 1193 1628 1260 appendet

360 1287 460 1354 absque
478 1285 573 1351 sigillo.
592 1287 626 1335 In
643 1284 739 1338 archiv.
758 1284 819 1338 incl.
839 1284 923 1336 Aced.
943 1276 1038 1336 Scient
1062 1282 1161 1336 Slevor.
1180 1283 1272 1336 merid.

947 1513 1035 1580 293.

466 1657 547 1708 Anno
568 1669 642 1722 1474,
665 1669 704 1706 10.
723 1656 848 1721 Augusti.
867 1655 1015 1707 Holomuci.

359 1783 503 1855 Martias,
526 1783 704 1858 Hungart'ae
718 1790 765 1842 etc.
778 1801 841 1852 rex,
858 1783 1053 1840 communitate
1068 1782 1192 1840 ciae'tatis
1206 1783 1309 1840 mantis
1331 1781 1482 1842 Grecentt's
1496 1783 1628 1854 mandat,

745 1897 779 1948 ut
799 1890 858 1948 eius
880 1887 1067 1948 bombardam
1089 1896 1242 1948 conservet.

966 2029 1009 2078 De
1033 2027 1212 2078 commissione
1231 2027 1335 2093 propria
1354 2028 1452 2078 domini
1470 2029 1546 2093 regia.

463 2141 595 2199 Mathias
618 2140 668 2200 dei
691 2140 795 2214 gracia
817 2157 873 2198 rex
895 2141 1062 2212 Hungarie,
1079 2140 1226 2198 Bohemie
1247 2146 1303 2200 etc.
1326 2139 1487 2199 Fidelibus
1509 2142 1622 2200 nostris

357 2246 564 2322 prudentibus
587 2253 618 2305 et
640 2247 871 2321 circumspectis
895 2246 990 2304 iudici
1013 2251 1044 2304 et
1066 2247 1183 2317 iuratis,
1207 2247 1378 2320 ceterisque
1399 2247 1521 2305 civibus
1548 2249 1623 2306 civi·

357 2353 429 2411 tatis
451 2357 556 2411 nostre
571 2354 685 2412 montis
701 2353 872 2423 Grecensis‚
888 2352 1021 2410 salutem
1038 2357 1068 2410 et
1091 2353 1236 2425 graciam.
1258 2353 1473 2412 Intelleximus
1489 2354 1624 2428 qualiter

355 2459 498 2518 nonnulli
528 2459 638 2531 forent,
671 2461 725 2534 qui
755 2459 845 2516 illam
877 2457 1072 2516 bondardam
1103 2463 1250 2532 nostram,
1274 2458 1373 2518 chola
1403 2465 1622 2535 nuncupatam.

355 2581 450 2640 quam
480 2565 693 2640 superioribus
723 2565 922 2639 temporibus
953 2563 1136 2637 magnificus
1167 2564 1287 2623 Blasius
1316 2566 1446 2638 Magyar
1469 2567 1560 2624 vobis
1582 2566 1623 2625 ad

355 2671 601 2730 conservandum
617 2672 794 2746 assignavit,
809 2671 849 2730 ad
864 2677 963 2730 castra
981 2685 1089 2730 eorum
1105 2670 1260 2730 abducere
1276 2671 1403 2740 vellent,
1427 2677 1621 2748 quapropter

354 2777 498 2836 fidelitati
527 2783 629 2837 vestre
659 2777 792 2836 firmiter
822 2777 1014 2848 mandamus,
1039 2781 1199 2850 quatenus·
1219 2778 1335 2836 nemini
1366 2778 1491 2836 interim
1520 2779 1621 2853 ipsam

355 2883 553 2942 bonbardam
576 2884 650 2942 dare
681 2883 827 2956 debeatis,
850 2899 1011 2957 quousque
1035 2883 1169 2957 speciale
1192 2883 1374 2942 mandatum
1399 2890 1541 2943 nostrum
1568 2901 1617 2944 su·

356 2989 485 3064 perinde
507 3006 569 3050 non
591 2989 746 3061 videbitis
763 2990 909 3048 volumus
933 2991 1026 3064 enim,
1040 2995 1075 3048 ut
1098 2989 1153 3048 ubi
1174 2989 1305 3048 eandem
1327 2991 1439 3065 reponi
1462 2991 1617 3066 iussimus,

353 3095 429 3154 dum
452 3113 575 3156 necesse
591 3097 684 3155 fuerit
698 3097 797 3154 eciam
811 3096 948 3154 invenire
971 3096 1142 3156 valeamus.
1159 3095 1253 3154 Secus
1276 3111 1338 3156 non
1362 3096 1482 3157 tacturi.
1499 3098 1616 3157 Datum

352 3203 384 3262 in
407 3203 557 3261 Olumucn
579 3203 612 3261 in
635 3201 713 3261 festo
736 3203 819 3261 beati
834 3202 994 3261 Laurencii
1017 3203 1160 3261 martiris.
1183 3204 1273 3262 Anno
1301 3203 1422 3262 domini
1444 3205 1614 3265 millesimo

352 3309 656 3382 quadringentesimo
687 3309 772 3367 LXX
795 3314 913 3382 quarto.
945 3309 1124 3383 Regnorum
1154 3315 1331 3369 nostrorum
1355 3325 1436 3370 anno
1459 3312 1619 3386 Hungarie

352 3419 407 3474 etc.
431 3415 553 3474 decimo
576 3417 718 3491 septimo,
742 3416 888 3474 Bohemie
911 3431 987 3474 vero
1010 3421 1105 3474 sextu.

457 3553 591 3618 Originaie
609 3555 637 3604 in
655 3555 750 3608 charta.
770 3557 802 3603 Iu
821 3555 935 3618 margine
953 3555 1069 3605 interiori
1085 3554 1200 3620 sigillum
1218 3555 1297 3608 anuli.
1317 3557 1350 3606 In
1368 3555 1482 3608 archivio
1500 3557 1546 3608 lib.
1566 3573 1620 3623 reg.

352 3642 400 3698 eir.
420 3643 521 3706 negreb.

946 3821 1034 3889 204.

455 3980 536 4030 Anno
557 3993 632 4047 1475,
653 3993 692 4032 11.
711 3980 804 4030 martii.
823 3981 970 4046 Zagrabiae.

349 4108 437 4170 Eleas
466 4109 501 4168 de
533 4109 688 4188 Saplanca,
720 4110 849 4170 vicarius
877 4111 1049 4189 mir-etanta,
1072 4112 1207 4186 plebanis
1229 4112 1464 4187 ragrabiense'bus
1486 4113 1615 4186 mandat,

349 4224 383 4276 ut
409 4218 484 4278 cives
510 4216 648 4292 quasdam
678 4215 721 4274 ad
747 4217 902 4290 legationes
931 4219 1160 4278 testamentarius
1190 4220 1306 4294 collegia
1330 4218 1614 4296 praebendariorum

815 4322 971 4382 tradendas
994 4325 1169 4398 compellant.

453 4465 536 4526 Elias
565 4465 604 4526 de
626 4465 806 4541 Soploncza,
822 4472 925 4526 custos
949 4469 1138 4528 chasmensis
1167 4475 1197 4528 et
1220 4470 1385 4529 canonicus
1410 4471 1540 4532 ecclesie
1562 4485 1611 4532 za·

231 4617 235 4630 .
347 4573 519 4648 grabiensis
550 4588 585 4632 ac
616 4574 805 4632 venerabilis
835 4575 976 4647 magistri
1005 4575 1122 4649 Georgi
1152 4575 1360 4636 archidiaconi
1391 4577 1429 4636 de
1458 4577 1560 4638 Bexen
1583 4583 1613 4638 et

347 4681 490 4740 similiter
521 4680 658 4740 canonici
681 4695 717 4739 ac
743 4682 851 4740 vicarii
875 4683 906 4740 in
939 4683 1155 4756 spiritualibus
1178 4681 1317 4742 eiusdem
1340 4685 1467 4744 ecclesie
1491 4685 1611 4744 locum·

348 4793 462 4846 tenens.
493 4787 527 4844 ln
558 4787 682 4846 Christo
711 4788 802 4846 nobis
835 4789 951 4848 sincere
983 4789 1112 4862 dilectis,
1136 4790 1375 4850 honorabilibus
1405 4797 1436 4850 et
1466 4791 1608 4851 discretis

345 4894 430 4964 viris,
452 4891 604 4952 dominis:
628 4894 750 4952 Matheo
775 4893 813 4953 de
837 4901 942 4954 monte
965 4895 1120 4966 Grecensi‚
1137 4895 1273 4970 Georgia
1297 4898 1387 4957 beate
1411 4900 1609 4972 Margarethe

345 5001 475 5076 virginis
505 5000 544 5062 de
574 5001 726 5062 suburbio
757 5001 904 5073 eiusdem,
935 5007 965 5064 et
997 5003 1032 5062 N.
1056 5003 1138 5062 beati
1168 5003 1317 5088 Johannis
1348 5005 1386 5064 de
1409 5005 1498 5064 Nora
1528 5007 1605 5066 villa
