3948 5804
780 529 853 590 Dor.
874 537 925 606 97.
952 559 991 570 -
1016 525 1072 585 An.
1095 519 1186 604 1436.

888 775 890 782 >
945 738 1005 806 97.

449 885 530 934 Anno
554 883 629 948 1436,
654 895 693 936 12.
713 884 837 948 Augusti.
855 882 979 947 Iglnviae.

346 1010 557 1085 Sigrimundus,
589 1011 767 1086 Hungarias
796 1018 846 1072 etc.
876 1029 939 1081 rex,
961 1010 1134 1096 Malliacum
1161 1010 1293 1068 Talouac
1322 1009 1430 1067 bonum
1451 987 1609 1080 vz'mperat,

343 1117 426 1195 quod
439 1116 581 1194 litigiosos
595 1105 732 1194 quosdam
747 1137 835 1192 agros
850 1118 975 1193 capitale
989 1117 1173 1192 zagrabr'ensi
1185 1117 1371 1194 adjudicavit,
1396 1115 1609 1188 litigatoresquc
1695 1147 1698 1154 ·

823 1225 854 1283 in
875 1244 958 1284 suum
973 1225 1029 1302 jus
1050 1225 1126 1283 cetat.

956 1363 1110 1413 Commissio
1129 1363 1233 1428 propria
1251 1362 1349 1412 domini
1367 1362 1536 1428 imperatoris.

448 1476 666 1551 sigismundus
688 1476 738 1536 dei
761 1477 865 1550 gracia
887 1477 1101 1535 Romanomm
1116 1475 1295 1550 imperator,
1308 1490 1433 1549 semper
1448 1479 1607 1546 augustus,

348 1598 385 1642 ac
407 1584 576 1656 Hungarie‚
590 1583 754 1654 Bobemie,
777 1583 947 1654 Dalmacie‚
963 1583 1090 1644 Croacie
1106 1589 1161 1642 etc.
1174 1598 1238 1640 rex.
1256 1580 1357 1640 Fideli
1378 1584 1485 1638 nostro
1508 1580 1608 1637 Math-

347 1687 419 1746 lroni
443 1688 481 1746 de
504 1689 651 1748 Talloucz
671 1703 839 1762 regnorum
865 1695 1043 1748 nostrorum
1066 1689 1236 1760 Dalmacie,
1252 1687 1379 1746 Croacie
1400 1691 1431 1744 et
1444 1684 1607 1744 Sclauonie

343 1794 424 1853 bano
445 1794 580 1878 salutem
602 1800 632 1853 et
654 1795 798 1868 graciam.
822 1795 986 1854 Venientes
1005 1800 1146 1854 nostrum
1169 1796 1201 1852 in
1224 1798 1424 1868 conspectum
1461 1791 1606 1866 providi:

346 1899 537 1974 Valentinus,
571 1900 656 1960 filius
677 1900 728 1959 tfk
750 1906 780 1960 et
800 1902 945 1985 Jacobus,
979 1901 1065 1960 filius
1094 1900 1252 1984 Johannis,
1282 1899 1357 1957 dicti
1389 1898 1486 1972 Bolia,
1515 1895 1608 1974 jurati

342 2008 425 2066 cives
446 2005 551 2067 ndstre
573 2007 706 2066 civitatis
729 2009 943 2080 zagrabiensis‚
967 2009 1108 2083 ipsorum
1131 2023 1167 2066 ac
1188 2005 1405 2065 universorum
1429 2005 1545 2063 civium
1576 2009 1607 2063 et

342 2114 502 2189 hospitum
536 2113 674 2173 eiusdem
708 2115 841 2173 civitatis
871 2119 976 2174 nostre
1009 2114 1216 2188 zagrabiensis
1251 2114 1283 2172 in
1324 2105 1474 2186 personis,
1502 2107 1607 2169 nostre

343 2227 553 2296 exposuerunt
585 2221 739 2279 maiestati
773 2221 969 2279 lamentabili
1003 2236 1075 2279 cum
1110 2221 1246 2294 querela,
1281 2218 1419 2294 quomdo
1454 2223 1487 2276 tu
1526 2218 1606 2276 circa

342 2326 456 2386 festum
479 2328 568 2386 beate
603 2328 797 2400 Margarethe
831 2327 960 2401 virginis
990 2333 1020 2387 et
1048 2328 1194 2399 martiris,
1236 2327 1380 2402 proxime
1412 2325 1606 2399 preteritum,

346 2433 497 2506 quasdam
520 2439 618 2512 terras
640 2435 783 2506 arabiles,
817 2441 907 2509 prata
930 2441 960 2493 et
995 2434 1110 2507 senilia,
1145 2433 1242 2492 silvas
1258 2439 1288 2491 et
1321 2433 1432 2492 rubeta
1465 2433 1606 2507 ipsorum

344 2539 460 2598 civium
483 2549 662 2598 nostrorum
684 2541 722 2598 ad
746 2539 919 2614 predictam
940 2542 1097 2600 civitatem
1119 2545 1258 2599 nostram
1274 2539 1505 2612 zagrabiensem
1520 2553 1607 2612 spec·

343 2651 451 2721 tantes,
474 2649 506 2706 in
540 2663 675 2722 quarum
708 2649 813 2722 quieto
844 2647 982 2707 dominio
1016 2649 1085 2722 ipsa
1104 2646 1226 2706 ‘civitas
1260 2650 1366 2705 nostra
1399 2661 1418 2703 a
1453 2645 1606 2703 diuturnis

343 2755 547 2828 temporibus,
570 2755 658 2813 cuius
680 2756 870 2814 contrarium
892 2755 1045 2814 memoria
1066 2755 1230 2813 hominum
1250 2767 1312 2812 non
1335 2757 1436 2829 potest
1452 2766 1607 2826 enarrare,

343 2861 492 2919 extitisset
515 2866 545 2920 et
569 2860 693 2919 easdem
717 2861 912 2936 possedisset,
946 2861 1084 2936 capitulo
1118 2861 1247 2921 ecclesie
1277 2861 1468 2934 zagrabiensi
1501 2859 1605 2917 minus

343 2966 422 3026 iuste
445 2972 476 3026 et
498 2967 636 3026 indebite
659 2973 689 3027 et
712 2969 830 3044 absque
853 2969 923 3043 lege
945 2971 1112 3040 statuisses,
1147 2975 1178 3028 et
1199 2968 1283 3026 idern
1306 2965 1480 3041 capitulum
1504 2967 1537 3024 in
1559 2967 1607 3041 ip·

342 3087 447 3131 sarum
471 3073 644 3132 dominium
671 3075 893 3134 introduxisses
927 3077 959 3134 in
992 3075 1200 3150 preiudicium
1242 3080 1272 3133 et
1308 3072 1385 3150 juris
1417 3072 1606 3147 derogamen

343 3179 424 3238 dicte
446 3180 579 3238 civitatis
602 3187 705 3239 nostre
728 3181 822 3240 valde
844 3196 1002 3255 magnum,
1040 3183 1138 3258 immo
1161 3182 1266 3240 verius
1286 3182 1319 3240 in
1353 3179 1521 3255 specialem
1544 3180 1605 3238 dis·

344 3285 530 3358 plicenciam
553 3289 658 3346 nostre
680 3287 857 3346 maiestatis.
879 3288 916 3346 Et
941 3289 1014 3362 quia
1046 3303 1103 3348 nos
1137 3287 1309 3364 predictam
1344 3302 1470 3346 causam
1501 3291 1605 3361 partes

342 3391 422 3449 inter
445 3397 630 3466 prenotatas,
653 3392 729 3451 dum
753 3393 811 3455 deo
833 3394 959 3453 volente
982 3396 1014 3454 in
1036 3410 1132 3469 regno
1153 3401 1261 3454 nostro
1284 3394 1444 3468 Hungarie
1459 3393 1605 3452 constitu-

342 3513 431 3556 emur
453 3499 630 3560 examinare
652 3500 800 3558 volumus
823 3503 854 3559 et
875 3499 958 3576 justo
980 3499 1057 3576 juris
1077 3503 1201 3560 tramite
1216 3503 1345 3576 propria
1359 3506 1466 3559 nostra
1487 3502 1519 3559 in
1535 3518 1605 3576 per·

342 3605 616 3678 sona‘adiudicare,
632 3605 702 3664 ideo
723 3605 868 3665 fidelitati
883 3612 934 3665 tue
949 3607 1128 3666 firmissime
1145 3609 1334 3682 precipimus
1359 3613 1389 3665 et
1411 3607 1604 3680 mandamus,

341 3717 492 3784 quatenus
514 3713 618 3770 statim
640 3713 772 3786 receptis
795 3713 998 3787 presentibus,
1021 3713 1147 3772 excluso
1172 3695 1311 3787 predicto
1335 3714 1473 3789 capitulo
1491 3729 1601 3794 ¹ragra-

341 3817 440 3879 biensi
463 3817 502 3876 de
525 3818 662 3877 dominio
684 3824 895 3894 pretactarum
911 3824 1065 3879 terrarum
1080 3821 1257 3892 arabilium,
1272 3827 1444 3896 pratorum,
1460 3819 1605 3880 senilium

341 3924 494 3983 silvarum
516 3932 548 3983 et
569 3926 761 3999 rubetorum,
777 3942 884 3985 rursus
907 3932 937 3985 et
959 3928 1071 3987 iterum
1095 3933 1285 3988 memoratos
1307 3929 1390 3988 cives
1414 3933 1444 3988 et
1466 3929 1605 4005 hospites

341 4030 468 4090 iamsate
500 4032 635 4092 civitatis
668 4038 772 4092 nostre
794 4034 1004 4108 zagrabiensis
1026 4035 1059 4093 in
1082 4035 1256 4094 dominium
1279 4037 1419 4110 ipsarum
1449 4040 1603 4094 terrarum

341 4137 519 4210 arabilium,
554 4145 725 4214 pratorum,
756 4139 907 4212 senilium,
941 4141 1094 4200 silvarum
1128 4146 1159 4200 et
1190 4143 1374 4202 rubetorum
1407 4158 1469 4218 per·
1498 4148 1537 4211 te,
1569 4147 1604 4200 ut

340 4241 520 4316 predicitur,
533 4244 615 4303 dicto
631 4246 768 4318 capitulo
783 4247 975 4320 ragrabiensi
990 4253 1177 4306 statutarum
1188 4248 1417 4307 reintroducere
1433 4253 1463 4307 et
1478 4247 1603 4308 easdem
1715 4304 1723 4324 ,

340 4347 418 4422 ipsis
440 4354 608 4408 restatuere
631 4350 819 4426 eosdemque
848 4353 881 4412 in
911 4353 1050 4413 dominio
1084 4355 1224 4429 ipsarum
1254 4361 1361 4414 contra
1390 4361 1421 4415 et
1454 4353 1604 4430 adversus

341 4455 535 4528 prelibatum
557 4457 731 4531 capitulum
753 4461 952 4532 zagrabiense
966 4467 1135 4536 pretegere,
1152 4465 1230 4522 tueri
1254 4468 1284 4522 et
1307 4462 1466 4523 defensare
1489 4462 1605 4522 debeas

342 4562 525 4621 auctoritate
546 4567 650 4622 nostre
673 4565 841 4625 maiestatis
856 4569 914 4626 tibi
936 4569 1133 4642 presentibus
1153 4570 1303 4629 attributa
1324 4569 1487 4630 mediante.
1510 4570 1606 4630 Coru-

343 4667 481 4736 mitendo
504 4668 619 4728 eisdem
644 4671 794 4745 partibus,
818 4675 933 4747 quibus
954 4679 985 4734 et
1005 4691 1064 4734 nos
1086 4691 1144 4750 per
1173 4681 1329 4750 presentes
1363 4675 1496 4736 firmiter
1519 4691 1605 4740 com·

343 4774 505 4847 mittimus,
529 4780 562 4834 ut
583 4775 651 4851 ipse
674 4777 766 4836 ambe
788 4785 892 4854 partes
915 4781 947 4840 in
969 4781 1081 4856 primis
1102 4783 1228 4854 octavis,
1251 4788 1419 4856 postquam
1442 4781 1501 4843 deo
1524 4783 1602 4844 duce

340 4894 397 4938 nos
419 4880 533 4941 abhinc
554 4883 740 4943 revertendo
762 4885 843 4944 intra
857 4887 1012 4946 ambitum
1025 4889 1113 4962 regni
1128 4889 1227 4948 nostri
1238 4889 1397 4962 Hungarie
1412 4889 1602 4963 ubicumque

341 4987 564 5059 constituemur
580 4989 762 5080 celebrandi⁸
773 5007 879 5052 coram
894 4997 1000 5054 nostra
1013 4995 1171 5070 personali
1189 4995 1347 5070 presencia
1366 4995 1605 5068 cumomnibus
