3948 5804
838 557 915 615 Doc.
940 550 992 631 89.
1013 567 1067 631 90.
1091 588 1134 598 —
1157 555 1212 614 An.
1237 566 1325 634 1435.

1047 765 1111 832 89.

550 913 624 959 Anno
645 917 720 973 1435,
739 907 763 958 8.
783 905 938 958 novembris.
957 905 1073 959 Posonii.

446 1033 657 1108 Segimundus,
681 1034 859 1108 Hungon'ae
880 1041 929 1093 etc.
965 1051 1029 1104 rex,
1064 1033 1194 1092 monibus
1228 1033 1392 1093 citatorio
1427 1041 1456 1092 et
1491 1034 1713 1095 aicrtn'butan'is

445 1141 574 1213 mandat,
588 1159 625 1201 ne
642 1159 661 1198 a
676 1141 784 1199 civibus
798 1143 902 1200 montis
927 1139 1080 1200 Grecenst's
1102 1141 1193 1198 ullum
1216 1139 1352 1198 tribum
1366 1146 1476 1215 petant
1495 1159 1565 1199 neoc
1586 1143 1713 1217 exigant.

1060 1277 1214 1328 Commissio
1232 1277 1337 1343 propris
1354 1277 1453 1328 domini
1470 1277 1641 1344 imperatoris.

551 1373 768 1448 sigismundus
787 1373 837 1433 dei
859 1373 964 1448 gracia
986 1373 1200 1431 Romanomm
1216 1371 1396 1446 imperator,
1411 1387 1536 1448 semper
1552 1377 1709 1446 augustus,

445 1497 482 1540 ac
511 1481 677 1555 Hungarie,
707 1480 861 1552 Bohemie,
892 1479 1062 1551 Dalmacie,
1095 1477 1224 1536 Croacie
1246 1483 1302 1536 etc.
1324 1493 1388 1536 rex.
1411 1475 1573 1538 Fidelibus
1595 1480 1711 1539 nostris

444 1588 598 1646 universis
632 1590 662 1644 et
696 1585 828 1660 singulis
862 1585 1035 1646 tributariis
1065 1589 1095 1642 et
1117 1583 1367 1656 vicetributariis,
1391 1590 1456 1644 tam
1478 1585 1592 1644 nostris
1616 1601 1712 1660 quarn

445 1695 581 1752 aliorum
605 1707 875 1768 quorumcumque
897 1692 930 1750 in
953 1705 1048 1766 regno
1071 1695 1177 1750 nostro
1201 1690 1360 1763 Hungarie
1383 1695 1413 1749 et
1442 1691 1586 1766 partibus
1608 1691 1710 1750 eidem

443 1800 598 1872 subiectis,
620 1799 755 1857 ubilibet
777 1799 960 1870 constitutis,
983 1797 1179 1872 presentibus
1202 1797 1321 1855 scilicet
1336 1803 1367 1854 et
1383 1795 1496 1856 suturis
1512 1797 1708 1872 presencium

444 1907 590 1964 noticiam
621 1905 784 1977 habituris,
817 1904 951 1962 salutem
984 1909 1015 1961 et
1050 1903 1195 1977 graciam.
1230 1901 1311 1976 Quia
1341 1901 1451 1961 fideles
1480 1903 1579 1963 nostri
1608 1902 1711 1976 iudex,

444 2011 546 2084 iurati,
569 2011 724 2084 ceterique
757 2011 841 2069 cives
875 2017 905 2068 et
939 2010 1040 2068 incole
1062 2009 1196 2068 civitatis
1217 2015 1323 2067 nostre
1346 2011 1461 2068 montis
1484 2009 1648 2070 Grecensis
1671 2007 1710 2068 de

445 2117 598 2191 Zagrabia
631 2117 718 2175 iuxta
752 2131 861 2176 eorum
891 2117 1033 2191 antiquas
1063 2116 1224 2175 libertates
1248 2121 1279 2173 et
1301 2116 1516 2190 prerogativas
1539 2132 1598 2191 per
1619 2115 1710 2175 divos

446 2239 536 2298 reges
559 2223 726 2297 Hungarie,
747 2229 870 2282 nostros
892 2223 1011 2282 scilicet
1045 2222 1287 2298 predecessores,
1322 2222 1438 2282 eisdem
1472 2223 1611 2297 graciose
1640 2238 1712 2282 con·

444 2345 545 2387 cessas
568 2335 598 2388 et
620 2345 678 2404 per
699 2344 755 2386 nos
777 2345 858 2387 nunc
881 2328 1089 2402 confirmatas,
1112 2330 1153 2386 ab
1180 2328 1265 2386 omni
1296 2329 1461 2390 tributaria
1490 2328 1651 2388 solucione
1673 2327 1712 2388 de

443 2436 584 2510 personis
607 2451 643 2494 ac
665 2436 759 2494 rebus
782 2440 813 2493 et
833 2435 924 2494 bonis
946 2449 1055 2494 eorum
1079 2433 1220 2494 facienda
1251 2433 1389 2509 exempti
1422 2439 1495 2494 sunt
1531 2433 1655 2510 penitus
1679 2441 1710 2500 et

442 2541 644 2616 emancipati3
676 2541 747 2600 ideo
780 2541 927 2600 volumus
969 2547 1000 2600 et
1033 2548 1135 2600 vestre
1169 2546 1199 2598 et
1232 2540 1361 2598 cuilibet
1391 2547 1530 2600 vestrum
1560 2541 1706 2601 fidelitati

444 2645 623 2707 firmissime
646 2647 837 2722 precipimus
860 2653 891 2705 et
914 2647 1107 2720 mandamus,
1131 2651 1281 2722 quatenus
1304 2646 1418 2706 amodo
1440 2647 1473 2706 in
1491 2653 1581 2708 antea
1603 2665 1708 2724 apre-

446 2755 535 2812 tactis
558 2753 667 2826 iudice,
691 2753 813 2816 civibus
836 2758 865 2811 et
889 2753 1066 2828 hospitibus
1089 2759 1119 2811 et
1141 2752 1251 2812 incolis
1274 2758 1411 2827 pretacte
1443 2753 1576 2813 civitatis
1605 2761 1711 2816 nostre

443 2860 557 2918 montis
580 2859 742 2920 Grecensis
765 2859 804 2918 de
826 2857 985 2932 Zagrabia
1008 2874 1045 2918 ac
1059 2859 1154 2918 rebus
1170 2863 1201 2918 et
1215 2859 1305 2918 bonis
1322 2874 1430 2918 eorum
1446 2860 1703 2936 quibuscumque,

443 2971 551 3024 contra
575 2964 729 3040 predictas
752 2980 860 3023 eorum
883 2964 1052 3036 libertates,
1075 2964 1201 3023 nullum
1223 2964 1387 3036 tributum,
1408 2966 1593 3041 nullamque
1609 2969 1708 3026 tribu·

444 3070 558 3129 tariam
590 3069 782 3129 solucionem
817 3073 922 3146 petere
946 3077 976 3128 et
999 3071 1130 3144 exigere,
1153 3069 1273 3146 petiqui
1307 3075 1338 3128 et
1367 3071 1449 3145 exigi
1471 3070 1573 3132 facere
1603 3089 1711 3148 presu-

443 3179 544 3250 matis,
567 3193 623 3236 nec
643 3178 709 3236 sitis
731 3177 799 3237 ausi
814 3178 908 3237 modo
924 3177 1064 3252 aliquali,
1080 3178 1182 3252 gracie
1196 3183 1300 3236 nostre
1316 3177 1376 3236 sub
1391 3179 1528 3238 obtentu.
1550 3179 1710 3238 Presentes

432 3298 568 3358 ,quoque
590 3283 744 3357 perlectas
767 3283 857 3342 reddi
872 3285 1016 3342 iubemus
1031 3285 1228 3359 presentanti„
1251 3284 1369 3342 Datum
1384 3283 1508 3344 Posonii
1523 3283 1601 3344 seria
1616 3285 1710 3344 tercia

443 3390 588 3463 proxima
611 3395 681 3448 ante
704 3388 819 3448 festum
841 3389 926 3448 beati
948 3391 1073 3449 Martini
1097 3389 1237 3464 episcopi
1265 3395 1295 3448 et
1317 3388 1513 3450 confessoris.
1541 3393 1632 3450 Anno
1655 3391 1709 3450 do

442 3495 519 3552 mini
541 3495 712 3553 millesimo
744 3495 1049 3569 quadringentesimo
1082 3496 1239 3554 tricesimo
1273 3496 1389 3570 quinto.
1425 3496 1605 3569 Regnorum
1639 3511 1709 3555 nos·

442 3605 575 3672 trorum,
607 3615 688 3659 anno
722 3601 881 3674 Hungarie
916 3607 971 3660 etc.
1006 3601 1156 3661 XLVllll.
1178 3601 1392 3660 Romanorum
1415 3602 1569 3676 vigesimo
1592 3603 1708 3677 quinto,

440 3705 588 3764 Bohemie
610 3705 774 3778 sedecimo,
798 3707 923 3782 imperii
946 3721 1022 3766 vero
1045 3708 1151 3768 tercio

548 3841 682 3908 Originnle
714 3843 742 3892 in
768 3842 924 3909 membrana,
952 3843 980 3894 iu
1004 3844 1118 3907 margine
1144 3843 1261 3895 inferiori
1288 3844 1442 3910 impressum
1459 3851 1499 3895 cst
1524 3843 1648 3910 sigillum.
1675 3845 1709 3896 In

441 3931 537 4012 arclriv.
556 3931 602 3982 lib.
621 3947 675 3995 reg.
695 3931 742 3982 civ.
762 3931 862 3996 angrab.

1040 4107 1107 4174 90.

547 4228 628 4278 Anno
649 4240 724 4294 1435,
745 4229 768 4280 8.
787 4229 942 4280 novembris.
963 4229 1077 4282 Posonii.

442 4336 654 4416 Sigr'smundus,
676 4339 854 4413 Hungorioe
875 4347 922 4398 etc.
947 4359 1010 4411 rex,
1033 4341 1261 4401 communitatem
1284 4341 1409 4401 orbitatis
1423 4343 1526 4403 monet
1546 4343 1707 4416 Grecensr's,

440 4445 469 4500 si
487 4451 591 4503 contro
606 4463 785 4519 quoscunque
802 4445 903 4504 ordine
916 4446 1079 4522 judiciario
1101 4449 1229 4506 coooista
1251 4451 1315 4521 erit,
1337 4449 1368 4506 in
1383 4449 1511 4508 onrnibus
1525 4451 1637 4510 mulctis
1651 4453 1706 4510 sol-

770 4553 868 4610 vendis
891 4571 911 4609 a
930 4554 1060 4628 portione
1074 4553 1241 4629 jude'ciorio
1262 4556 1388 4614 relaxat.

546 4675 610 4734 lios
633 4676 850 4750 sigismundus
874 4678 924 4736 dci
946 4679 1049 4751 gracia
1066 4675 1278 4739 Romanorum
1301 4683 1481 4756 imperator,
1504 4699 1630 4759 semper
1652 4701 1706 4744 au·

441 4789 557 4856 gustus,
581 4799 617 4840 ac
640 4784 807 4857 ilungaric,
831 4785 986 4858 Bohemie,
1017 4787 1188 4860 Dalmacic,
1219 4787 1347 4846 Croacie
1377 4794 1432 4847 etc.
1461 4805 1524 4848 rex.
1555 4791 1705 4851 Memorio

440 4889 697 4947 commendamus
727 4905 784 4963 per
814 4897 979 4964 presentes,
1003 4891 1086 4965 quod
1110 4907 1166 4950 nos
1191 4899 1258 4952 tum
1282 4893 1322 4951 ad
1345 4893 1525 4954 humillime
1547 4899 1705 4972 supplica·

440 4995 536 5052 cionis
561 4996 741 5053 instanciam
764 4997 986 5055 nonnullorum
1009 4996 1153 5056 fidelium
1176 5006 1354 5058 nostrorum
1378 5018 1435 5076 per
1457 5018 1509 5062 eos
1533 5017 1591 5078 pro
1614 5012 1703 5078 parte
