3930 5802
393 515 452 573 ao4
810 497 882 554 Dor.
907 510 976 574 147.
1000 530 1043 540 —
1066 498 1122 554 An.
1147 509 1240 573 1449.

388 719 422 769 ut
446 711 643 786 premittitur,
676 712 707 770 in
742 713 883 787 ipsorum
917 719 946 771 et
979 713 1115 772 aliorum
1138 713 1254 769 civium
1278 712 1411 770 civitatis
1436 711 1550 770 montis
1573 709 1650 770 Gre-

387 819 484 878 censis
517 818 657 894 personis
691 820 722 877 in
755 825 893 878 nostram
927 825 1109 892 exurgentes
1135 820 1333 893 presenciam,
1365 817 1591 891 responderunt
1614 833 1653 876 ex

386 923 527 996 adverso,
562 924 719 998 quomodo
753 927 814 1000 ipsi
847 932 877 984 et
913 925 994 983 dicta
1029 926 1137 982 civitas
1160 925 1216 983 tali
1240 925 1384 984 libertate
1407 923 1590 995 fruerentur,
1614 929 1650 980 ut

386 1031 573 1105 quicumque
605 1031 782 1105 aliquarum
820 1047 925 1090 rerum
958 1031 1073 1090 furtive
1110 1031 1285 1089 ablatarum
1318 1035 1492 1104 emptorem
1531 1044 1650 1088 earum·

386 1135 467 1207 dem,
490 1137 587 1195 nostri
602 1136 640 1194 de
664 1137 776 1210 medio,
799 1138 958 1196 nominare
982 1152 1044 1195 non
1066 1144 1178 1210 posset,
1197 1138 1267 1195 talis
1290 1135 1491 1194 solummodo
1507 1135 1647 1208 precium

386 1242 497 1300 talium
520 1257 626 1301 rerum
650 1247 680 1301 et
702 1259 763 1302 non
787 1245 859 1317 plus
882 1245 1031 1302 rehabere
1056 1249 1176 1317 posset;
1199 1249 1229 1301 et
1252 1243 1283 1301 iu
1299 1243 1390 1301 huius
1406 1241 1650 1300 declaracionem

385 1349 555 1406 verborum
588 1363 716 1406 suorum
753 1348 907 1422 quasdam
940 1349 1060 1407 litteras
1095 1355 1236 1406 nostrum
1273 1348 1488 1422 produxerunt
1520 1347 1552 1406 in
1580 1361 1652 1404 con-

384 1459 534 1529 spectum,
557 1455 589 1514 in
612 1456 725 1529 quibus
748 1455 826 1514 inter
849 1461 950 1514 cetera
972 1456 1206 1514 continebatur:
1234 1461 1267 1513 ut
1290 1455 1349 1513 nisi
1370 1453 1485 1528 aliquis
1508 1468 1546 1512 ex
1576 1434 1652 1527 ipsis

384 1577 417 1619 se
440 1577 497 1635 per
518 1566 610 1619 testes
633 1561 779 1620 iuridicos
801 1561 832 1618 in
856 1560 936 1619 iacto
959 1560 1138 1619 huiusmodi
1154 1575 1260 1619 rerum
1276 1559 1452 1618 ablatarum
1476 1572 1651 1632 expurgare

384 1683 445 1726 non
469 1667 597 1738 valeret,
621 1667 698 1725 tales
721 1684 770 1726 res
801 1668 886 1726 iuxta
920 1667 1174 1726 consuetudinem
1209 1668 1250 1725 ab
1288 1667 1415 1738 antiquo
1451 1665 1650 1722 observatam

384 1774 507 1833 solvere
530 1789 585 1832 seu
608 1773 770 1832 extradere
791 1779 953 1832 teneretur.
977 1773 1014 1832 Et
1037 1775 1110 1848 quia
1132 1774 1223 1832 nobis
1247 1779 1277 1831 et
1297 1772 1373 1848 ipsis
1389 1772 1476 1845 regni
1492 1770 1652 1829 nobilibus

384 1880 415 1938 id
441 1881 604 1954 prospicue
630 1881 863 1952 agnoscebatur,
886 1885 921 1938 ut
944 1896 981 1938 en
1004 1894 1152 1938 converso
1177 1880 1280 1953 ipsum
1303 1877 1507 1949 venditorem,
1530 1877 1649 1936 scilicet

386 2001 404 2044 a
428 2001 491 2061 quo
513 1988 691 2044 asserebant
713 1987 805 2044 illurn
830 1988 944 2045 bovem
967 1986 1062 2045 iuisse
1093 1991 1244 2060 emptum,
1267 1992 1298 2043 et
1319 2000 1419 2058 neque
1442 1984 1650 2042 iuramentum

383 2098 522 2167 prestare
545 2100 591 2151 est
614 2092 768 2152 admissus
791 2109 886 2168 super
909 2095 1013 2170 ipsum
1035 2094 1159 2166 bovem,
1182 2097 1217 2150 ut
1240 2093 1337 2150 moris
1360 2096 1414 2161 est,
1452 2089 1536 2165 quod
1565 2088 1650 2146 idem

383 2199 485 2270 iudex,
509 2201 602 2258 iurati
625 2206 655 2258 et
678 2215 847 2258 assessores
877 2201 1041 2258 memorati
1076 2199 1247 2258 secundum
1278 2198 1366 2271 regui
1396 2194 1650 2256 consuetudinem

382 2306 486 2379 ipsum
509 2306 624 2364 bovem
646 2311 700 2364 aut
725 2307 757 2364 in
779 2307 882 2381 specie
905 2305 1067 2364 extradere
1090 2306 1143 2363 vel
1158 2306 1250 2381 plene
1266 2303 1445 2380 persolvere
1462 2308 1646 2360 tenerentur.

383 2411 541 2469 Presentes
566 2413 671 2485 sigillo
695 2413 918 2471 vicebanorum
942 2418 972 2471 et
996 2413 1145 2470 comitum
1174 2417 1353 2470 nostrorum
1388 2409 1580 2467 crisiensium
1605 2406 1649 2464 se·

383 2517 481 2574 cimus
505 2518 686 2591 consignari.
708 2518 823 2576 Datum
849 2517 940 2576 Crisii
964 2517 1099 2591 septimo
1122 2515 1173 2574 die
1204 2516 1329 2574 termini
1360 2515 1523 2590 prenotati.
1557 2515 1648 2572 Anno

383 2622 502 2681 domini
525 2623 694 2682 millesimo
718 2623 1022 2697 quadringentesimo
1047 2622 1285 2696 quadragesimo
1307 2637 1398 2680 nono.

488 2777 621 2841 Originale
639 2778 666 2827 in
685 2777 779 2837 charta,
799 2795 814 2827 a
833 2785 904 2842 tergo
923 2776 1061 2840 vestigium
1079 2777 1197 2842 impressi
1216 2775 1305 2841 sigilli.
1332 2778 1364 2825 In
1388 2775 1503 2824 archivio
1530 2774 1577 2826 lib.
1594 2790 1647 2839 reg.

382 2866 451 2918 civit.
471 2867 570 2930 zagrab,

974 3043 1053 3112 147.

488 3202 568 3250 Auno
591 3215 665 3264 1449.
688 3216 726 3266 13.
747 3205 815 3256 maii.
835 3205 921 3255 Crisii.

389 3327 492 3385 Coram
522 3330 618 3388 Ulrico
639 3330 714 3387 barro
736 3339 764 3388 et
784 3331 924 3390 nobilibus
945 3335 1039 3405 regni,
1064 3331 1209 3405 chm'ng
1228 3332 1263 3389 dc
1286 3330 1381 3390 Sustri
1400 3333 1515 3389 incusat
1528 3348 1647 3388 conemu-

379 3435 634 3493 nitatemciuitatis
656 3439 758 3495 moritis
780 3437 939 3510 Greccnsis,
962 3437 1040 3512 quod
1060 3439 1137 3494 uiam
1160 3439 1211 3496 sut
1240 3437 1335 3495 Srtsed
1353 3439 1438 3495 situm
1462 3439 1574 3508 vitiavit,
1597 3457 1646 3494 rio-

381 3558 503 3615 vamque
526 3542 612 3612 viam,
635 3561 709 3618 quae
724 3545 792 3619 fert
819 3544 978 3620 Crapinam
1002 3553 1030 3602 et
1051 3543 1204 3614 Stubicam,
1226 3545 1357 3616 inanivit,
1382 3553 1417 3602 ut
1436 3544 1571 3602 tributim:
1587 3551 1647 3618 pro

826 3653 1013 3708 mercimoniis
1035 3651 1208 3708 detrectaret.

487 3793 549 3850 Nos
573 3793 697 3850 Vlrieus
712 3793 762 3852 dei
784 3797 888 3866 gracia
911 3795 998 3866 Ciiie,
1022 3795 1237 3867 Ortemburge,
1255 3795 1446 3868 Zagorieque
1469 3809 1573 3852 comes
1589 3800 1645 3852 etc.

310 3913 314 3924 ·
377 3914 494 3956 necnon
519 3900 605 3970 regni
628 3898 790 3958 Sclauonie
815 3902 921 3959 banus.
947 3904 1095 3960 ltlemorie
1129 3901 1394 3972 commendamus,
1431 3901 1515 3974 quod
1549 3901 1644 3958 nobis

379 4005 455 4064 teria
478 4004 611 4062 secunda
626 4007 769 4078 proxima
791 4013 863 4080 post
879 4015 1004 4065 octavas
1021 4008 1091 4066 festi
1109 4009 1192 4066 beati
1207 4007 1333 4078 Georgii
1351 4007 1488 4066 martiris
1510 4021 1644 4064 unacum

376 4112 464 4184 regui
487 4111 647 4170 nobilibus
671 4127 728 4184 pro
752 4111 893 4170 iaciendo
919 4114 1113 4171 moderativo
1136 4112 1252 4188 judicio
1275 4114 1478 4170 causantibus
1508 4113 1539 4170 iu
1573 4111 1644 4170 sede

377 4224 481 4274 nostra
512 4216 673 4292 judiciaria
696 4217 882 4290 sedentibus,
907 4221 1048 4292 egregius
1073 4221 1225 4292 llenyngh
1251 4219 1289 4277 de
1312 4219 1520 4290 Zomzedwar‚
1538 4233 1642 4292 perso·

377 4323 488 4382 naliter
520 4331 658 4382 nostram
689 4325 814 4382 veniens
849 4327 879 4384 in
904 4329 1103 4399 presenciam,
1127 4328 1321 4399 presentibus
1356 4333 1386 4384 et
1420 4341 1525 4384 coram
1549 4325 1639 4384 nobis

376 4431 547 4488 astantibus
578 4430 689 4502 Blasio,
712 4431 780 4488 filio
803 4432 899 4503 Pauli,
924 4433 1062 4490 Corardo
1083 4433 1212 4490 Rawsar
1234 4439 1263 4490 et
1287 4434 1409 4490 Matheo
1443 4433 1572 4502 notario,
1603 4431 1643 4489 ci·

374 4537 467 4594 vibus
501 4537 634 4595 civitatis
665 4539 778 4595 montis
814 4538 982 4612 GrecensiS,
1006 4547 1112 4597 contra
1146 4538 1280 4606 eosdem,
1304 4554 1421 4598 necnon
1444 4537 1580 4614 judicem
1612 4544 1643 4596 et

374 4640 500 4718 juratos,
531 4649 711 4717 ceterosque
734 4646 816 4702 ciues
850 4653 880 4703 et
903 4647 1124 4704 inhabitatores
1148 4646 1286 4704 eiusdem
1321 4647 1454 4704 civitatis
1476 4645 1641 4720 proposuit

375 4765 412 4807 eo
446 4749 553 4808 modo:
593 4749 751 4822 quomodo
786 4751 879 4808 iidem
914 4749 1016 4827 judex,
1051 4751 1153 4828 jurati,
1193 4753 1339 4825 civesque
1363 4759 1393 4809 et
1416 4751 1639 4810 inhabitatores

378 4857 589 4928 prenominate
623 4856 756 4914 civitatis
794 4859 1001 4930 zagrahiensis
1036 4860 1173 4918 obmissa
1208 4869 1239 4917 et
1262 4865 1439 4934 postergata
1464 4873 1576 4931 magna
1611 4865 1641 4917 et

374 4963 574 5036 publicaria
597 4961 636 5020 de
659 4962 740 5020 dicta
759 4963 882 5022 civitate
904 4966 1096 5038 zagrabicnsi
1131 4981 1237 5024 versus
1269 4971 1405 5022 castrum
1434 4980 1526 5022 suum
1550 4965 1641 5026 Zom-
