3932 5806
704 578 780 636 Duc.
805 567 876 654 164.
901 611 943 621 -
966 579 1021 639 An.
1045 590 1134 656 1452.

878 791 962 857 164.

389 931 470 980 Auno
492 943 566 995 1452,
586 945 610 994 4.
631 933 757 996 Augusti.
769 933 914 996 Krapinae.

282 1039 448 1098 Frr'dm'cus
471 1059 558 1099 comes
587 1041 680 1100 O’leac
710 1050 739 1102 et
762 1043 862 1112 banus,
885 1043 1010 1115 captnclo
1038 1042 1221 1114 zagrabiease
1247 1049 1382 1114 precante
1411 1042 1542 1110 concedit,

283 1135 317 1184 ut
336 1147 356 1184 a
379 1129 518 1187 nobilibus
547 1132 632 1203 regni
660 1129 818 1188 Slauaniae
848 1130 890 1186 ad
916 1132 1022 1188 cultum
1045 1131 1174 1188 riuvinum
1198 1131 1228 1186 in
1251 1131 1366 1188 ecclesia
1388 1129 1550 1187 cathedrali

648 1221 810 1293 augendum
825 1221 1017 1294 possessiones
1039 1220 1186 1276 donentur.

388 1343 451 1400 Nos
474 1344 648 1403 Fridericus
672 1345 722 1404 dei
744 1347 847 1419 gracia
871 1345 958 1417 Cilie,
993 1347 1208 1418 Ortemburge‚
1232 1345 1422 1418 Zagorieque
1445 1358 1548 1402 comes

282 1455 339 1507 etc.
362 1464 480 1507 necnon
503 1452 590 1524 regni
615 1450 778 1510 Sclauonie
801 1453 909 1525 banus,
932 1457 1078 1524 tutorque
1102 1457 1131 1508 et
1154 1451 1324 1509 advocatus
1347 1451 1474 1509 ecclesie
1497 1465 1545 1507 za·

282 1556 462 1628 grabiensis
486 1557 602 1614 Notum
615 1556 746 1615 tacimus
767 1565 873 1616 tenore
896 1559 1090 1631 presencium
1107 1557 1221 1630 quibus
1244 1556 1369 1630 expedit
1384 1557 1546 1626 universis,

282 1661 365 1734 quod
389 1676 448 1736 pro
471 1667 559 1735 parte
583 1669 612 1720 et
634 1664 667 1721 in
689 1665 830 1738 personis
852 1663 1084 1722 honorabilium
1114 1663 1255 1722 viromm
1279 1661 1475 1722 dominorum
1500 1677 1548 1719 ca·

280 1767 464 1826 noricorum
487 1767 525 1826 de
548 1769 686 1842 capitulo
709 1770 837 1828 ecclesie
860 1770 1067 1842 zagrabiensis
1098 1769 1189 1828 nobis
1220 1770 1322 1828 extitit
1345 1768 1547 1840 declaratum,

284 1873 442 1945 quomodo
465 1872 566 1933 forent
589 1875 732 1950 plerique
755 1875 876 1934 nobiles
899 1875 988 1948 regni
1010 1874 1173 1933 Sclauonie
1196 1875 1228 1934 in
1244 1876 1381 1934 crisiensi
1397 1885 1426 1932 et
1441 1889 1547 1947 ragra-

282 1978 381 2036 biensi
404 1981 603 2038 comitatibus
627 1997 663 2040 ac
686 1983 718 2040 in
741 1997 836 2055 regno
860 1981 1023 2040 Sclauonie
1054 1983 1225 2053 existentes,
1258 1981 1311 2055 qui
1343 1983 1384 2039 ob
1415 1981 1548 2038 salutem

281 2085 456 2143 animarum
480 2093 645 2160 parentum
677 2102 805 2146 suorum
837 2093 867 2146 et
899 2089 1074 2146 animarum
1106 2089 1315 2162 propriarum,
1338 2088 1547 2161 possessiones

281 2206 333 2248 seu
358 2193 520 2265 porciones
543 2195 684 2268 ipsorum
708 2195 964 2268 possessionarias
987 2211 1046 2270 pro
1076 2199 1243 2267 augmento
1273 2193 1375 2252 cultus
1398 2193 1496 2252 divini
1518 2179 1548 2250 et

281 2297 512 2356 continuacione
535 2315 587 2357 seu
612 2301 778 2358 missarum
802 2300 1012 2358 celebracione
1041 2302 1073 2358 in
1107 2300 1236 2358 ecclesia
1270 2301 1366 2358 sancti
1400 2298 1548 2373 Stephani

280 2405 362 2476 regis
385 2403 502 2462 eisdem
526 2389 679 2480 canonicis
702 2422 755 2464 seu
779 2407 918 2480 capitulo
949 2406 1088 2464 eiusdem
1117 2405 1244 2465 ecclesie
1274 2406 1482 2478 zagrabiensis
1513 2406 1545 2462 in

280 2505 464 2582 perpetuam
498 2511 700 2570 elemosinam
735 2511 808 2570 dare
842 2512 961 2570 vellent
992 2521 1022 2570 et
1053 2511 1176 2571 donare.
1199 2509 1417 2586 Supplicatum
1440 2513 1545 2586 itaque

280 2616 382 2674 extitit
413 2616 503 2675 nobis
537 2619 715 2676 nominibus
749 2624 779 2676 et
810 2619 841 2676 in
874 2619 1015 2692 personis
1050 2617 1231 2676 eorumdem
1266 2619 1485 2676 canonicorum
1508 2617 1546 2676 de

281 2723 419 2796 capitulo
454 2723 564 2782 eodem
595 2725 757 2783 humiliter
789 2730 820 2783 et
854 2723 973 2796 devote,
1008 2729 1042 2782 ut
1072 2740 1128 2783 nos
1157 2725 1338 2782 auctoritate
1361 2731 1467 2782 nostra
1490 2725 1558 2821 ba,

279 2829 344 2886 nali
378 2845 473 2903 super
506 2830 686 2889 huiusmodi
721 2830 890 2889 donacione
924 2837 954 2889 et
985 2831 1155 2890 collacione
1187 2846 1383 2905 quocumque
1406 2837 1547 2904 tempore

280 2940 309 2992 et
340 2951 397 3010 per
431 2951 643 3012 quoscumque
678 2937 788 2996 fiendis
815 2943 956 2996 nostrum
987 2940 1170 2998 benivolum
1202 2953 1384 2998 consensum
1414 2938 1546 3011 prebere

280 3041 481 3116 dignaremur
504 3045 621 3118 pariter
644 3051 673 3102 et
697 3059 864 3103 assensum.
895 3045 959 3102 Nos
982 3047 1077 3118 igitur
1101 3053 1262 3119 tamquam
1286 3045 1454 3102 advocatus
1477 3059 1546 3117 pre·

279 3146 360 3206 dicte
384 3149 511 3207 ecclesie
534 3151 740 3223 zagrabiensis
763 3151 921 3225 cupientes
945 3167 982 3209 ex
1006 3152 1119 3222 animo,
1155 3157 1222 3208 tum
1253 3151 1373 3208 cultum
1405 3149 1545 3207 divinum

281 3259 310 3311 et
334 3253 439 3313 officia
462 3256 676 3328 ecclesiastica,
700 3258 929 3330 missarumque
953 3259 1179 3317 celebraciones
1203 3258 1235 3314 in
1250 3256 1358 3314 eadem
1375 3254 1545 3313 cathedrali

279 3361 375 3418 sancti
407 3359 555 3436 Stephani
589 3363 670 3435 regis
705 3369 735 3421 et
769 3363 952 3422 contessoris
984 3363 1084 3422 facere
1107 3363 1263 3437 ampliari,
1287 3369 1354 3420 tum
1378 3343 1477 3419 eciam
1502 3362 1543 3418 ob

278 3482 367 3542 spem
392 3473 421 3525 et
443 3467 644 3527 devocionem
666 3475 814 3542 nostram,
839 3485 934 3544 quam
950 3470 1031 3528 circa
1047 3469 1179 3528 eundem
1195 3473 1337 3527 sanctum
1353 3467 1546 3543 Stephanum

278 3589 385 3647 regem
419 3581 449 3632 et
483 3575 692 3635 confessorem
726 3579 863 3650 gerimus
898 3575 1058 3648 indefesse,
1095 3577 1181 3634 cuius
1205 3576 1324 3632 meritis
1347 3582 1377 3632 et
1401 3575 1545 3648 precibus

278 3679 393 3738 nedum
416 3681 448 3740 in
471 3684 606 3756 presenti
629 3685 702 3755 vita,
719 3699 830 3742 verum
854 3684 952 3742 eciam
974 3685 1005 3741 in
1028 3681 1134 3740 futuro
1156 3681 1261 3740 seculo
1279 3682 1309 3739 in
1326 3681 1431 3738 celesti
1449 3695 1545 3752 regno

279 3801 441 3860 speramus
465 3788 632 3860 confoveri,
664 3795 731 3847 tum
767 3791 880 3848 etenim
914 3789 1200 3864 supplicacionibus
1230 3789 1318 3846 iustis
1351 3791 1380 3844 et
1411 3785 1543 3859 juricon-

279 3895 363 3952 sonis
386 3895 569 3953 eorumdem
594 3895 792 3954 dominorum
816 3897 1035 3954 canonicorum
1059 3899 1088 3953 et
1112 3895 1242 3969 capituli
1271 3895 1361 3952 nobis
1392 3895 1544 3967 porrectis

279 4007 308 4058 et
332 4001 446 4068 oblatis
470 4002 521 4076 pie
544 4002 688 4064 admissis
711 4009 741 4060 et
763 4004 901 4076 graciose
924 4003 1072 4073 inclinati,
1095 4002 1127 4060 id
1151 4002 1333 4060 auctoritate
1364 4007 1468 4058 nostra
1492 4001 1545 4058 ba·
1614 4037 1618 4046 ·

278 4107 342 4164 nali
367 4107 565 4166 concedimus
588 4109 735 4182 graciose,
760 4108 843 4182 quod
869 4109 1056 4182 quicumque
1079 4109 1232 4167 nobilium
1257 4109 1288 4166 in
1312 4109 1457 4186 pretactis
1488 4109 1545 4166 cri·

280 4213 373 4271 ciensi
408 4219 438 4271 et
472 4215 663 4287 zagrabiensi
695 4216 894 4273 comitatibus
918 4221 971 4272 aut
993 4217 1024 4272 in
1046 4230 1141 4287 regno
1165 4213 1327 4272 Solanonie
1351 4195 1541 4286 ubicumque

280 4319 372 4378 fuerit
397 4321 588 4394 constitutus,
613 4321 747 4379 voluerit
772 4335 879 4380 omnes
902 4323 1110 4395 possessiones
1141 4337 1194 4378 seu
1219 4321 1380 4394 porciones
1403 4321 1545 4392 ipsorum

279 4427 536 4500 possessionarias
571 4443 643 4485 cum
677 4427 858 4486 earumdem
893 4429 1080 4486 utilitatibus
1116 4432 1146 4485 et
1177 4427 1373 4502 pertinenciis
1393 4426 1545 4483 universis

280 4535 426 4607 pretactis
451 4533 613 4606 canonicis,
638 4549 755 4592 necnon
778 4535 905 4593 ecclesie
929 4536 1046 4592 eteius
1070 4533 1207 4608 capitulo
1230 4534 1364 4590 liberam
1387 4538 1416 4590 et
1447 4533 1545 4590 omni·

279 4638 407 4697 modam
430 4639 467 4697 de
491 4647 598 4698 nostro
622 4654 770 4699 consensu
795 4641 911 4714 pariter
934 4647 964 4698 et
987 4655 1112 4698 assensu
1129 4638 1272 4711 donandi,
1289 4638 1391 4709 dandi,
1409 4637 1542 4710 legandi,

279 4745 395 4804 fatendi
419 4753 448 4804 et
469 4747 501 4804 in
524 4752 709 4821 perpetuam
744 4747 948 4806 elemosinam
979 4745 1152 4804 ascribendi
1187 4761 1223 4804 ac
1251 4744 1457 4820 perpetuandi
1487 4758 1545 4818 pro

279 4852 370 4910 libito
392 4853 562 4912 voluntatis
586 4869 694 4912 eorum
718 4855 852 4912 habeant
875 4853 1064 4922 facultatem,
1095 4853 1277 4909 auctoritate
1300 4856 1405 4908 nostra
1428 4849 1545 4908 eisdem

279 4959 428 5018 attributa
450 4959 612 5018 mediante.
636 4961 671 5018 ln
693 4962 779 5019 cuius
802 4960 847 5018 rei
870 4961 1056 5018 memoriam
1087 4958 1330 5031 firmitatemque
1361 4963 1544 5031 perpetuam

280 5071 436 5139 presentes
460 5067 578 5125 litteras
602 5074 722 5126 nostras
746 5067 908 5142 pendentis
931 5067 1029 5140 sigilli
1050 5067 1148 5126 nostri
1178 5065 1349 5124 munimine
1380 5065 1544 5122 roboratas

1439 5163 1456 5203 c
