3804 5858
396 475 457 552 4⁷8
691 475 763 533 Doc-
781 468 857 549 356·
876 482 952 553 357·
984 505 1014 514 -
1042 471 1098 528 Ar·
1121 484 1341 550 saro-1491-

986 788 1071 855 356.

502 949 584 997 Anno
606 959 681 1010 1490,
703 956 743 998 11.
762 945 884 997 octobris.
901 946 999 998 Budne.

396 1076 495 1149 Regni
513 1073 671 1132 Sloooniae
692 1072 799 1131 ducatu
814 1072 956 1149 johanni
982 1071 1106 1130 Coruino
1129 1071 1278 1147 attributo,
1302 1072 1465 1131 ladislaus
1485 1069 1673 1148 Hungariae

395 1189 443 1240 etc.
467 1201 529 1253 rex,
548 1180 745 1239 communitati
764 1180 890 1237 civitatis
912 1180 1015 1236 montis
1046 1178 1197 1238 Grecensis
1218 1179 1349 1250 mandat,
1371 1187 1406 1236 ut
1425 1180 1456 1236 in
1486 1179 1610 1238 Corvini
1623 1180 1671 1236 dr'-

902 1287 1007 1343 cionem
1028 1286 1166 1346 concedat.

500 1432 663 1498 Ladislaus
686 1430 735 1489 dei
757 1431 861 1504 gracia
884 1447 940 1488 rex
971 1431 1138 1504 Hungarie,
1171 1431 1317 1490 Bohcmie
1344 1435 1400 1490 etc.
1431 1429 1602 1488 Prudentes
1635 1436 1669 1488 et

395 1538 617 1613 circumspecti,
633 1536 742 1595 fideles
765 1536 856 1594 nobis
879 1535 995 1595 dilecti.
1020 1535 1184 1594 Credimus
1207 1535 1247 1594 ad
1269 1537 1416 1594 noticiam
1440 1541 1576 1594 vestram
1594 1553 1667 1611 per·

396 1646 525 1716 venisse,
549 1642 684 1717 qualiter
704 1657 761 1700 nos
784 1641 824 1700 de
846 1640 993 1700 concordi
1016 1647 1046 1700 et
1076 1643 1215 1700 unanimi
1246 1643 1408 1701 voluntate
1434 1641 1578 1701 fidelium
1607 1658 1667 1702 no·

396 1756 535 1809 strorum
557 1747 774 1806 universorum
797 1747 992 1821 prelatorum
1014 1755 1045 1805 et
1068 1747 1222 1806 baronum
1244 1749 1332 1822 regni
1354 1749 1452 1807 nostri
1469 1750 1549 1808 inter
1564 1755 1667 1808 certas

395 1855 607 1915 ordinaciones
629 1858 659 1911 et
682 1852 905 1927 disposiciones
927 1853 1086 1912 internos
1109 1859 1139 1911 et
1162 1853 1288 1912 eosdem
1312 1853 1456 1914 dominos
1479 1855 1618 1930 prelatos
1635 1861 1666 1913 et

395 1964 527 2022 barones
556 1966 679 2020 nostros
711 1961 751 2018 ab
787 1974 848 2018 una
871 1975 907 2018 ac
929 1959 1086 2019 illustrem
1109 1959 1273 2020 dominum
1295 1960 1468 2044 Johannem
1491 1960 1665 2021 Coruinum

397 2068 509 2127 ducem
541 2073 599 2126 etc.
632 2067 674 2124 ab
706 2066 804 2124 altera
840 2066 994 2139 partibus,
1025 2067 1136 2139 vigore
1169 2073 1328 2126 certarum
1351 2067 1529 2126 litterarum
1551 2067 1666 2126 exinde

397 2174 608 2234 confectarum
643 2172 748 2244 iactas,
784 2171 932 2230 ducatum
967 2187 1093 2247 quoque
1128 2173 1213 2232 illius
1248 2175 1336 2247 regni
1369 2175 1470 2234 nostri
1498 2173 1666 2232 Sclauonie

397 2279 491 2340 simul
514 2294 585 2338 cum
615 2279 769 2338 universis
799 2277 939 2336 eiusdem
969 2280 1057 2352 regni
1080 2271 1168 2337 iustis
1191 2285 1222 2338 et
1245 2281 1285 2337 ab
1308 2280 1437 2354 antiquo
1459 2281 1542 2354 exigi
1563 2280 1667 2338 solitis

396 2385 600 2462 proventibus
622 2389 653 2444 et
675 2383 848 2442 redditibus
876 2383 978 2443 eidem
1010 2384 1137 2446 domino
1168 2387 1303 2469 Johanni
1336 2385 1472 2445 Coruino
1503 2386 1576 2444 duci
1606 2391 1667 2445 etc.

333 2525 334 2528 =
397 2492 593 2563 contulimus,
617 2492 764 2550 volumus
786 2490 901 2550 idcirco
925 2498 956 2550 et
979 2491 1123 2551 fidelitati
1144 2499 1248 2552 vestre
1265 2495 1343 2554 serie
1358 2495 1556 2568 presencium
1575 2495 1667 2553 stric-

396 2599 515 2659 tissime
537 2597 730 2670 mandamus,
755 2603 907 2672 quatenus
947 2600 1061 2657 amodo
1090 2599 1248 2674 prefatum
1290 2600 1452 2659 dominum
1489 2599 1665 2684 Johannem

397 2705 569 2764 Coruinum
591 2703 707 2775 audire,
730 2719 788 2778 pro
811 2703 951 2778 duceque
974 2711 1005 2763 et
1028 2704 1155 2764 domino
1179 2711 1283 2764 vestro
1306 2705 1461 2780 legittimo
1494 2705 1610 2766 habere
1634 2714 1668 2765 et

397 2817 509 2883 tenere,
532 2809 696 2882 eidemque
719 2807 861 2867 debitum
884 2811 1034 2869 honorem
1058 2811 1206 2870 exhibere
1228 2817 1323 2886 atque
1354 2811 1493 2870 eiusdem
1523 2827 1668 2872 necnon

397 2917 560 2976 hominum
581 2929 710 2973 suorum
733 2930 789 2988 per
811 2915 917 2988 ipsum
940 2915 979 2973 ad
1002 2915 1035 2974 id
1059 2915 1311 2991 deputandorum
1334 2916 1490 2976 mandatis
1513 2922 1544 2976 et
1574 2915 1667 2992 jussi·

398 3024 509 3084 onibus
532 3022 619 3080 iustis
642 3027 747 3080 tamen
768 3027 799 3080 ct
821 3022 915 3080 licitis
938 3037 1058 3096 parere,
1081 3022 1208 3081 obedire
1232 3028 1262 3081 et
1285 3023 1503 3097 obtemperare
1515 3023 1668 3097 debeatis,

398 3135 428 3188 et
450 3128 536 3188 aliud
559 3127 659 3186 tacere
680 3142 742 3186 non
763 3129 991 3202 presummatis.
1015 3129 1131 3188 Datum
1154 3128 1240 3188 Bsde
1263 3128 1341 3188 teria
1362 3129 1497 3188 secunda
1520 3131 1667 3205 proxima

397 3242 469 3311 post
494 3229 608 3294 festum
642 3235 724 3293 beati
747 3235 879 3294 Dionisii
901 3235 1045 3294 martiris.
1070 3237 1160 3294 Anno
1183 3235 1302 3295 domini
1323 3235 1493 3296 millesimo
1517 3236 1666 3310 quadrin-

399 3341 570 3418 gentesimo
592 3341 803 3414 nonagesimo.

505 3453 547 3518 (A
566 3451 661 3518 tergo).
685 3447 891 3506 Prudentibus
914 3454 944 3506 et
957 3449 1188 3523 circumspectis
1203 3447 1300 3525 judici
1315 3456 1346 3510 et
1359 3448 1477 3527 juratis,
1493 3451 1668 3524 ceterisque

399 3555 519 3616 civibus
550 3561 581 3614 et
611 3555 668 3614 toti
701 3554 916 3613 communitati
950 3555 1084 3613 civitatis
1107 3556 1221 3614 montis
1244 3555 1418 3630 Grecensis,
1440 3555 1588 3615 fidelibus
1609 3571 1666 3616 no·

398 3663 471 3720 stris
493 3661 623 3722 dilectis

503 3817 528 3866 E
547 3819 707 3882 transumpto
725 3813 833 3881 capituli
851 3814 952 3879 zagrab.
981 3815 1014 3864 de
1032 3829 1100 3865 anno
1121 3826 1195 3880 1497.
1215 3816 1247 3864 In
1265 3815 1361 3868 archiv.
1376 3815 1422 3868 lib.
1435 3831 1488 3881 reg.
1500 3817 1547 3867 civ.
1561 3816 1665 3880 ngrab.

994 4045 1078 4114 357.

506 4205 586 4252 Anno
609 4214 682 4266 1491,
703 4205 726 4256 8.
747 4206 839 4254 martii.
860 4203 1007 4269 Zagrsbiac.

407 4329 563 4387 Comitanes
585 4331 727 4388 cre'siensrs
742 4331 850 4390 decreti
862 4311 1016 4406 eoemplar‚
1035 4350 1092 4406 quo
1101 4331 1256 4409 Johunnes
1272 4333 1393 4391 Horoat
1404 4333 1438 4392 de
1460 4332 1538 4393 Okr'e‘
1547 4343 1663 4410 raptam

394 4437 606 4514 possessionem,
628 4455 703 4511 quoe
725 4437 890 4496 nominatur
912 4436 1046 4512 Stupnik,
1068 4437 1185 4496 reddere
1207 4439 1330 4511 iubetur,
1352 4458 1372 4496 a
1395 4442 1520 4514 capitulo
1542 4442 1663 4516 sagrab.

640 4539 795 4616 fratribus
817 4542 876 4603 ord.
901 4543 1140 4602 Praedicatorum
1163 4545 1280 4618 aagrd.
1303 4545 1406 4602 editur.

423 4771 431 4787 ·
509 4703 571 4762 Nos
609 4704 781 4778 capitulum
817 4706 945 4764 ecclesie
978 4706 1194 4780 zagrabiensis.
1225 4707 1374 4766 Memoris
1409 4709 1664 4768 commendamus

402 4829 459 4888 per
482 4817 648 4886 presentes,
671 4811 755 4885 quod
779 4811 942 4884 religiosus
971 4811 1069 4871 frater
1091 4814 1233 4885 Michael,
1265 4815 1352 4888 prior
1383 4813 1501 4873 ordinis
1531 4814 1665 4874 fratrum

298 4987 301 4994 ¹
402 4919 633 4978 predicatorum
658 4917 689 4976 in
719 4917 855 4978 claustro
890 4920 973 4978 beati
1007 4919 1129 4980 Nicolai
1163 4921 1301 4996 episcopi
1332 4920 1502 4996 Zagrabiae
1534 4920 1664 4981 fundato
