3930 5802
720 569 793 628 Doc.
817 579 885 644 135.
910 601 951 612 —-
975 569 1031 626 An.
1056 581 1146 646 1443.
1503 589 1561 650 191

302 781 429 856 publice
451 788 482 840 et
503 781 666 842 manifeste
689 783 845 858 appellari
868 783 1022 857 fecissent,
1046 787 1076 841 et
1099 782 1137 841 de
1152 783 1221 856 ipsa
1237 785 1416 858 captivitate
1431 777 1567 862 (vivum)

302 901 363 946 non
379 888 559 960 emisissent,
583 887 681 947 donec
697 888 780 947 idem
805 887 949 948 dominus
973 887 1125 962 Georgius
1141 905 1198 963 per
1212 890 1431 963 imposicioues
1447 891 1566 963 mortis,

302 993 458 1052 minarum
488 999 519 1052 et
547 995 725 1066 verberum,
755 996 859 1054 omnia
882 1000 912 1053 et
942 995 1066 1069 singula
1088 999 1195 1053 contra
1217 1001 1248 1054 et
1270 994 1420 1054 adversus
1441 995 1567 1054 eosdem

302 1099 385 1158 cives
407 1113 512 1159 coram
534 1101 656 1159 notario
680 1101 810 1176 publico
840 1100 922 1160 facta
956 1107 986 1160 et
1016 1106 1193 1176 protestata,
1224 1106 1387 1175 tamquam
1419 1101 1452 1159 vi
1484 1117 1567 1160 com·

302 1204 410 1278 pulsus
432 1211 608 1265 revocasset
622 1211 653 1266 et
676 1209 933 1280 abrenunciasset,
949 1221 1067 1266 necnon
1084 1211 1184 1265 certos
1200 1207 1405 1280 fideiussores,
1422 1207 1569 1267 videlicet

301 1310 501 1370 honorabiles
523 1312 608 1371 viros
631 1312 785 1372 dominos:
809 1313 964 1372 Thomam
981 1312 1019 1371 de
1035 1313 1190 1388 Iwanych,
1214 1311 1407 1387 Stephanum
1429 1313 1468 1372 de
1491 1314 1567 1388 Wy·

301 1415 378 1475 zoka
401 1419 563 1477 canonicos
585 1419 713 1477 ecclesie
735 1419 943 1492 zagrabiensis
966 1418 1113 1494 predicte,
1136 1420 1314 1490 Martinum
1337 1420 1414 1478 31133
1433 1417 1568 1495 judicem

302 1525 842 1598 311313331331,(11313131131333,
866 1526 943 1584 alias
966 1523 1112 1602 J'uratum,
1144 1525 1227 1582 cives
1250 1525 1384 1583 civitatis
1414 1511 1566 1584 antedicte

301 1629 418 1688 eisdem
441 1630 572 1690 Nicolao
594 1631 756 1691 aurifabro
775 1637 806 1690 et
827 1632 896 1690 aliis
920 1631 1069 1706 predictis
1093 1631 1214 1690 civibus
1237 1645 1331 1706 super
1354 1646 1398 1704 e0,
1433 1639 1468 1690 ut
1500 1633 1566 1706 ipse

301 1737 488 1796 sufficientes
518 1738 637 1796 litteras
661 1737 869 1812 expeditorias
900 1738 932 1795 in
947 1730 1119 1816 (premissis
1143 1779 1334 1796 .......
1359 1738 1567 1811 zagrabieusis

302 1847 463 1916 prenotate
486 1841 561 1901 dare
585 1843 713 1902 deberet
735 1859 793 1918 pro
817 1860 849 1902 se
877 1845 946 1919 ipso
968 1885 1250 1903 ..........
1275 1850 1306 1902 31
1328 1845 1513 1918 assignasset
1534 1845 1567 1902 13

301 1940 465 2026 (personis)
489 1948 607 2008 domini
630 1949 757 2022 Georgii
780 1950 983 2024 predicatoris
1006 1955 1036 2008 et
1052 1949 1127 2008 dicti
1141 1950 1278 2009 hominis
1294 1950 1344 2008 sui
1361 1951 1568 2024 preiudicium

301 2069 337 2111 ac
359 2053 492 2113 dedecus
515 2055 609 2113 valde
628 2071 795 2129 magnum;
817 2061 848 2114 et
872 2057 902 2114 in
924 2055 1104 2114 huiusmodi
1120 2056 1391 2130 comprobacionis
1414 2056 1494 2115 dicte
1513 2073 1572 2116 sue·

301 2152 553 2239 con(questionis)
576 2206 703 2220 .....
727 2171 827 2221 certos
850 2167 941 2219 testes
964 2161 1045 2220 infra
1069 2161 1277 2220 declarandos
1301 2169 1331 2220 et
1353 2162 1566 2235 nominandos,

301 2268 454 2338 premisso
476 2267 572 2325 modo
594 2268 712 2340 citatos,
735 2275 874 2326 nostram
897 2273 928 2326 et
958 2269 1141 2326 eorumdem
1164 2283 1356 2328 assessorum
1385 2275 1567 2327 nostrorum

300 2373 494 2446 presenciam
529 2372 667 2445 adduxit,
701 2377 810 2448 petens
843 2388 900 2433 nos
934 2367 1060 2454 (humili
1094 2366 1178 2452 cum)
1201 2375 1357 2446 instancia,
1380 2379 1415 2432 ut
1437 2373 1565 2432 eosdem

301 2481 393 2536 testes
414 2483 574 2551 acceptare
596 2485 626 2537 et
648 2481 833 2553 examinare,
849 2495 885 2538 ac
901 2480 983 2540 dicta
999 2486 1028 2539 et
1044 2481 1256 2539 attestaciones
1271 2481 1413 2555 ipsorum
1429 2481 1567 2554 recipere

301 2589 331 2641 et
354 2584 509 2642 conscribi
532 2583 633 2643 facere
656 2585 866 2660 dignaremur.
890 2587 955 2646 Nos
978 2602 1053 2646 vero
1075 2587 1231 2671 Johannes
1254 2585 1363 2646 doctor
1386 2591 1416 2646 et
1433 2587 1567 2645 vicarius

300 2690 439 2765 prefatus
461 2691 652 2751 attendentes
674 2694 914 2766 requisicionem
934 2695 1114 2753 huiusmodi
1147 2691 1263 2770 justam
1285 2693 1352 2752 fore
1386 2699 1416 2751 et
1449 2693 1566 2752 racioni

300 2811 475 2870 consonam,
498 2814 571 2856 cum
593 2798 719 2857 eosdem
743 2804 835 2858 testes
858 2799 1004 2858 videlicet
1025 2801 1244 2859 honorabilem
1260 2806 1289 2859 et
1306 2800 1454 2859 discretos
1471 2800 1565 2873 viros,

301 2901 443 2962 dominos
477 2904 613 2977 Petrum,
648 2906 820 2979 plebanum
854 2907 981 2965 ecclesie
1012 2907 1096 2965 beati
1125 2906 1274 2989 Johannis
1304 2906 1343 2965 de
1374 2907 1464 2964 Nova
1487 2907 1566 2965 villa

300 3051 737 3071 ...............
762 3013 955 3071 Anthonium
986 3013 1173 3086 magistrum
1204 3011 1325 3086 capelle
1355 3014 1446 3070 beate
1469 3013 1567 3071 Marie

300 3116 431 3188 virginis
454 3115 597 3174 dedicta
620 3122 726 3176 monte
748 3117 895 3176 Grecensi
917 3159 1356 3177 ...............
1381 3118 1414 3175 13
1438 3118 1566 3176 ecclesia

299 3221 500 3294 zagrabiensi,
524 3221 723 3281 benedictum
746 3222 785 3280 de
805 3223 1043 3297 Polosychycza,
1067 3224 1199 3281 Paulum
1222 3229 1252 3280 et
1283 3223 1434 3281 Mathiam
1465 3223 1533 3282 de.
1558 3225 1588 3281 .’

300 3369 644 3386 ............
668 3328 892 3402 prebendarios
916 3375 922 3388 .
946 3376 952 3388 .
977 3376 982 3387 .
1008 3373 1016 3389 .
1040 3374 1045 3386 .
1070 3373 1076 3386 .
1101 3374 1107 3387 .
1131 3375 1137 3388 .
1161 3371 1168 3384 .
1192 3375 1198 3387 .
1223 3375 1228 3388 .
1252 3374 1259 3388 .
1283 3375 1318 3387 ..
1347 3329 1501 3403 premisso
1524 3329 1565 3387 ad

300 3433 502 3490 consciensias
525 3435 667 3507 ipsorum
691 3435 780 3492 tactis
803 3435 834 3493 in
869 3435 1012 3493 manibus
1044 3435 1158 3492 nostris
1192 3434 1399 3508 corporaliter
1433 3436 1562 3509 prestito

298 3535 472 3614 juramento
505 3541 672 3614 requisitos
700 3541 925 3613 habuissemus,
954 3546 1027 3599 tunc
1049 3542 1110 3615 ipsi
1132 3555 1186 3598 ore
1209 3541 1339 3614 proprio
1342 3583 1564 3599 ........

269 3677 270 3680 =
299 3645 403 3703 omnia
424 3652 455 3703 et
477 3647 600 3719 singula
623 3661 680 3720 per
703 3645 859 3718 prefatum
882 3647 1045 3705 Nicolaum
1069 3646 1264 3704 aurifabrum
1287 3643 1423 3722 judicem
1440 3651 1468 3704 et
1485 3647 1563 3704 alios

299 3750 454 3824 predictos
476 3758 618 3826 tempore
641 3792 981 3812 ............
1004 3758 1109 3811 contra
1133 3752 1303 3826 Georgium
1320 3758 1351 3811 et
1366 3753 1565 3811 Dominicum

299 3857 457 3916 hominem
479 3873 572 3915 suum
595 3858 762 3916 commissa
778 3857 843 3916 fore
868 3866 897 3916 et
921 3863 1107 3933 perpetrata,
1131 3864 1225 3932 prout
1247 3865 1277 3916 et
1300 3856 1566 3932 quemadmodum

298 3977 403 4021 coram
425 3964 516 4022 nobis
539 3971 569 4022 et
592 3965 668 4038 ipsis
689 3965 896 4022 assessoribus
919 3964 1032 4022 nostris
1054 3971 1084 4022 et
1106 3965 1228 4021 notario
1253 3964 1382 4038 publico
1406 4009 1564 4022 ......

299 4112 668 4128 .............
693 4070 918 4144 proposicionis
948 4086 1003 4148 sue
1035 4069 1188 4128 antedicte
1223 4071 1398 4128 contineret.
1421 4070 1455 4127 13
1479 4070 1566 4128 33133

297 4175 343 4233 rei
365 4175 577 4233 testimonium
608 4180 765 4249 presentes
795 4177 915 4234 litteras
944 4182 1065 4234 nostras
1096 4176 1192 4249 sigilli
1223 4167 1334 4253 (nostri
1362 4169 1565 4255 appensione)

296 4281 391 4339 simul
414 4296 485 4339 cum
508 4282 739 4356 subscripsione
759 4283 953 4341 notariorum
987 4283 1187 4356 publicorum
1216 4279 1490 4354 infrascriptorum
1513 4294 1563 4340 ro·

298 4387 431 4460 boratas,
448 4387 509 4460 ipsi
524 4385 650 4446 domino
667 4387 802 4461 Georgio
825 4387 972 4447 duximus
995 4388 1205 4448 concedendas
1226 4385 1302 4463 juris
1321 4386 1418 4460 ipsius
1433 4385 1472 4443 ad
1496 4403 1565 4445 cau·

297 4493 392 4551 telam
416 4533 944 4562 ..................
968 4496 1000 4553 13
1030 4495 1125 4553 domo
1148 4495 1239 4552 solite
1259 4493 1428 4551 residencie
1461 4499 1564 4551 nostre

299 4643 702 4658 ..............
728 4643 736 4659 .
760 4599 837 4658 feria
871 4601 965 4658 tercia
988 4601 1132 4675 proxima
1154 4605 1227 4675 post
1250 4601 1425 4674 predictum
1450 4599 1564 4657 testum

297 4705 543 4779 Epiphaniarum
566 4705 693 4778 domini,
716 4721 796 4763 anno
820 4705 957 4764 eiusdem
975 4707 1144 4765 millesimo
1168 4705 1475 4780 quadringentesimo
1491 4719 1565 4778 qua·

298 4809 476 4884 dragesimo
499 4811 603 4884 tercio,
626 4810 797 4870 indiccione
820 4817 915 4884 sexta,
937 4811 987 4870 die
1021 4827 1096 4870 vero
1130 4819 1239 4870 octava
1273 4811 1388 4870 mensis
1422 4809 1563 4886 januarii,

297 4919 375 4976 hora
397 4923 484 4977 sexta
509 4919 563 4976 vel
587 4920 682 4993 quasi.
706 4919 906 4978 pontificatus
929 4923 1033 4978 autem
1057 4919 1242 4978 sanctissimi
1264 4919 1297 4976 in
1319 4917 1445 4976 Christo
1467 4916 1564 4990 patris

299 5031 330 5082 et
353 5023 480 5098 domini,
503 5024 623 5084 domini
645 5025 774 5099 Eugenii
797 5025 902 5084 divina
925 5025 1127 5101 providencia
1149 5040 1231 5100 pape
1254 5023 1367 5100 quarti,
1396 5038 1476 5082 anno
1498 5021 1564 5080 eius
