3804 5858
381 819 411 867 et
433 815 530 866 status
553 808 686 866 existant
715 822 985 880 quorumcumque
1008 822 1123 877 rerum,
1147 807 1260 879 quovis
1283 807 1418 864 nominis
1441 808 1656 866 vocitatamm

380 915 544 986 vocabulo,
568 912 636 971 foro
652 919 756 972 nostro
771 914 932 986 apportari
954 913 1143 983 sollitarum,
1176 912 1208 970 in
1232 912 1301 969 vico
1317 918 1459 970 sutorum
1477 913 1528 969 vel
1546 927 1653 987 prope

381 1020 543 1079 ecclesiam
572 1020 662 1076 beate
692 1019 886 1092 Margarethe
918 1019 1047 1090 virginis
1070 1017 1128 1074 sub
1151 1015 1272 1091 prefata
1295 1017 1420 1075 civitate
1442 1025 1545 1076 nostra
1570 1035 1651 1076 con·

381 1132 531 1185 structam
563 1126 615 1184 vel
638 1125 715 1183 alias
737 1125 841 1182 ubivis
861 1125 892 1182 in
923 1130 1030 1182 nostro
1059 1123 1214 1181 territorio
1238 1127 1268 1180 et
1289 1123 1379 1180 metis
1402 1124 1653 1198 qualescumque

379 1232 564 1306 empciones,
586 1229 790 1301 vendiciones,
808 1231 989 1288 concambia
1017 1245 1070 1288 seu
1087 1230 1334 1304 permutaciones
1367 1228 1469 1288 facere
1492 1237 1522 1289 et
1552 1247 1648 1289 exer-

369 1329 450 1396 ⁴cere
472 1337 601 1412 possint,
623 1353 680 1394 nec
702 1337 763 1394 sint
786 1336 852 1393 ausi
877 1335 971 1393 modo
994 1335 1134 1409 aliquali,
1159 1334 1212 1393 sed
1234 1333 1274 1392 ad
1298 1335 1404 1393 iorum
1422 1341 1565 1394 nostrum
1587 1352 1647 1394 seu

381 1443 515 1502 civitatis
538 1441 658 1517 prefate
679 1456 779 1516 prope
808 1441 861 1499 vel
883 1457 977 1516 penes
1000 1443 1163 1500 ecclesiam
1193 1441 1405 1516 parochialem
1429 1443 1526 1500 sancti
1549 1443 1651 1501 Marci

381 1548 580 1622 ewangeliste
609 1547 749 1605 habitam
779 1553 809 1604 et
832 1548 1014 1606 existentem
1044 1548 1237 1620 abantiquo
1259 1546 1462 1605 laudabiliter
1483 1555 1514 1605 et
1545 1549 1646 1622 privi-

381 1655 537 1729 legialiier
560 1653 778 1728 approbatam,¹
808 1653 948 1724 defferre,
972 1659 1096 1727 portare
1118 1659 1149 1710 et
1171 1653 1325 1712 adducere
1348 1658 1379 1710 et
1400 1652 1514 1710 adduci
1540 1652 1648 1712 tacere

380 1761 560 1836 permittere
582 1765 751 1828 teneantur,
774 1763 805 1817 et
826 1759 900 1818 illac
932 1759 1137 1831 vendiciones,
1163 1761 1350 1833 empciones,
1388 1760 1569 1818 concambia
1616 1766 1648 1818 et

381 1865 628 1940 permutaciones
658 1864 816 1923 talismodi
855 1863 956 1923 facere
986 1869 1017 1923 et
1051 1881 1194 1924 exercere
1228 1865 1346 1938 possint
1377 1873 1470 1938 atque
1502 1866 1647 1936 valeant,

380 1969 632 2030 contrafacientes
644 1978 746 2028 autem
760 1972 843 2044 ipsos
855 1972 947 2042 cives,
959 1971 1077 2029 incolas
1089 1977 1119 2028 et
1142 1972 1364 2030 inhabitatores
1388 1972 1521 2030 civitatis
1537 1978 1645 2030 nostre

381 2076 500 2152 prefate
512 2077 659 2134 volumus
671 2076 772 2134 eidem
784 2093 862 2150 pene
875 2083 905 2134 et
918 2078 1053 2150 birsagio
1066 2077 1269 2135 ducentorum
1282 2077 1483 2136 denariorum
1496 2079 1647 2136 viennen·

381 2183 462 2240 sium
476 2189 506 2240 et
522 2183 680 2241 solucione
694 2183 765 2240 talis
780 2183 825 2241 rei
844 2188 948 2258 empte
966 2190 996 2241 et
1011 2183 1134 2241 vendite
1146 2183 1206 2258 ipsi
1218 2184 1337 2242 homini
1349 2182 1465 2242 forensi
1476 2199 1530 2242 seu
1541 2185 1648 2242 convi-

380 2290 448 2347 cino
461 2289 610 2347 solvende
625 2289 804 2347 firmissime
821 2290 994 2360 subiacere;
1011 2306 1106 2364 quam
1124 2305 1238 2363 penam
1250 2294 1280 2348 et
1295 2291 1466 2363 birsagium
1479 2291 1505 2349 si
1517 2291 1584 2364 ipse
1598 2289 1648 2365 ju-

380 2395 440 2453 dex
451 2401 555 2454 noster
566 2395 735 2452 modernus
747 2396 915 2454 simulcum
932 2393 1041 2471 juratis
1058 2395 1214 2454 modernis
1229 2395 1260 2454 in
1277 2395 1437 2470 tepiditate
1450 2396 1500 2454 vel
1515 2396 1648 2470 pigricia

380 2505 433 2559 aut
447 2500 563 2573 favore,
580 2499 665 2574 quod
682 2501 771 2572 absit,
792 2501 902 2558 ductus
916 2501 967 2558 vel
991 2502 1075 2560 ducti
1094 2501 1272 2575 apredictis
1283 2503 1561 2575 transgressoribus
1583 2517 1648 2560 non

380 2608 565 2666 extorserint
588 2607 639 2664 vel
664 2607 846 2680 receperint,
870 2611 982 2666 extunc
997 2607 1080 2665 idem
1102 2606 1195 2684 judex
1209 2615 1239 2666 et
1260 2607 1354 2684 jurati
1375 2609 1407 2666 in
1432 2608 1553 2682 dupplo
1576 2623 1648 2680 pre·

380 2712 441 2770 fate
464 2729 542 2787 pene
565 2723 594 2770 et
623 2714 752 2785 birsagii
782 2717 886 2771 nostre
917 2715 1131 2772 communitati
1163 2713 1369 2787 persolvendi
1398 2714 1502 2772 solum
1537 2714 1648 2786 vigore

381 2820 532 2893 presentis
562 2819 670 2892 scripti
700 2820 761 2876 sint
793 2819 926 2876 convicti
949 2823 979 2875 et
1002 2819 1229 2893 condempnati.
1252 2820 1290 2877 Et
1313 2819 1419 2877 nullus
1442 2821 1568 2878 omnino
1591 2819 1649 2877 ho·

380 2925 501 2982 minum
536 2930 754 2982 extraneorum
788 2939 914 2997 gregem
945 2925 998 2982 vel
1029 2925 1090 2982 alia
1123 2925 1272 2983 animalia
1306 2926 1429 2984 venalia
1463 2941 1522 2999 pro
1556 2926 1648 2984 nullo

380 3030 487 3104 precio
510 3029 542 3087 in
574 3043 686 3103 campo
717 3037 747 3086 et
779 3030 935 3088 territorio
961 3029 1041 3087 dicte
1064 3030 1198 3088 civitatis
1220 3047 1346 3105 pascere
1367 3047 1422 3090 seu
1445 3033 1569 3106 pascuis
1594 3048 1649 3089 nu·

379 3137 454 3194 trire
477 3137 538 3194 sint
559 3136 627 3193 ausi
652 3135 745 3194 modo
768 3136 906 3209 aliquali.
939 3134 1111 3194 Statuimus
1144 3137 1251 3210 eciam,
1284 3137 1367 3210 quod
1392 3139 1581 3212 quicumque
1604 3139 1647 3195 ci·

380 3243 467 3299 viurn
489 3242 541 3300 vel
565 3241 745 3300 carnificum
762 3257 870 3314 greges
886 3243 983 3299 boum
1008 3243 1058 3300 vel
1081 3243 1144 3302 alia
1166 3244 1314 3302 animalia
1339 3246 1371 3302 in
1395 3259 1507 3318 campo
1530 3249 1561 3302 et
1586 3251 1648 3302 ter-

380 3348 488 3406 ritorio
512 3347 593 3405 dicte
616 3355 719 3405 nostre
742 3347 876 3405 civitatis
908 3363 1035 3422 pascere
1058 3365 1112 3406 seu
1137 3351 1259 3423 pascuis
1282 3351 1400 3408 nutrire
1424 3350 1568 3420 voluerit,
1592 3365 1648 3407 seu

381 3455 413 3512 in
435 3453 558 3528 pascuis
590 3453 744 3527 pascendo
774 3455 918 3526 nutrient,
942 3454 980 3512 de
1013 3455 1136 3528 singulo
1167 3457 1249 3514 bove
1271 3457 1324 3514 vel
1347 3457 1477 3514 animali
1509 3463 1571 3514 tres
1594 3455 1648 3514 de·

381 3561 489 3618 narios
513 3560 633 3633 regales
656 3560 778 3617 solvere
802 3560 913 3620 debeat
936 3560 1019 3619 dicto
1042 3562 1148 3620 comiti
1164 3567 1277 3632 nostro,
1301 3563 1436 3636 demptis
1454 3563 1647 3622 animalibus

381 3683 443 3741 que
480 3667 512 3724 in
546 3666 704 3724 maccellis
740 3665 820 3746 dicte
854 3667 1000 3724 civitatis¹
1025 3673 1129 3726 nostre
1163 3677 1299 3726 mactare
1322 3669 1450 3728 vellent.
1474 3667 1645 3727 Camifices

380 3787 456 3830 vero
487 3773 632 3844 extranei,
665 3773 718 3845 qui
748 3773 780 3830 in
803 3773 926 3831 civitate
949 3781 1053 3832 nostra
1077 3773 1215 3848 predicta
1240 3775 1388 3832 marcella
1418 3775 1651 3832 communitatis

379 3879 616 3952 appreciassent,
648 3878 696 3936 illi
726 3880 824 3936 eciam
858 3861 1014 3952 animalia,
1061 3897 1122 3954 que
1167 3881 1198 3938 in
1233 3881 1393 3940 maccellis
1416 3881 1650 3940 communitatis

382 3991 518 4041 mactare
549 3984 675 4056 vellent,
707 3985 805 4042 libere
827 4001 953 4059 pascere
975 3986 1094 4060 possint
1123 3987 1242 4059 absque
1265 3987 1433 4045 solucione.
1459 3986 1646 4046 Stabilimus

381 4091 508 4164 insuper
543 4095 573 4148 et
603 4091 826 4163 commisimus
861 4091 945 4164 quod
977 4092 1083 4149 nullus
1106 4092 1233 4149 omnino
1256 4093 1382 4163 civium,
1406 4092 1593 4151 incollarum
1616 4099 1647 4150 et

380 4196 627 4254 inhabitatorum
651 4197 784 4255 civitatis
815 4196 953 4270 predicte
982 4198 1081 4255 eciam
1105 4198 1268 4255 hominurn
1291 4195 1466 4257 forensium
1489 4205 1519 4257 et
1542 4207 1643 4256 extra·

383 4317 524 4372 neorum,
550 4317 599 4360 res
625 4303 881 4374 mercimoniales,
899 4319 959 4377 que
983 4293 1148 4376 ponderari
1171 4304 1281 4375 solent,
1297 4319 1367 4361 cum
1391 4304 1481 4362 nulla
1503 4305 1564 4362 alia
1586 4310 1643 4361 sta·

380 4412 445 4465 tera
468 4408 527 4467 nisi
562 4424 634 4467 cum
670 4413 784 4466 statera
828 4408 908 4466 dicte
942 4413 1046 4466 nostre
1069 4409 1299 4467 communitatis
1322 4409 1497 4484 ponderare
1520 4411 1646 4468 valeant

379 4514 456 4572 suba
473 4515 620 4573 missione
644 4515 754 4572 talium
777 4529 883 4573 rerum
900 4514 1170 4586 mensurabilium,
1187 4529 1282 4587 quam
1298 4521 1447 4574 stateram
1462 4515 1529 4589 ipse
1541 4531 1646 4574 comes

379 4625 482 4678 noster
514 4619 682 4678 modernus
714 4625 745 4678 et
775 4621 881 4679 nullus
903 4620 982 4678 alter
1013 4619 1131 4678 eisdem
1162 4620 1236 4678 dare
1259 4620 1380 4681 debeat.
1404 4620 1547 4680 Pistrices
1571 4637 1647 4680 vero

333 4737 336 4744 ·
380 4741 496 4799 panum
519 4731 582 4784 tam
605 4727 638 4785 in
660 4727 783 4786 civitate
805 4742 900 4802 quam
923 4732 1009 4784 extra
1021 4726 1178 4784 civitatem
1212 4731 1449 4800 commorantes,
1472 4743 1534 4804 que
1556 4743 1646 4786 suam

381 4831 480 4890 iacere
514 4833 614 4891 solent
649 4832 870 4904 vendicionem,
905 4832 982 4890 tales
1017 4830 1156 4906 predicto
1180 4833 1286 4891 comiti
1309 4841 1414 4890 nostro
1439 4833 1592 4892 moderno
1614 4834 1646 4892 in

381 4937 520 4997 ducentis
533 4937 666 4997 denariis
678 4939 906 4998 wiennensibus
925 4937 1096 5012 plenariam
1110 4942 1271 4996 teneantur
1292 4939 1493 5010 solucionem,
1509 4944 1540 4997 et
1562 4939 1647 5014 quod

379 5045 474 5104 iidem
485 5043 551 5120 (sic)
567 5047 707 5118 pistrices
732 5052 796 5103 tam
826 5045 858 5104 in
881 5045 1006 5104 civitate
1022 5059 1118 5118 quam
1134 5053 1221 5103 extra
1246 5045 1405 5103 civitatem
1420 5051 1648 5104 commorantes
