<?xml version="1.0" encoding="UTF-8"?>
<!DOCTYPE html PUBLIC "-//W3C//DTD XHTML 1.0 Transitional//EN"
    "http://www.w3.org/TR/xhtml1/DTD/xhtml1-transitional.dtd">
<html xmlns="http://www.w3.org/1999/xhtml" xml:lang="en" lang="en">
 <head>
  <title>
</title>
<meta http-equiv="Content-Type" content="text/html;charset=utf-8" />
  <meta name='ocr-system' content='tesseract 3.04.00' />
  <meta name='ocr-capabilities' content='ocr_page ocr_carea ocr_par ocr_line ocrx_word'/>
</head>
<body>
  <div class='ocr_page' id='page_1' title='image "./monumentahistor20laszgoog_0555.png"; bbox 0 0 3932 5806; ppageno 0'>
   <div class='ocr_carea' id='block_1_1' title="bbox 754 468 1224 551">
    <p class='ocr_par' dir='ltr' id='par_1_1' title="bbox 754 468 1224 551">
     <span class='ocr_line' id='line_1_1' title="bbox 754 468 1224 551; baseline 0 -21"><span class='ocrx_word' id='word_1_1' title='bbox 754 471 756 476; x_wconf 84' lang='lat'>&#39;</span> <span class='ocrx_word' id='word_1_2' title='bbox 796 473 869 530; x_wconf 85' lang='lat' dir='ltr'>Doc.</span> <span class='ocrx_word' id='word_1_3' title='bbox 892 485 963 549; x_wconf 76' lang='lat'><em>240.</em></span> <span class='ocrx_word' id='word_1_4' title='bbox 990 505 1029 516; x_wconf 87' lang='lat'>-</span> <span class='ocrx_word' id='word_1_5' title='bbox 1053 473 1109 531; x_wconf 85' lang='lat' dir='ltr'>An.</span> <span class='ocrx_word' id='word_1_6' title='bbox 1135 468 1224 551; x_wconf 74' lang='lat'><em>1465.</em></span> 
     </span>
    </p>
   </div>
   <div class='ocr_carea' id='block_1_2' title="bbox 968 684 1059 750">
    <p class='ocr_par' dir='ltr' id='par_1_2' title="bbox 968 684 1059 750">
     <span class='ocr_line' id='line_1_2' title="bbox 968 684 1059 750; baseline -0.011 -1"><span class='ocrx_word' id='word_1_7' title='bbox 968 684 1059 750; x_wconf 82' lang='lat'>240.</span> 
     </span>
    </p>
   </div>
   <div class='ocr_carea' id='block_1_3' title="bbox 483 842 1004 908">
    <p class='ocr_par' dir='ltr' id='par_1_3' title="bbox 483 842 1004 908">
     <span class='ocr_line' id='line_1_3' title="bbox 483 842 1004 908; baseline 0.004 -16"><span class='ocrx_word' id='word_1_8' title='bbox 483 843 564 892; x_wconf 89' lang='lat' dir='ltr'>Anno</span> <span class='ocrx_word' id='word_1_9' title='bbox 586 842 661 908; x_wconf 83' lang='lat'>1465,</span> <span class='ocrx_word' id='word_1_10' title='bbox 683 855 722 895; x_wconf 86' lang='lat'>11.</span> <span class='ocrx_word' id='word_1_11' title='bbox 742 845 836 895; x_wconf 90' lang='lat' dir='ltr'>martii.</span> <span class='ocrx_word' id='word_1_12' title='bbox 856 844 1004 907; x_wconf 81' lang='lat' dir='ltr'>Zagrabiae.</span> 
     </span>
    </p>
   </div>
   <div class='ocr_carea' id='block_1_4' title="bbox 384 969 1645 1155">
    <p class='ocr_par' dir='ltr' id='par_1_4' title="bbox 384 969 1645 1155">
     <span class='ocr_line' id='line_1_4' title="bbox 384 969 1645 1048; baseline 0.002 -20"><span class='ocrx_word' id='word_1_13' title='bbox 384 969 488 1028; x_wconf 84' lang='lat' dir='ltr'>Coram</span> <span class='ocrx_word' id='word_1_14' title='bbox 510 972 708 1030; x_wconf 83' lang='lat' dir='ltr'><em>communitate</em></span> <span class='ocrx_word' id='word_1_15' title='bbox 729 971 855 1029; x_wconf 76' lang='lat' dir='ltr'>cruitatis</span> <span class='ocrx_word' id='word_1_16' title='bbox 876 970 983 1044; x_wconf 76' lang='lat' dir='ltr'>Agnes,</span> <span class='ocrx_word' id='word_1_17' title='bbox 998 969 1123 1030; x_wconf 81' lang='lat' dir='ltr'>vr&#39;rluata</span> <span class='ocrx_word' id='word_1_18' title='bbox 1138 979 1227 1030; x_wconf 82' lang='lat' dir='ltr'>morte</span> <span class='ocrx_word' id='word_1_19' title='bbox 1236 972 1389 1048; x_wconf 77' lang='lat' dir='ltr'>johannis</span> <span class='ocrx_word' id='word_1_20' title='bbox 1405 972 1526 1044; x_wconf 70' lang='lat' dir='ltr'>Kuns&#39;il,</span> <span class='ocrx_word' id='word_1_21' title='bbox 1541 990 1645 1047; x_wconf 81' lang='lat' dir='ltr'>agrum</span> 
     </span>
     <span class='ocr_line' id='line_1_5' title="bbox 628 1077 1410 1155; baseline 0.003 -21"><span class='ocrx_word' id='word_1_22' title='bbox 628 1096 711 1135; x_wconf 84' lang='lat' dir='ltr'>suum</span> <span class='ocrx_word' id='word_1_23' title='bbox 733 1077 832 1148; x_wconf 72' lang='lat' dir='ltr'>Elina,</span> <span class='ocrx_word' id='word_1_24' title='bbox 854 1085 1062 1152; x_wconf 82' lang='lat' dir='ltr'>campunarum</span> <span class='ocrx_word' id='word_1_25' title='bbox 1077 1079 1189 1152; x_wconf 75' lang='lat' dir='ltr'>fictori,</span> <span class='ocrx_word' id='word_1_26' title='bbox 1205 1093 1230 1154; x_wconf 77' lang='lat'><em>3</em></span> <span class='ocrx_word' id='word_1_27' title='bbox 1245 1079 1282 1155; x_wconf 86' lang='lat' dir='ltr'>fl.</span> <span class='ocrx_word' id='word_1_28' title='bbox 1307 1078 1410 1136; x_wconf 77' lang='lat' dir='ltr'>vendit.</span> 
     </span>
    </p>
   </div>
   <div class='ocr_carea' id='block_1_5' title="bbox 353 1218 1646 5014">
    <p class='ocr_par' dir='ltr' id='par_1_5' title="bbox 353 1218 1646 5014">
     <span class='ocr_line' id='line_1_6' title="bbox 485 1218 1642 1296; baseline -0.002 -18"><span class='ocrx_word' id='word_1_29' title='bbox 485 1221 549 1278; x_wconf 91' lang='lat' dir='ltr'>Nos</span> <span class='ocrx_word' id='word_1_30' title='bbox 572 1222 756 1294; x_wconf 87' lang='lat' dir='ltr'>Anthonius,</span> <span class='ocrx_word' id='word_1_31' title='bbox 786 1221 870 1279; x_wconf 90' lang='lat' dir='ltr'>filius</span> <span class='ocrx_word' id='word_1_32' title='bbox 901 1221 1029 1291; x_wconf 90' lang='lat' dir='ltr'>Thome,</span> <span class='ocrx_word' id='word_1_33' title='bbox 1051 1218 1155 1296; x_wconf 86' lang='lat' dir='ltr'>judex,</span> <span class='ocrx_word' id='word_1_34' title='bbox 1180 1221 1309 1292; x_wconf 88' lang='lat' dir='ltr'>Blasius,</span> <span class='ocrx_word' id='word_1_35' title='bbox 1332 1221 1475 1292; x_wconf 89' lang='lat' dir='ltr'>Michael,</span> <span class='ocrx_word' id='word_1_36' title='bbox 1495 1221 1642 1292; x_wconf 80' lang='lat' dir='ltr'>Thomas,</span> 
     </span>
     <span class='ocr_line' id='line_1_7' title="bbox 377 1325 1646 1402; baseline 0.002 -19"><span class='ocrx_word' id='word_1_37' title='bbox 377 1325 530 1398; x_wconf 85' lang='lat' dir='ltr'><strong>Clemens,</strong></span> <span class='ocrx_word' id='word_1_38' title='bbox 562 1327 686 1400; x_wconf 90' lang='lat' dir='ltr'>Paulus,</span> <span class='ocrx_word' id='word_1_39' title='bbox 717 1327 871 1398; x_wconf 89' lang='lat' dir='ltr'>Clemens,</span> <span class='ocrx_word' id='word_1_40' title='bbox 904 1328 1025 1383; x_wconf 87' lang='lat' dir='ltr'>Marcus</span> <span class='ocrx_word' id='word_1_41' title='bbox 1056 1331 1086 1384; x_wconf 90' lang='lat' dir='ltr'>et</span> <span class='ocrx_word' id='word_1_42' title='bbox 1109 1326 1280 1398; x_wconf 87' lang='lat' dir='ltr'>Gregorius</span> <span class='ocrx_word' id='word_1_43' title='bbox 1300 1325 1402 1402; x_wconf 88' lang='lat' dir='ltr'>jurati,</span> <span class='ocrx_word' id='word_1_44' title='bbox 1425 1327 1595 1386; x_wconf 90' lang='lat' dir='ltr'>consiliarii</span> <span class='ocrx_word' id='word_1_45' title='bbox 1615 1335 1646 1385; x_wconf 89' lang='lat' dir='ltr'>et</span> 
     </span>
     <span class='ocr_line' id='line_1_8' title="bbox 377 1432 1646 1492; baseline 0.002 -3"><span class='ocrx_word' id='word_1_46' title='bbox 377 1433 513 1492; x_wconf 92' lang='lat' dir='ltr'>universi</span> <span class='ocrx_word' id='word_1_47' title='bbox 544 1433 627 1492; x_wconf 92' lang='lat' dir='ltr'>cives</span> <span class='ocrx_word' id='word_1_48' title='bbox 656 1434 799 1492; x_wconf 90' lang='lat' dir='ltr'>civitatis·</span> <span class='ocrx_word' id='word_1_49' title='bbox 821 1432 934 1491; x_wconf 90' lang='lat' dir='ltr'>montis</span> <span class='ocrx_word' id='word_1_50' title='bbox 957 1432 1127 1490; x_wconf 80' lang='lat' dir='ltr'>Grecensis,</span> <span class='ocrx_word' id='word_1_51' title='bbox 1152 1433 1302 1491; x_wconf 91' lang='lat' dir='ltr'>Memorie</span> <span class='ocrx_word' id='word_1_52' title='bbox 1325 1433 1580 1492; x_wconf 87' lang='lat' dir='ltr'><strong>commendamus</strong></span> <span class='ocrx_word' id='word_1_53' title='bbox 1603 1439 1646 1491; x_wconf 91' lang='lat' dir='ltr'>te·</span> 
     </span>
     <span class='ocr_line' id='line_1_9' title="bbox 376 1538 1646 1614; baseline 0.002 -18"><span class='ocrx_word' id='word_1_54' title='bbox 376 1553 452 1597; x_wconf 92' lang='lat' dir='ltr'>nore</span> <span class='ocrx_word' id='word_1_55' title='bbox 475 1541 670 1613; x_wconf 89' lang='lat' dir='ltr'>presencium</span> <span class='ocrx_word' id='word_1_56' title='bbox 701 1539 908 1613; x_wconf 90' lang='lat' dir='ltr'>significantes</span> <span class='ocrx_word' id='word_1_57' title='bbox 939 1539 1053 1612; x_wconf 91' lang='lat' dir='ltr'>quibus</span> <span class='ocrx_word' id='word_1_58' title='bbox 1080 1538 1206 1612; x_wconf 88' lang='lat' dir='ltr'>expedit</span> <span class='ocrx_word' id='word_1_59' title='bbox 1234 1539 1396 1612; x_wconf 91' lang='lat' dir='ltr'>universis,</span> <span class='ocrx_word' id='word_1_60' title='bbox 1427 1538 1511 1614; x_wconf 90' lang='lat' dir='ltr'>quod</span> <span class='ocrx_word' id='word_1_61' title='bbox 1545 1539 1646 1613; x_wconf 92' lang='lat' dir='ltr'>proha</span> 
     </span>
     <span class='ocr_line' id='line_1_10' title="bbox 377 1643 1645 1720; baseline 0.002 -18"><span class='ocrx_word' id='word_1_62' title='bbox 377 1651 407 1702; x_wconf 95' lang='lat' dir='ltr'>et</span> <span class='ocrx_word' id='word_1_63' title='bbox 429 1646 558 1704; x_wconf 88' lang='lat' dir='ltr'>honesta</span> <span class='ocrx_word' id='word_1_64' title='bbox 589 1647 704 1704; x_wconf 90' lang='lat' dir='ltr'>mulier</span> <span class='ocrx_word' id='word_1_65' title='bbox 736 1646 839 1718; x_wconf 82' lang='lat' dir='ltr'><strong>Agnes</strong></span> <span class='ocrx_word' id='word_1_66' title='bbox 872 1651 988 1714; x_wconf 89' lang='lat' dir='ltr'>vocata,</span> <span class='ocrx_word' id='word_1_67' title='bbox 1019 1645 1128 1702; x_wconf 85' lang='lat' dir='ltr'>relicta</span> <span class='ocrx_word' id='word_1_68' title='bbox 1151 1643 1283 1702; x_wconf 90' lang='lat' dir='ltr'>condam</span> <span class='ocrx_word' id='word_1_69' title='bbox 1306 1645 1367 1704; x_wconf 88' lang='lat' dir='ltr'>viri</span> <span class='ocrx_word' id='word_1_70' title='bbox 1389 1645 1516 1720; x_wconf 84' lang='lat' dir='ltr'>providi</span> <span class='ocrx_word' id='word_1_71' title='bbox 1538 1650 1569 1704; x_wconf 90' lang='lat' dir='ltr'>et</span> <span class='ocrx_word' id='word_1_72' title='bbox 1591 1647 1645 1704; x_wconf 94' lang='lat' dir='ltr'>ho·</span> 
     </span>
     <span class='ocr_line' id='line_1_11' title="bbox 375 1750 1643 1835; baseline 0.002 -27"><span class='ocrx_word' id='word_1_73' title='bbox 375 1751 454 1809; x_wconf 89' lang='lat' dir='ltr'>nesti</span> <span class='ocrx_word' id='word_1_74' title='bbox 483 1752 632 1835; x_wconf 85' lang='lat' dir='ltr'>Johannis</span> <span class='ocrx_word' id='word_1_75' title='bbox 663 1752 816 1824; x_wconf 83' lang='lat' dir='ltr'>Kwnsyth</span> <span class='ocrx_word' id='word_1_76' title='bbox 839 1751 921 1822; x_wconf 89' lang='lat' dir='ltr'>dicti,</span> <span class='ocrx_word' id='word_1_77' title='bbox 944 1751 1011 1809; x_wconf 89' lang='lat' dir='ltr'>filia</span> <span class='ocrx_word' id='word_1_78' title='bbox 1034 1750 1180 1809; x_wconf 90' lang='lat' dir='ltr'>videlicet</span> <span class='ocrx_word' id='word_1_79' title='bbox 1203 1751 1334 1810; x_wconf 90' lang='lat' dir='ltr'>condam</span> <span class='ocrx_word' id='word_1_80' title='bbox 1358 1752 1474 1810; x_wconf 91' lang='lat' dir='ltr'>Mathie</span> <span class='ocrx_word' id='word_1_81' title='bbox 1504 1751 1543 1811; x_wconf 90' lang='lat' dir='ltr'>de</span> <span class='ocrx_word' id='word_1_82' title='bbox 1566 1752 1643 1810; x_wconf 88' lang='lat' dir='ltr'>Kra-</span> 
     </span>
     <span class='ocr_line' id='line_1_12' title="bbox 375 1856 1642 1932; baseline 0.002 -19"><span class='ocrx_word' id='word_1_83' title='bbox 375 1856 481 1928; x_wconf 86' lang='lat' dir='ltr'>lewca,</span> <span class='ocrx_word' id='word_1_84' title='bbox 499 1857 576 1915; x_wconf 93' lang='lat' dir='ltr'>olim</span> <span class='ocrx_word' id='word_1_85' title='bbox 601 1859 736 1916; x_wconf 84' lang='lat' dir='ltr'>concivis</span> <span class='ocrx_word' id='word_1_86' title='bbox 757 1859 864 1930; x_wconf 86' lang='lat' dir='ltr'>nostri,</span> <span class='ocrx_word' id='word_1_87' title='bbox 886 1856 946 1916; x_wconf 91' lang='lat' dir='ltr'>filli</span> <span class='ocrx_word' id='word_1_88' title='bbox 970 1857 1071 1928; x_wconf 86' lang='lat' dir='ltr'>Blasii,</span> <span class='ocrx_word' id='word_1_89' title='bbox 1088 1856 1127 1914; x_wconf 90' lang='lat' dir='ltr'>ad</span> <span class='ocrx_word' id='word_1_90' title='bbox 1143 1861 1282 1915; x_wconf 92' lang='lat' dir='ltr'>nostram</span> <span class='ocrx_word' id='word_1_91' title='bbox 1298 1859 1502 1932; x_wconf 87' lang='lat' dir='ltr'>personaliter</span> <span class='ocrx_word' id='word_1_92' title='bbox 1518 1859 1642 1916; x_wconf 86' lang='lat' dir='ltr'>veniens</span> 
     </span>
     <span class='ocr_line' id='line_1_13' title="bbox 377 1963 1642 2038; baseline 0.002 -19"><span class='ocrx_word' id='word_1_93' title='bbox 377 1963 577 2036; x_wconf 87' lang='lat' dir='ltr'>presenciam,</span> <span class='ocrx_word' id='word_1_94' title='bbox 608 1964 746 2022; x_wconf 83' lang='lat' dir='ltr'>consessa</span> <span class='ocrx_word' id='word_1_95' title='bbox 777 1969 824 2022; x_wconf 91' lang='lat' dir='ltr'>est</span> <span class='ocrx_word' id='word_1_96' title='bbox 854 1965 885 2022; x_wconf 92' lang='lat' dir='ltr'>in</span> <span class='ocrx_word' id='word_1_97' title='bbox 915 1964 998 2022; x_wconf 91' lang='lat' dir='ltr'>huno</span> <span class='ocrx_word' id='word_1_98' title='bbox 1028 1963 1166 2034; x_wconf 91' lang='lat' dir='ltr'>modum,</span> <span class='ocrx_word' id='word_1_99' title='bbox 1199 1969 1232 2021; x_wconf 91' lang='lat' dir='ltr'>ut</span> <span class='ocrx_word' id='word_1_100' title='bbox 1255 1964 1323 2038; x_wconf 91' lang='lat' dir='ltr'>ipsa</span> <span class='ocrx_word' id='word_1_101' title='bbox 1346 1963 1503 2037; x_wconf 90' lang='lat' dir='ltr'>quandam</span> <span class='ocrx_word' id='word_1_102' title='bbox 1527 1973 1642 2021; x_wconf 86' lang='lat' dir='ltr'>terram</span> 
     </span>
     <span class='ocr_line' id='line_1_14' title="bbox 374 2068 1642 2144; baseline 0.001 -19"><span class='ocrx_word' id='word_1_103' title='bbox 374 2083 464 2126; x_wconf 92' lang='lat' dir='ltr'>suam</span> <span class='ocrx_word' id='word_1_104' title='bbox 487 2071 639 2129; x_wconf 88' lang='lat' dir='ltr'>arabilem</span> <span class='ocrx_word' id='word_1_105' title='bbox 662 2071 693 2128; x_wconf 93' lang='lat' dir='ltr'>in</span> <span class='ocrx_word' id='word_1_106' title='bbox 716 2084 828 2144; x_wconf 91' lang='lat' dir='ltr'>campo</span> <span class='ocrx_word' id='word_1_107' title='bbox 850 2077 955 2128; x_wconf 91' lang='lat' dir='ltr'>nostro</span> <span class='ocrx_word' id='word_1_108' title='bbox 986 2085 1040 2128; x_wconf 90' lang='lat' dir='ltr'>seu</span> <span class='ocrx_word' id='word_1_109' title='bbox 1070 2069 1203 2128; x_wconf 89' lang='lat' dir='ltr'>civitatis</span> <span class='ocrx_word' id='word_1_110' title='bbox 1233 2068 1353 2142; x_wconf 85' lang='lat' dir='ltr'>prefate</span> <span class='ocrx_word' id='word_1_111' title='bbox 1375 2070 1455 2128; x_wconf 91' lang='lat' dir='ltr'>inter</span> <span class='ocrx_word' id='word_1_112' title='bbox 1478 2075 1576 2128; x_wconf 89' lang='lat' dir='ltr'>terras</span> <span class='ocrx_word' id='word_1_113' title='bbox 1599 2069 1642 2127; x_wconf 91' lang='lat' dir='ltr'>si-</span> 
     </span>
     <span class='ocr_line' id='line_1_15' title="bbox 377 2175 1643 2251; baseline 0.002 -20"><span class='ocrx_word' id='word_1_114' title='bbox 377 2175 494 2233; x_wconf 89' lang='lat' dir='ltr'>militer</span> <span class='ocrx_word' id='word_1_115' title='bbox 521 2177 658 2235; x_wconf 89' lang='lat' dir='ltr'>arabiles</span> <span class='ocrx_word' id='word_1_116' title='bbox 680 2177 741 2234; x_wconf 93' lang='lat' dir='ltr'>viri</span> <span class='ocrx_word' id='word_1_117' title='bbox 761 2176 887 2251; x_wconf 88' lang='lat' dir='ltr'>providi</span> <span class='ocrx_word' id='word_1_118' title='bbox 910 2183 940 2234; x_wconf 92' lang='lat' dir='ltr'>et</span> <span class='ocrx_word' id='word_1_119' title='bbox 961 2177 1083 2234; x_wconf 80' lang='lat' dir='ltr'>honesti</span> <span class='ocrx_word' id='word_1_120' title='bbox 1104 2175 1181 2248; x_wconf 90' lang='lat' dir='ltr'>Elye</span> <span class='ocrx_word' id='word_1_121' title='bbox 1211 2190 1434 2250; x_wconf 85' lang='lat' dir='ltr'>campanarum</span> <span class='ocrx_word' id='word_1_122' title='bbox 1457 2175 1579 2247; x_wconf 83' lang='lat' dir='ltr'>fusoris,</span> <span class='ocrx_word' id='word_1_123' title='bbox 1602 2175 1643 2233; x_wconf 89' lang='lat' dir='ltr'>si·</span> 
     </span>
     <span class='ocr_line' id='line_1_16' title="bbox 375 2280 1642 2354; baseline 0 -16"><span class='ocrx_word' id='word_1_124' title='bbox 375 2282 493 2340; x_wconf 89' lang='lat' dir='ltr'>militer</span> <span class='ocrx_word' id='word_1_125' title='bbox 524 2283 661 2342; x_wconf 86' lang='lat' dir='ltr'>concivis</span> <span class='ocrx_word' id='word_1_126' title='bbox 691 2283 797 2354; x_wconf 91' lang='lat' dir='ltr'>nostri,</span> <span class='ocrx_word' id='word_1_127' title='bbox 829 2282 887 2340; x_wconf 91' lang='lat' dir='ltr'>filii</span> <span class='ocrx_word' id='word_1_128' title='bbox 920 2281 1065 2340; x_wconf 89' lang='lat' dir='ltr'>videlicet</span> <span class='ocrx_word' id='word_1_129' title='bbox 1096 2280 1251 2340; x_wconf 87' lang='lat' dir='ltr'>Benedicti</span> <span class='ocrx_word' id='word_1_130' title='bbox 1284 2281 1322 2340; x_wconf 90' lang='lat' dir='ltr'>de</span> <span class='ocrx_word' id='word_1_131' title='bbox 1353 2282 1477 2354; x_wconf 89' lang='lat' dir='ltr'>Posega,</span> <span class='ocrx_word' id='word_1_132' title='bbox 1508 2287 1539 2340; x_wconf 90' lang='lat' dir='ltr'>et</span> <span class='ocrx_word' id='word_1_133' title='bbox 1561 2281 1642 2339; x_wconf 90' lang='lat' dir='ltr'>inter</span> 
     </span>
     <span class='ocr_line' id='line_1_17' title="bbox 375 2388 1642 2447; baseline 0.002 -3"><span class='ocrx_word' id='word_1_134' title='bbox 375 2393 472 2445; x_wconf 87' lang='lat' dir='ltr'>terras</span> <span class='ocrx_word' id='word_1_135' title='bbox 495 2396 599 2447; x_wconf 90' lang='lat' dir='ltr'>nostre</span> <span class='ocrx_word' id='word_1_136' title='bbox 622 2389 852 2447; x_wconf 87' lang='lat' dir='ltr'>communitatis</span> <span class='ocrx_word' id='word_1_137' title='bbox 875 2405 911 2445; x_wconf 89' lang='lat' dir='ltr'>ac</span> <span class='ocrx_word' id='word_1_138' title='bbox 933 2404 1021 2446; x_wconf 90' lang='lat' dir='ltr'>secus</span> <span class='ocrx_word' id='word_1_139' title='bbox 1044 2389 1128 2446; x_wconf 88' lang='lat' dir='ltr'>viam</span> <span class='ocrx_word' id='word_1_140' title='bbox 1145 2403 1344 2446; x_wconf 90' lang='lat' dir='ltr'>communem</span> <span class='ocrx_word' id='word_1_141' title='bbox 1363 2388 1504 2446; x_wconf 86' lang='lat' dir='ltr'>habitam</span> <span class='ocrx_word' id='word_1_142' title='bbox 1526 2392 1556 2446; x_wconf 92' lang='lat' dir='ltr'>et</span> <span class='ocrx_word' id='word_1_143' title='bbox 1579 2388 1642 2446; x_wconf 86' lang='lat' dir='ltr'>exi·</span> 
     </span>
     <span class='ocr_line' id='line_1_18' title="bbox 374 2493 1640 2578; baseline 0.001 -28"><span class='ocrx_word' id='word_1_144' title='bbox 374 2499 514 2564; x_wconf 89' lang='lat' dir='ltr'>stentem,</span> <span class='ocrx_word' id='word_1_145' title='bbox 538 2495 675 2569; x_wconf 91' lang='lat' dir='ltr'>quinque</span> <span class='ocrx_word' id='word_1_146' title='bbox 703 2495 755 2552; x_wconf 93' lang='lat' dir='ltr'>vel</span> <span class='ocrx_word' id='word_1_147' title='bbox 779 2495 864 2567; x_wconf 89' lang='lat' dir='ltr'>citra,</span> <span class='ocrx_word' id='word_1_148' title='bbox 888 2500 922 2552; x_wconf 92' lang='lat' dir='ltr'>ut</span> <span class='ocrx_word' id='word_1_149' title='bbox 945 2493 1066 2578; x_wconf 89' lang='lat' dir='ltr'>dicitur,</span> <span class='ocrx_word' id='word_1_150' title='bbox 1090 2493 1187 2552; x_wconf 88' lang='lat' dir='ltr'>dietas</span> <span class='ocrx_word' id='word_1_151' title='bbox 1210 2500 1291 2552; x_wconf 91' lang='lat' dir='ltr'>terre</span> <span class='ocrx_word' id='word_1_152' title='bbox 1313 2494 1345 2552; x_wconf 91' lang='lat' dir='ltr'>in</span> <span class='ocrx_word' id='word_1_153' title='bbox 1369 2510 1401 2550; x_wconf 91' lang='lat' dir='ltr'>se</span> <span class='ocrx_word' id='word_1_154' title='bbox 1424 2495 1640 2564; x_wconf 90' lang='lat' dir='ltr'>continentem,</span> 
     </span>
     <span class='ocr_line' id='line_1_19' title="bbox 376 2599 1641 2674; baseline 0.002 -18"><span class='ocrx_word' id='word_1_155' title='bbox 376 2599 475 2673; x_wconf 89' lang='lat' dir='ltr'>ipsam</span> <span class='ocrx_word' id='word_1_156' title='bbox 499 2601 615 2659; x_wconf 90' lang='lat' dir='ltr'>scilicet</span> <span class='ocrx_word' id='word_1_157' title='bbox 638 2602 812 2674; x_wconf 86' lang='lat' dir='ltr'>Agnethem</span> <span class='ocrx_word' id='word_1_158' title='bbox 844 2601 1008 2658; x_wconf 90' lang='lat' dir='ltr'>mulierem</span> <span class='ocrx_word' id='word_1_159' title='bbox 1039 2615 1057 2657; x_wconf 90' lang='lat' dir='ltr'>a</span> <span class='ocrx_word' id='word_1_160' title='bbox 1088 2599 1209 2674; x_wconf 85' lang='lat' dir='ltr'>prefato</span> <span class='ocrx_word' id='word_1_161' title='bbox 1240 2599 1372 2658; x_wconf 89' lang='lat' dir='ltr'>condam</span> <span class='ocrx_word' id='word_1_162' title='bbox 1406 2600 1520 2658; x_wconf 87' lang='lat' dir='ltr'>Mathia</span> <span class='ocrx_word' id='word_1_163' title='bbox 1552 2603 1641 2673; x_wconf 89' lang='lat' dir='ltr'>patre</span> 
     </span>
     <span class='ocr_line' id='line_1_20' title="bbox 353 2706 1641 2781; baseline 0.002 -19"><span class='ocrx_word' id='word_1_164' title='bbox 353 2706 512 2764; x_wconf 87' lang='lat' dir='ltr'>eiusdem</span> <span class='ocrx_word' id='word_1_165' title='bbox 544 2713 706 2781; x_wconf 90' lang='lat' dir='ltr'>tamquam</span> <span class='ocrx_word' id='word_1_166' title='bbox 736 2708 883 2766; x_wconf 89' lang='lat' dir='ltr'>heredem</span> <span class='ocrx_word' id='word_1_167' title='bbox 916 2712 945 2764; x_wconf 94' lang='lat' dir='ltr'>et</span> <span class='ocrx_word' id='word_1_168' title='bbox 976 2707 1174 2780; x_wconf 89' lang='lat' dir='ltr'>superstitem</span> <span class='ocrx_word' id='word_1_169' title='bbox 1198 2707 1295 2780; x_wconf 92' lang='lat' dir='ltr'>ipsius</span> <span class='ocrx_word' id='word_1_170' title='bbox 1318 2707 1449 2765; x_wconf 90' lang='lat' dir='ltr'>condam</span> <span class='ocrx_word' id='word_1_171' title='bbox 1473 2707 1587 2764; x_wconf 84' lang='lat' dir='ltr'>Mathis</span> <span class='ocrx_word' id='word_1_172' title='bbox 1610 2711 1641 2764; x_wconf 94' lang='lat' dir='ltr'>et</span> 
     </span>
     <span class='ocr_line' id='line_1_21' title="bbox 375 2812 1640 2886; baseline 0.002 -18"><span class='ocrx_word' id='word_1_173' title='bbox 375 2813 471 2869; x_wconf 89' lang='lat' dir='ltr'>eciam</span> <span class='ocrx_word' id='word_1_174' title='bbox 503 2813 685 2870; x_wconf 88' lang='lat' dir='ltr'>litteratorie</span> <span class='ocrx_word' id='word_1_175' title='bbox 716 2820 958 2884; x_wconf 91' lang='lat' dir='ltr'>concernentem,</span> <span class='ocrx_word' id='word_1_176' title='bbox 991 2817 1085 2886; x_wconf 90' lang='lat' dir='ltr'>prout</span> <span class='ocrx_word' id='word_1_177' title='bbox 1115 2812 1228 2870; x_wconf 92' lang='lat' dir='ltr'>hocin</span> <span class='ocrx_word' id='word_1_178' title='bbox 1251 2812 1385 2885; x_wconf 88' lang='lat' dir='ltr'>quadarn</span> <span class='ocrx_word' id='word_1_179' title='bbox 1411 2813 1513 2870; x_wconf 91' lang='lat' dir='ltr'>littera</span> <span class='ocrx_word' id='word_1_180' title='bbox 1535 2817 1640 2870; x_wconf 90' lang='lat' dir='ltr'>nostra</span> 
     </span>
     <span class='ocr_line' id='line_1_22' title="bbox 374 2915 1639 2993; baseline 0.001 -18"><span class='ocrx_word' id='word_1_181' title='bbox 374 2933 426 2975; x_wconf 88' lang='lat' dir='ltr'>seu</span> <span class='ocrx_word' id='word_1_182' title='bbox 458 2918 590 2976; x_wconf 90' lang='lat' dir='ltr'>civitatis</span> <span class='ocrx_word' id='word_1_183' title='bbox 622 2918 741 2992; x_wconf 81' lang='lat' dir='ltr'>prefate</span> <span class='ocrx_word' id='word_1_184' title='bbox 765 2919 953 2992; x_wconf 88' lang='lat' dir='ltr'>privilegiali</span> <span class='ocrx_word' id='word_1_185' title='bbox 977 2934 1013 2976; x_wconf 90' lang='lat' dir='ltr'>ac</span> <span class='ocrx_word' id='word_1_186' title='bbox 1036 2919 1208 2990; x_wconf 90' lang='lat' dir='ltr'>statutoria,</span> <span class='ocrx_word' id='word_1_187' title='bbox 1233 2922 1373 2991; x_wconf 89' lang='lat' dir='ltr'>tempore</span> <span class='ocrx_word' id='word_1_188' title='bbox 1395 2918 1540 2976; x_wconf 90' lang='lat' dir='ltr'>videlicet</span> <span class='ocrx_word' id='word_1_189' title='bbox 1559 2915 1639 2993; x_wconf 88' lang='lat' dir='ltr'>judi·</span> 
     </span>
     <span class='ocr_line' id='line_1_23' title="bbox 374 3023 1640 3100; baseline 0 -19"><span class='ocrx_word' id='word_1_190' title='bbox 374 3037 459 3082; x_wconf 88' lang='lat' dir='ltr'>catus</span> <span class='ocrx_word' id='word_1_191' title='bbox 484 3025 543 3082; x_wconf 90' lang='lat' dir='ltr'>viri</span> <span class='ocrx_word' id='word_1_192' title='bbox 573 3024 705 3082; x_wconf 91' lang='lat' dir='ltr'>condam</span> <span class='ocrx_word' id='word_1_193' title='bbox 736 3025 861 3099; x_wconf 90' lang='lat' dir='ltr'>providi</span> <span class='ocrx_word' id='word_1_194' title='bbox 893 3031 923 3082; x_wconf 91' lang='lat' dir='ltr'>et</span> <span class='ocrx_word' id='word_1_195' title='bbox 953 3025 1074 3082; x_wconf 90' lang='lat' dir='ltr'>honesti</span> <span class='ocrx_word' id='word_1_196' title='bbox 1105 3024 1187 3081; x_wconf 89' lang='lat' dir='ltr'>Petri</span> <span class='ocrx_word' id='word_1_197' title='bbox 1217 3025 1295 3082; x_wconf 91' lang='lat' dir='ltr'>olim</span> <span class='ocrx_word' id='word_1_198' title='bbox 1326 3025 1454 3083; x_wconf 93' lang='lat' dir='ltr'>senioris</span> <span class='ocrx_word' id='word_1_199' title='bbox 1476 3023 1587 3100; x_wconf 88' lang='lat' dir='ltr'>judicis</span> <span class='ocrx_word' id='word_1_200' title='bbox 1609 3029 1640 3081; x_wconf 89' lang='lat' dir='ltr'>et</span> 
     </span>
     <span class='ocr_line' id='line_1_24' title="bbox 374 3129 1636 3208; baseline 0.002 -22"><span class='ocrx_word' id='word_1_201' title='bbox 374 3130 509 3187; x_wconf 91' lang='lat' dir='ltr'>concivis</span> <span class='ocrx_word' id='word_1_202' title='bbox 538 3131 644 3202; x_wconf 87' lang='lat' dir='ltr'>nostri,</span> <span class='ocrx_word' id='word_1_203' title='bbox 676 3130 733 3188; x_wconf 92' lang='lat' dir='ltr'>filii</span> <span class='ocrx_word' id='word_1_204' title='bbox 765 3130 910 3208; x_wconf 85' lang='lat' dir='ltr'>videlicet</span> <span class='ocrx_word' id='word_1_205' title='bbox 940 3131 1039 3202; x_wconf 89' lang='lat' dir='ltr'>Pauli,</span> <span class='ocrx_word' id='word_1_206' title='bbox 1064 3129 1102 3188; x_wconf 92' lang='lat' dir='ltr'>de</span> <span class='ocrx_word' id='word_1_207' title='bbox 1126 3145 1205 3188; x_wconf 90' lang='lat' dir='ltr'>anno</span> <span class='ocrx_word' id='word_1_208' title='bbox 1229 3130 1348 3188; x_wconf 89' lang='lat' dir='ltr'>domini</span> <span class='ocrx_word' id='word_1_209' title='bbox 1370 3131 1540 3188; x_wconf 88' lang='lat' dir='ltr'>millesimo</span> <span class='ocrx_word' id='word_1_210' title='bbox 1563 3145 1636 3203; x_wconf 92' lang='lat' dir='ltr'>qua·</span> 
     </span>
     <span class='ocr_line' id='line_1_25' title="bbox 373 3233 1640 3310; baseline 0.002 -17"><span class='ocrx_word' id='word_1_211' title='bbox 373 3233 614 3310; x_wconf 87' lang='lat' dir='ltr'>dringentesimo</span> <span class='ocrx_word' id='word_1_212' title='bbox 638 3237 794 3295; x_wconf 89' lang='lat' dir='ltr'>tricesimo</span> <span class='ocrx_word' id='word_1_213' title='bbox 817 3236 952 3296; x_wconf 89' lang='lat' dir='ltr'>secundo</span> <span class='ocrx_word' id='word_1_214' title='bbox 975 3237 1007 3296; x_wconf 89' lang='lat' dir='ltr'>in</span> <span class='ocrx_word' id='word_1_215' title='bbox 1030 3235 1108 3295; x_wconf 82' lang='lat' dir='ltr'>festo</span> <span class='ocrx_word' id='word_1_216' title='bbox 1138 3237 1221 3294; x_wconf 89' lang='lat' dir='ltr'>beati</span> <span class='ocrx_word' id='word_1_217' title='bbox 1252 3236 1381 3310; x_wconf 86' lang='lat' dir='ltr'>Georgii</span> <span class='ocrx_word' id='word_1_218' title='bbox 1410 3237 1553 3307; x_wconf 89' lang='lat' dir='ltr'>martiris,</span> <span class='ocrx_word' id='word_1_219' title='bbox 1583 3237 1640 3295; x_wconf 87' lang='lat' dir='ltr'>ali-</span> 
     </span>
     <span class='ocr_line' id='line_1_26' title="bbox 373 3341 1637 3418; baseline 0 -18"><span class='ocrx_word' id='word_1_220' title='bbox 373 3342 523 3416; x_wconf 90' lang='lat' dir='ltr'>quamdiu</span> <span class='ocrx_word' id='word_1_221' title='bbox 553 3343 724 3417; x_wconf 85' lang='lat' dir='ltr'>preteritis,</span> <span class='ocrx_word' id='word_1_222' title='bbox 757 3359 814 3418; x_wconf 90' lang='lat' dir='ltr'>pro</span> <span class='ocrx_word' id='word_1_223' title='bbox 849 3348 937 3417; x_wconf 92' lang='lat' dir='ltr'>parte</span> <span class='ocrx_word' id='word_1_224' title='bbox 971 3342 1110 3402; x_wconf 89' lang='lat' dir='ltr'>eiusdem</span> <span class='ocrx_word' id='word_1_225' title='bbox 1144 3344 1269 3416; x_wconf 87' lang='lat' dir='ltr'>Agnetis</span> <span class='ocrx_word' id='word_1_226' title='bbox 1296 3343 1437 3402; x_wconf 89' lang='lat' dir='ltr'>mulieris</span> <span class='ocrx_word' id='word_1_227' title='bbox 1471 3341 1637 3417; x_wconf 88' lang='lat' dir='ltr'>superinde</span> 
     </span>
     <span class='ocr_line' id='line_1_27' title="bbox 372 3447 1637 3521; baseline 0.001 -16"><span class='ocrx_word' id='word_1_228' title='bbox 372 3447 509 3507; x_wconf 84' lang='lat' dir='ltr'>conlecta</span> <span class='ocrx_word' id='word_1_229' title='bbox 533 3453 563 3506; x_wconf 91' lang='lat' dir='ltr'>et</span> <span class='ocrx_word' id='word_1_230' title='bbox 585 3455 726 3507; x_wconf 89' lang='lat' dir='ltr'>emanata</span> <span class='ocrx_word' id='word_1_231' title='bbox 748 3465 784 3507; x_wconf 94' lang='lat' dir='ltr'>ac</span> <span class='ocrx_word' id='word_1_232' title='bbox 806 3465 913 3508; x_wconf 87' lang='lat' dir='ltr'>coram</span> <span class='ocrx_word' id='word_1_233' title='bbox 935 3449 1026 3507; x_wconf 92' lang='lat' dir='ltr'>nobis</span> <span class='ocrx_word' id='word_1_234' title='bbox 1048 3450 1079 3506; x_wconf 93' lang='lat' dir='ltr'>in</span> <span class='ocrx_word' id='word_1_235' title='bbox 1103 3450 1206 3521; x_wconf 89' lang='lat' dir='ltr'>specle</span> <span class='ocrx_word' id='word_1_236' title='bbox 1228 3449 1366 3507; x_wconf 85' lang='lat' dir='ltr'>exhibita</span> <span class='ocrx_word' id='word_1_237' title='bbox 1382 3455 1412 3506; x_wconf 92' lang='lat' dir='ltr'>et</span> <span class='ocrx_word' id='word_1_238' title='bbox 1427 3448 1637 3508; x_wconf 90' lang='lat' dir='ltr'>demonstrata</span> 
     </span>
     <span class='ocr_line' id='line_1_28' title="bbox 371 3553 1638 3628; baseline 0.002 -17"><span class='ocrx_word' id='word_1_239' title='bbox 371 3553 434 3612; x_wconf 84' lang='lat' dir='ltr'>lide</span> <span class='ocrx_word' id='word_1_240' title='bbox 457 3555 606 3614; x_wconf 89' lang='lat' dir='ltr'>contineri</span> <span class='ocrx_word' id='word_1_241' title='bbox 629 3555 765 3614; x_wconf 90' lang='lat' dir='ltr'>vidimus</span> <span class='ocrx_word' id='word_1_242' title='bbox 787 3557 919 3628; x_wconf 90' lang='lat' dir='ltr'>oculata,</span> <span class='ocrx_word' id='word_1_243' title='bbox 943 3556 1111 3614; x_wconf 90' lang='lat' dir='ltr'>simulcum</span> <span class='ocrx_word' id='word_1_244' title='bbox 1135 3557 1281 3613; x_wconf 90' lang='lat' dir='ltr'>omnibus</span> <span class='ocrx_word' id='word_1_245' title='bbox 1304 3555 1442 3614; x_wconf 89' lang='lat' dir='ltr'>eiusdem</span> <span class='ocrx_word' id='word_1_246' title='bbox 1465 3562 1547 3614; x_wconf 91' lang='lat' dir='ltr'>terre</span> <span class='ocrx_word' id='word_1_247' title='bbox 1570 3571 1638 3614; x_wconf 92' lang='lat' dir='ltr'>ara·</span> 
     </span>
     <span class='ocr_line' id='line_1_29' title="bbox 371 3660 1638 3752; baseline 0.002 -35"><span class='ocrx_word' id='word_1_248' title='bbox 371 3661 445 3718; x_wconf 90' lang='lat' dir='ltr'>bilis</span> <span class='ocrx_word' id='word_1_249' title='bbox 467 3663 604 3735; x_wconf 92' lang='lat' dir='ltr'>quinque</span> <span class='ocrx_word' id='word_1_250' title='bbox 628 3662 679 3720; x_wconf 95' lang='lat' dir='ltr'>vel</span> <span class='ocrx_word' id='word_1_251' title='bbox 702 3663 778 3720; x_wconf 89' lang='lat' dir='ltr'>citra</span> <span class='ocrx_word' id='word_1_252' title='bbox 801 3662 898 3720; x_wconf 90' lang='lat' dir='ltr'>dietas</span> <span class='ocrx_word' id='word_1_253' title='bbox 928 3662 960 3720; x_wconf 93' lang='lat' dir='ltr'>in</span> <span class='ocrx_word' id='word_1_254' title='bbox 994 3677 1027 3720; x_wconf 89' lang='lat' dir='ltr'>se</span> <span class='ocrx_word' id='word_1_255' title='bbox 1057 3662 1239 3720; x_wconf 89' lang='lat' dir='ltr'>continentis</span> <span class='ocrx_word' id='word_1_256' title='bbox 1277 3661 1470 3734; x_wconf 84' lang='lat' dir='ltr'>utilitatibus,</span> <span class='ocrx_word' id='word_1_257' title='bbox 1508 3660 1638 3752; x_wconf 57' lang='lat' dir='ltr'>juribus,</span> 
     </span>
     <span class='ocr_line' id='line_1_30' title="bbox 370 3767 1636 3842; baseline 0.004 -19"><span class='ocrx_word' id='word_1_258' title='bbox 370 3767 486 3839; x_wconf 88' lang='lat' dir='ltr'>usibus,</span> <span class='ocrx_word' id='word_1_259' title='bbox 511 3769 746 3841; x_wconf 84' lang='lat' dir='ltr'>integritatibus,</span> <span class='ocrx_word' id='word_1_260' title='bbox 771 3767 1036 3830; x_wconf 87' lang='lat' dir='ltr'>fructuositatibus</span> <span class='ocrx_word' id='word_1_261' title='bbox 1058 3773 1089 3826; x_wconf 88' lang='lat' dir='ltr'>et</span> <span class='ocrx_word' id='word_1_262' title='bbox 1111 3769 1307 3841; x_wconf 82' lang='lat' dir='ltr'>pertinenciis</span> <span class='ocrx_word' id='word_1_263' title='bbox 1330 3768 1491 3840; x_wconf 89' lang='lat' dir='ltr'>universis,</span> <span class='ocrx_word' id='word_1_264' title='bbox 1514 3769 1636 3842; x_wconf 85' lang='lat' dir='ltr'>prelato</span> 
     </span>
     <span class='ocr_line' id='line_1_31' title="bbox 371 3871 1639 3950; baseline 0.003 -20"><span class='ocrx_word' id='word_1_265' title='bbox 371 3871 456 3946; x_wconf 86' lang='lat' dir='ltr'>Elye,</span> <span class='ocrx_word' id='word_1_266' title='bbox 481 3873 578 3932; x_wconf 85' lang='lat' dir='ltr'>lusori</span> <span class='ocrx_word' id='word_1_267' title='bbox 601 3890 833 3948; x_wconf 90' lang='lat' dir='ltr'>campanarum,</span> <span class='ocrx_word' id='word_1_268' title='bbox 858 3880 964 3932; x_wconf 91' lang='lat' dir='ltr'>nostro</span> <span class='ocrx_word' id='word_1_269' title='bbox 988 3874 1134 3932; x_wconf 90' lang='lat' dir='ltr'>videlicet</span> <span class='ocrx_word' id='word_1_270' title='bbox 1157 3874 1285 3944; x_wconf 91' lang='lat' dir='ltr'>concivi,</span> <span class='ocrx_word' id='word_1_271' title='bbox 1309 3889 1345 3931; x_wconf 93' lang='lat' dir='ltr'>ac</span> <span class='ocrx_word' id='word_1_272' title='bbox 1368 3889 1424 3947; x_wconf 91' lang='lat' dir='ltr'>per</span> <span class='ocrx_word' id='word_1_273' title='bbox 1446 3890 1518 3932; x_wconf 91' lang='lat' dir='ltr'>eurn</span> <span class='ocrx_word' id='word_1_274' title='bbox 1541 3876 1639 3950; x_wconf 90' lang='lat' dir='ltr'>ipsius</span> 
     </span>
     <span class='ocr_line' id='line_1_32' title="bbox 371 3959 1639 4055; baseline 0.001 -17"><span class='ocrx_word' id='word_1_275' title='bbox 371 3959 546 4053; x_wconf 89' lang='lat' dir='ltr'>heredibus,</span> <span class='ocrx_word' id='word_1_276' title='bbox 570 3995 628 4054; x_wconf 93' lang='lat' dir='ltr'>pro</span> <span class='ocrx_word' id='word_1_277' title='bbox 652 3982 752 4039; x_wconf 92' lang='lat' dir='ltr'>tribus</span> <span class='ocrx_word' id='word_1_278' title='bbox 774 3980 897 4038; x_wconf 87' lang='lat' dir='ltr'>llorenis</span> <span class='ocrx_word' id='word_1_279' title='bbox 921 3981 996 4049; x_wconf 87' lang='lat' dir='ltr'>auri,</span> <span class='ocrx_word' id='word_1_280' title='bbox 1021 3996 1077 4053; x_wconf 92' lang='lat' dir='ltr'>per</span> <span class='ocrx_word' id='word_1_281' title='bbox 1093 3980 1226 4037; x_wconf 89' lang='lat' dir='ltr'>eundern</span> <span class='ocrx_word' id='word_1_282' title='bbox 1241 3980 1350 4052; x_wconf 87' lang='lat' dir='ltr'>Elyam</span> <span class='ocrx_word' id='word_1_283' title='bbox 1368 3987 1510 4039; x_wconf 89' lang='lat' dir='ltr'>annotate</span> <span class='ocrx_word' id='word_1_284' title='bbox 1527 3982 1639 4055; x_wconf 82' lang='lat' dir='ltr'>Agneti</span> 
     </span>
     <span class='ocr_line' id='line_1_33' title="bbox 371 4087 1638 4162; baseline 0.001 -18"><span class='ocrx_word' id='word_1_285' title='bbox 371 4088 504 4158; x_wconf 89' lang='lat' dir='ltr'>mulieri,</span> <span class='ocrx_word' id='word_1_286' title='bbox 528 4093 624 4162; x_wconf 89' lang='lat' dir='ltr'>prout</span> <span class='ocrx_word' id='word_1_287' title='bbox 638 4088 770 4160; x_wconf 89' lang='lat' dir='ltr'>ipsamet</span> <span class='ocrx_word' id='word_1_288' title='bbox 794 4088 885 4144; x_wconf 90' lang='lat' dir='ltr'>nobis</span> <span class='ocrx_word' id='word_1_289' title='bbox 908 4087 1025 4159; x_wconf 78' lang='lat' dir='ltr'>retulit,</span> <span class='ocrx_word' id='word_1_290' title='bbox 1045 4087 1107 4144; x_wconf 89' lang='lat' dir='ltr'>i&#39;am</span> <span class='ocrx_word' id='word_1_291' title='bbox 1125 4087 1217 4160; x_wconf 92' lang='lat' dir='ltr'>plene</span> <span class='ocrx_word' id='word_1_292' title='bbox 1233 4087 1312 4144; x_wconf 91' lang='lat' dir='ltr'>datis</span> <span class='ocrx_word' id='word_1_293' title='bbox 1328 4092 1357 4144; x_wconf 90' lang='lat' dir='ltr'>et</span> <span class='ocrx_word' id='word_1_294' title='bbox 1375 4087 1548 4160; x_wconf 90' lang='lat' dir='ltr'>persolutis,</span> <span class='ocrx_word' id='word_1_295' title='bbox 1564 4103 1638 4145; x_wconf 93' lang='lat' dir='ltr'>ven·</span> 
     </span>
     <span class='ocr_line' id='line_1_34' title="bbox 371 4192 1638 4265; baseline 0.002 -14"><span class='ocrx_word' id='word_1_296' title='bbox 371 4193 500 4252; x_wconf 88' lang='lat' dir='ltr'>didisset</span> <span class='ocrx_word' id='word_1_297' title='bbox 523 4201 554 4252; x_wconf 93' lang='lat' dir='ltr'>et</span> <span class='ocrx_word' id='word_1_298' title='bbox 576 4194 764 4265; x_wconf 89' lang='lat' dir='ltr'>contulisset,</span> <span class='ocrx_word' id='word_1_299' title='bbox 788 4194 886 4250; x_wconf 92' lang='lat' dir='ltr'>immo</span> <span class='ocrx_word' id='word_1_300' title='bbox 909 4209 948 4250; x_wconf 87' lang='lat' dir='ltr'>ex</span> <span class='ocrx_word' id='word_1_301' title='bbox 969 4209 1117 4250; x_wconf 90' lang='lat' dir='ltr'>consensu</span> <span class='ocrx_word' id='word_1_302' title='bbox 1139 4193 1267 4250; x_wconf 90' lang='lat' dir='ltr'>alterius</span> <span class='ocrx_word' id='word_1_303' title='bbox 1283 4193 1376 4250; x_wconf 88' lang='lat' dir='ltr'>vicini</span> <span class='ocrx_word' id='word_1_304' title='bbox 1393 4192 1538 4252; x_wconf 90' lang='lat' dir='ltr'>videlicet</span> <span class='ocrx_word' id='word_1_305' title='bbox 1554 4208 1638 4252; x_wconf 92' lang='lat' dir='ltr'>com·</span> 
     </span>
     <span class='ocr_line' id='line_1_35' title="bbox 371 4297 1635 4374; baseline 0 -16"><span class='ocrx_word' id='word_1_306' title='bbox 371 4301 520 4359; x_wconf 90' lang='lat' dir='ltr'>munitate</span> <span class='ocrx_word' id='word_1_307' title='bbox 542 4299 680 4374; x_wconf 90' lang='lat' dir='ltr'>predicte</span> <span class='ocrx_word' id='word_1_308' title='bbox 707 4301 840 4357; x_wconf 88' lang='lat' dir='ltr'>civitatis</span> <span class='ocrx_word' id='word_1_309' title='bbox 871 4300 909 4356; x_wconf 89' lang='lat' dir='ltr'>ad</span> <span class='ocrx_word' id='word_1_310' title='bbox 941 4301 1000 4358; x_wconf 92' lang='lat' dir='ltr'>hoc</span> <span class='ocrx_word' id='word_1_311' title='bbox 1030 4299 1252 4357; x_wconf 89' lang='lat' dir='ltr'>interveniente</span> <span class='ocrx_word' id='word_1_312' title='bbox 1276 4297 1414 4356; x_wconf 90' lang='lat' dir='ltr'>vendidit</span> <span class='ocrx_word' id='word_1_313' title='bbox 1445 4303 1475 4356; x_wconf 88' lang='lat' dir='ltr'>et</span> <span class='ocrx_word' id='word_1_314' title='bbox 1506 4300 1635 4358; x_wconf 91' lang='lat' dir='ltr'>contulit</span> 
     </span>
     <span class='ocr_line' id='line_1_36' title="bbox 370 4403 1636 4482; baseline -0.001 -18"><span class='ocrx_word' id='word_1_315' title='bbox 370 4421 476 4465; x_wconf 90' lang='lat' dir='ltr'>coram</span> <span class='ocrx_word' id='word_1_316' title='bbox 506 4407 597 4465; x_wconf 91' lang='lat' dir='ltr'>nohis</span> <span class='ocrx_word' id='word_1_317' title='bbox 625 4404 692 4482; x_wconf 79' lang='lat' dir='ltr'>jure</span> <span class='ocrx_word' id='word_1_318' title='bbox 722 4411 874 4481; x_wconf 90' lang='lat' dir='ltr'>perpetuo</span> <span class='ocrx_word' id='word_1_319' title='bbox 898 4411 927 4464; x_wconf 94' lang='lat' dir='ltr'>et</span> <span class='ocrx_word' id='word_1_320' title='bbox 951 4406 1197 4464; x_wconf 86' lang='lat' dir='ltr'>irrevocabiliter</span> <span class='ocrx_word' id='word_1_321' title='bbox 1221 4403 1450 4479; x_wconf 90' lang='lat' dir='ltr'>possidendam,</span> <span class='ocrx_word' id='word_1_322' title='bbox 1473 4405 1636 4464; x_wconf 91' lang='lat' dir='ltr'>tenendam</span> 
     </span>
     <span class='ocr_line' id='line_1_37' title="bbox 371 4510 1638 4588; baseline -0.003 -16"><span class='ocrx_word' id='word_1_323' title='bbox 371 4514 488 4588; x_wconf 90' lang='lat' dir='ltr'>pariter</span> <span class='ocrx_word' id='word_1_324' title='bbox 509 4517 539 4572; x_wconf 87' lang='lat' dir='ltr'>et</span> <span class='ocrx_word' id='word_1_325' title='bbox 561 4512 747 4584; x_wconf 88' lang='lat' dir='ltr'>habendam,</span> <span class='ocrx_word' id='word_1_326' title='bbox 771 4528 807 4570; x_wconf 87' lang='lat' dir='ltr'>ac</span> <span class='ocrx_word' id='word_1_327' title='bbox 829 4510 916 4588; x_wconf 87' lang='lat' dir='ltr'>juxta</span> <span class='ocrx_word' id='word_1_328' title='bbox 940 4513 1152 4571; x_wconf 90' lang='lat' dir='ltr'>condicionem</span> <span class='ocrx_word' id='word_1_329' title='bbox 1176 4511 1309 4570; x_wconf 92' lang='lat' dir='ltr'>civitatis</span> <span class='ocrx_word' id='word_1_330' title='bbox 1338 4516 1497 4585; x_wconf 88' lang='lat' dir='ltr'>prenotate</span> <span class='ocrx_word' id='word_1_331' title='bbox 1521 4511 1561 4569; x_wconf 90' lang='lat' dir='ltr'>ab</span> <span class='ocrx_word' id='word_1_332' title='bbox 1584 4526 1638 4570; x_wconf 90' lang='lat' dir='ltr'>an·</span> 
     </span>
     <span class='ocr_line' id='line_1_38' title="bbox 370 4615 1637 4695; baseline -0.002 -17"><span class='ocrx_word' id='word_1_333' title='bbox 370 4621 458 4693; x_wconf 89' lang='lat' dir='ltr'>tiquo</span> <span class='ocrx_word' id='word_1_334' title='bbox 481 4619 722 4694; x_wconf 88' lang='lat' dir='ltr'>privilegialiter</span> <span class='ocrx_word' id='word_1_335' title='bbox 744 4621 963 4695; x_wconf 89' lang='lat' dir='ltr'>approbatam,</span> <span class='ocrx_word' id='word_1_336' title='bbox 986 4617 1280 4692; x_wconf 90' lang='lat' dir='ltr'>quomodocumque</span> <span class='ocrx_word' id='word_1_337' title='bbox 1313 4616 1449 4674; x_wconf 88' lang='lat' dir='ltr'>voluerit</span> <span class='ocrx_word' id='word_1_338' title='bbox 1471 4615 1637 4691; x_wconf 89' lang='lat' dir='ltr'>disponen-</span> 
     </span>
     <span class='ocr_line' id='line_1_39' title="bbox 370 4721 1637 4800; baseline -0.002 -17"><span class='ocrx_word' id='word_1_339' title='bbox 370 4725 461 4796; x_wconf 89' lang='lat' dir='ltr'>dam;</span> <span class='ocrx_word' id='word_1_340' title='bbox 484 4725 626 4800; x_wconf 88' lang='lat' dir='ltr'>antiquas</span> <span class='ocrx_word' id='word_1_341' title='bbox 657 4742 782 4800; x_wconf 91' lang='lat' dir='ltr'>quoque</span> <span class='ocrx_word' id='word_1_342' title='bbox 812 4727 932 4785; x_wconf 91' lang='lat' dir='ltr'>litteras</span> <span class='ocrx_word' id='word_1_343' title='bbox 960 4726 1120 4784; x_wconf 91' lang='lat' dir='ltr'>universas</span> <span class='ocrx_word' id='word_1_344' title='bbox 1151 4723 1268 4782; x_wconf 85' lang='lat' dir='ltr'>facturn</span> <span class='ocrx_word' id='word_1_345' title='bbox 1291 4721 1452 4797; x_wconf 87' lang='lat' dir='ltr'>premisse</span> <span class='ocrx_word' id='word_1_346' title='bbox 1467 4728 1547 4781; x_wconf 91' lang='lat' dir='ltr'>terre</span> <span class='ocrx_word' id='word_1_347' title='bbox 1569 4737 1637 4781; x_wconf 88' lang='lat' dir='ltr'>ara·</span> 
     </span>
     <span class='ocr_line' id='line_1_40' title="bbox 369 4829 1636 4907; baseline -0.002 -17"><span class='ocrx_word' id='word_1_348' title='bbox 369 4833 452 4905; x_wconf 89' lang='lat' dir='ltr'>bilis,</span> <span class='ocrx_word' id='word_1_349' title='bbox 483 4834 621 4907; x_wconf 92' lang='lat' dir='ltr'>quinque</span> <span class='ocrx_word' id='word_1_350' title='bbox 651 4833 704 4891; x_wconf 91' lang='lat' dir='ltr'>vel</span> <span class='ocrx_word' id='word_1_351' title='bbox 734 4834 811 4891; x_wconf 92' lang='lat' dir='ltr'>citra</span> <span class='ocrx_word' id='word_1_352' title='bbox 842 4831 940 4891; x_wconf 90' lang='lat' dir='ltr'>dietas</span> <span class='ocrx_word' id='word_1_353' title='bbox 962 4837 1044 4890; x_wconf 89' lang='lat' dir='ltr'>terre</span> <span class='ocrx_word' id='word_1_354' title='bbox 1066 4833 1097 4890; x_wconf 93' lang='lat' dir='ltr'>in</span> <span class='ocrx_word' id='word_1_355' title='bbox 1120 4847 1153 4889; x_wconf 93' lang='lat' dir='ltr'>se</span> <span class='ocrx_word' id='word_1_356' title='bbox 1176 4830 1358 4888; x_wconf 89' lang='lat' dir='ltr'>continentis</span> <span class='ocrx_word' id='word_1_357' title='bbox 1381 4836 1532 4904; x_wconf 86' lang='lat' dir='ltr'>sonantes,</span> <span class='ocrx_word' id='word_1_358' title='bbox 1556 4829 1582 4887; x_wconf 90' lang='lat' dir='ltr'>si</span> <span class='ocrx_word' id='word_1_359' title='bbox 1604 4830 1636 4888; x_wconf 92' lang='lat' dir='ltr'>in</span> 
     </span>
     <span class='ocr_line' id='line_1_41' title="bbox 369 4935 1639 5014; baseline -0.002 -18"><span class='ocrx_word' id='word_1_360' title='bbox 369 4939 561 4998; x_wconf 90' lang='lat' dir='ltr'>contrarium</span> <span class='ocrx_word' id='word_1_361' title='bbox 583 4939 778 5014; x_wconf 90' lang='lat' dir='ltr'>presencium</span> <span class='ocrx_word' id='word_1_362' title='bbox 802 4940 915 5013; x_wconf 86' lang='lat' dir='ltr'>quovis</span> <span class='ocrx_word' id='word_1_363' title='bbox 929 4937 1143 5014; x_wconf 21' lang='lat' dir='ltr'>¹temporislin</span> <span class='ocrx_word' id='word_1_364' title='bbox 1165 4951 1313 5012; x_wconf 89' lang='lat' dir='ltr'>processu</span> <span class='ocrx_word' id='word_1_365' title='bbox 1337 4935 1558 5012; x_wconf 80' lang='lat' dir='ltr'>exhiberentur</span> <span class='ocrx_word' id='word_1_366' title='bbox 1581 4951 1639 4994; x_wconf 86' lang='lat' dir='ltr'>seu</span> 
     </span>
    </p>
   </div>
   <div class='ocr_carea' id='block_1_6' title="bbox 0 0 1970 5806">
    <p class='ocr_par' dir='ltr' id='par_1_6' title="bbox 0 0 1970 5806">
     <span class='ocr_line' id='line_1_42' title="bbox 0 0 1970 5806; baseline 0 3"><span class='ocrx_word' id='word_1_367' title='bbox 0 0 1970 5806; x_wconf 95' lang='lat' dir='ltr'> </span> 
     </span>
    </p>
   </div>
  </div>
 </body>
</html>
