3948 5804
749 572 823 630 Doc.
845 585 912 630 ror.
937 603 981 618 -
1003 570 1060 629 An.
1084 564 1174 647 1436.
1520 585 1579 642 rar

425 782 573 851 (Habentur
592 782 670 833 etiam
687 781 754 832 aliae
771 780 973 845 litterae„quae
996 797 1058 847 prae
1081 781 1200 830 manibus
1227 785 1328 846 patrum
1355 780 1583 831 Dominicanorum

318 874 430 932 inerunt,
449 872 576 922 eiusmodi
589 871 648 923 sunt
659 871 761 921 litterae
773 869 965 922 vendicionales
984 869 1117 920 cuiusdam
1134 869 1234 929 domus,
1247 869 1311 919 duas
1323 869 1406 919 curias
1419 867 1582 927 continentis,

319 977 398 1028 penes
416 961 542 1027 templum
560 977 580 1013 s.
600 959 839 1018 Catbarinae,cu1n
858 957 946 1023 sigillo
965 958 1076 1008 civitatis
1094 957 1169 1008 datae
1188 973 1256 1008 anno
1277 957 1351 1022 1436.
1377 984 1410 996 -
1429 959 1496 1007 Item
1514 956 1581 1008 aliae

318 1050 420 1101 litterae
447 1027 535 1116 super
549 1049 654 1099 domum
678 1055 803 1099 muratam
821 1063 851 1098 ac
868 1047 976 1098 fundum
995 1046 1085 1112 templi
1105 1062 1124 1098 s.
1144 1046 1305 1106 Cutharinae,
1325 1047 1400 1096 datae
1417 1061 1486 1097 auno
1507 1059 1581 1110 1430.

320 1118 440 1188 -21tem
464 1138 567 1188 litterae
594 1142 776 1186 concernentes
804 1136 906 1185 vineam
930 1134 1058 1198 quandem
1082 1141 1108 1183 et
1126 1141 1206 1184 terras
1225 1133 1356 1194 errabiles,
1375 1133 1511 1201 quaejam
1529 1151 1581 1186 nna

319 1242 377 1277 curn
394 1228 470 1278 vinea
487 1227 515 1276 in
533 1224 611 1276 silvas
629 1240 765 1275 conversae
784 1229 851 1284 sunt,
870 1224 945 1274 datae
963 1238 1030 1274 anno
1051 1231 1125 1288 1540.

424 1333 486 1386 Act.
506 1333 563 1384 Soc.
579 1334 653 1398 Jesu.
672 1333 746 1385 Fesc.
769 1343 807 1383 ιο,
828 1346 866 1383 nr.
887 1342 929 1382 21.
948 1329 1013 1382 Ant.
1033 1330 1090 1382 Soc.
1101 1331 1175 1396 Jesu.
1188 1331 1262 1383 Fuso.
1278 1331 1318 1382 18.
1332 1347 1370 1381 nr.
1386 1343 1426 1381 20.
1440 1333 1472 1382 In
1485 1333 1582 1389 archiv.

319 1405 391 1469 regni
410 1404 495 1456 Croat.
515 1404 584 1456 Slnv.
603 1402 688 1453 Dalm.
1420 1419 1422 1422 ·

919 1541 990 1611 lot

423 1669 505 1720 Anno
525 1667 600 1733 1436,
625 1669 665 1722 16.
684 1667 805 1720 octobris.
826 1667 973 1732 Zagrubiae.
1018 1688 1020 1694 ·

305 1777 477 1855 -Jclrannes,
507 1778 595 1836 abbas
631 1777 745 1836 Cisterc.
775 1777 910 1851 sagvab„
941 1778 1138 1836 commendate
1152 1785 1292 1850 precante
1321 1778 1408 1838 ecdem
1430 1785 1579 1857 exemplar

399 1868 562 1927 litterarum
584 1867 661 1941 regis
684 1865 873 1942 Sigismundi,
895 1865 929 1923 de
951 1867 1084 1940 litigiosis
1105 1866 1274 1942 quibusdam
1297 1869 1386 1942 agris,
1409 1871 1507 1930 eadit.

423 1995 487 2053 Nos
511 1993 606 2052 irater
628 1993 791 2077 Johannes‚
815 1993 914 2052 abbas
937 1993 1116 2052 monasterii
1139 1994 1229 2052 beate
1251 1994 1349 2053 Marie
1370 2011 1494 2071 semper
1517 1998 1579 2058 vir·

319 2101 399 2174 ginis
422 2100 460 2160 de
483 2098 643 2174 Zagrabia,
667 2099 785 2160 ordinis
808 2099 940 2158 fratrum
963 2099 1235 2173 Cysterciensium,
1255 2115 1291 2160 ac
1311 2105 1392 2160 totus
1410 2110 1578 2163 conventus

320 2205 452 2266 fratrum
486 2205 666 2265 monasterii
698 2204 846 2278 eiusdem,
876 2211 983 2264 tenore
1006 2205 1201 2280 presencium
1224 2205 1444 2280 significamus,
1466 2210 1580 2284 quibus

307 2311 447 2388 expedit
477 2314 641 2385 universis,
676 2311 761 2386 quod
795 2313 857 2370 viri
890 2311 1016 2388 providi
1048 2316 1079 2370 et
1099 2313 1316 2388 circumspecti
1338 2313 1482 2386 Briccius,
1506 2316 1583 2376 alias

320 2418 414 2477 iudex
445 2419 578 2478 civitatis
607 2419 722 2478 montis
745 2417 908 2478 Grecensis
931 2417 970 2475 de
992 2418 1078 2477 iuxta
1102 2417 1294 2491 Zagrabiam,
1318 2419 1402 2478 iilius
1425 2419 1583 2482 Benedicti

320 2530 351 2583 et
384 2524 575 2597 Valentinus,
598 2524 684 2584 filius
713 2524 789 2596 iwk,
811 2540 847 2584 ac
869 2525 1016 2597 Marinus,
1037 2523 1122 2584 filius
1145 2524 1292 2598 Klarych‚
1316 2525 1409 2586 iurati
1432 2527 1582 2600 moderni,

320 2631 464 2706 civesque
486 2630 624 2690 eiusdem
647 2631 782 2690 civitatis
805 2645 864 2706 pro
886 2646 919 2690 se
942 2635 972 2690 et
994 2647 1052 2705 pro
1075 2631 1227 2690 universis
1253 2632 1374 2693 civibus
1392 2647 1428 2692 ac
1443 2649 1502 2708 pro
1518 2639 1583 2692 tota

320 2739 541 2797 communitate
574 2738 671 2811 ipsius
706 2737 840 2796 civitatis
871 2736 911 2795 ad
942 2743 1081 2796 nostram
1104 2737 1310 2811 personaliter
1332 2739 1489 2798 venientes
1512 2755 1582 2814 pre·

319 2844 454 2902 senciam
490 2844 697 2902 exhibuerunt
729 2844 820 2902 nobis
855 2843 1007 2918 quasdam
1039 2844 1157 2902 litteras
1180 2849 1320 2918 patentes
1343 2846 1530 2906 serenissimi
1553 2853 1583 2904 et

320 2950 515 3009 invictissimi
543 2950 694 3024 principis
723 2949 842 3008 domini
869 2947 1068 3022 Sigismundi,
1092 2949 1142 3007 dei
1163 2951 1267 3022 gracia
1289 2951 1501 3010 Romanorum
1524 2953 1582 3010 inr-

320 3057 480 3128 peratoris,
511 3071 635 3130 semper
665 3057 796 3128 augusti,
827 3071 862 3114 ac
892 3056 1059 3128 ilungarie‚
1082 3055 1237 3128 Bohemie,
1261 3056 1432 3132 Dalmacie,
1456 3057 1583 3118 Croacie

320 3166 375 3219 etc.
410 3162 500 3234 regis,
535 3161 654 3220 domini
688 3162 787 3220 nostri
821 3161 971 3220 naturalis
1002 3162 1177 3236 plurimum
1200 3161 1358 3222 metuendi
1381 3168 1411 3221 et
1432 3165 1582 3237 generosi,

289 3294 293 3304 ·
320 3266 426 3341 sigillo
448 3283 502 3325 sue
524 3268 693 3327 maiestatis
715 3268 873 3343 imperiali
896 3271 1037 3343 patenter
1057 3269 1258 3342 consignatas,
1282 3275 1421 3343 petentes
1442 3285 1499 3329 nos
1522 3271 1579 3330 hu·

321 3373 390 3431 mili
421 3389 551 3447 precum
585 3389 657 3434 cum
686 3375 842 3445 instancia,
865 3379 900 3432 ut
922 3379 1062 3433 tenorem
1086 3389 1192 3432 earum
1217 3376 1413 3449 presentibus
1435 3377 1529 3436 inseri
1551 3383 1583 3435 et

319 3479 432 3552 sigillis
464 3485 571 3540 nostro
606 3495 641 3538 ac
663 3481 762 3555 ipsius
785 3485 954 3544 conventus
985 3481 1161 3554 consignari
1178 3480 1285 3539 ¹tacere
1316 3481 1515 3555 dignaremur
1538 3483 1580 3541 ob

321 3585 474 3644 cautelam
494 3586 644 3661 ipsorum,
660 3592 811 3659 caventes,
833 3603 873 3646 ne
896 3602 952 3661 per
974 3586 1153 3646 discrimina
1176 3587 1298 3646 viarum
1322 3587 1447 3646 easdam
1463 3588 1582 3647 litteras

320 3691 405 3766 ipsos
425 3692 657 3768 'proficiscentes
681 3692 902 3767 quoquomodo
924 3693 1066 3753 amittere
1089 3693 1253 3766 contingat.
1289 3692 1431 3768 Quarum
1466 3693 1586 3752 scilicet

320 3797 498 3858 litterarum
512 3805 600 3858 tenor
616 3799 687 3858 talis
703 3805 765 3858 est:
782 3794 859 3878 (vid.
875 3799 951 3858 Doc.
968 3813 1017 3875 97.
1034 3805 1063 3857 et
1079 3799 1129 3875 98.
1144 3815 1224 3858 anno
1241 3799 1334 3876 1436.
1351 3799 1400 3858 die
1422 3816 1469 3859 ra.
1486 3804 1516 3858 et
1534 3812 1582 3877 14.

321 3898 475 3984 Augusti).
510 3905 574 3964 Nos
608 3905 713 3979 itaque
741 3903 947 3980 peticionibus
969 3903 1182 3978 predictorum
1202 3904 1313 3964 Briccii
1334 3904 1445 3964 iudicis
1468 3911 1499 3964 et
1522 3906 1583 3963 Va-

320 4010 428 4070 lentini
452 4017 482 4070 et
505 4012 616 4070 Marini
638 4012 820 4083 iuratorum,
837 4011 1015 4085 civiumque
1037 4011 1172 4070 civitatis
1194 4015 1354 4087 prenotate
1369 4011 1456 4070 iustis
1472 4016 1583 4087 utputa

320 4120 351 4174 et
380 4118 583 4176 iuriconsonis
613 4122 795 4198 annuentes,
826 4118 963 4184 maxime
996 4134 1035 4176 ex
1056 4133 1101 4190 ec,
1126 4119 1198 4192 quia
1221 4119 1305 4192 ipsas
1328 4117 1447 4176 litteras
1470 4134 1580 4193 reppe-

321 4223 420 4280 rimus
440 4238 501 4281 non
525 4224 653 4282 abrasas
674 4241 731 4282 nec
753 4224 785 4282 in
808 4224 913 4298 aliqua
938 4224 985 4282 sui
1000 4229 1089 4298 parte
1111 4224 1240 4282 viciatas
1270 4223 1323 4282 sed
1347 4238 1476 4298 prorsus
1498 4224 1584 4282 omni

320 4329 402 4386 vicio
424 4335 454 4387 et
475 4331 685 4404 suspicacione
708 4335 854 4400 carentes,
877 4335 1016 4388 tenorem
1039 4329 1220 4388 earumdem
1251 4329 1428 4388 litterarum
1457 4345 1582 4404 presen-

320 4433 405 4492 tibus
439 4434 552 4493 litteris
585 4437 698 4495 nostris
729 4435 768 4494 de
798 4437 896 4494 verbo
920 4435 958 4494 ad
982 4436 1115 4494 verbum
1139 4436 1203 4493 sine
1226 4434 1435 4494 diminucione
1458 4440 1489 4493 et
1509 4450 1584 4509 aug·

320 4544 425 4598 mento
449 4541 580 4615 aliquali
602 4543 696 4602 inseri
719 4548 749 4601 et
771 4547 877 4600 nostro
900 4558 936 4600 ac
959 4542 1056 4615 ipsius
1079 4549 1247 4600 conventus
1270 4541 1448 4614 sigillorum
1467 4556 1584 4616 appen-

320 4646 405 4705 sione
427 4645 556 4712 fecimus
579 4649 753 4722 consignari
773 4649 952 4708 uberiorem
974 4649 1116 4724 ipsorum
1139 4648 1180 4706 ob
1205 4649 1365 4706 cautelam.
1389 4648 1505 4705 Datum
1528 4645 1583 4705 Za·

320 4754 428 4827 grabie
450 4760 613 4829 prenotata
636 4755 668 4813 in
691 4755 769 4813 sesto
792 4755 875 4813 beati
898 4755 984 4814 Galli
1007 4755 1141 4814 abbatis.
1166 4757 1255 4812 Anno
1279 4753 1397 4812 domini
1412 4753 1583 4813 millesimo

321 4859 626 4934 quadringentesimo
648 4862 805 4920 tricesimo
828 4868 923 4934 sexto,
947 4861 1134 4937 supradicte.

426 4977 560 5042 Originale
577 4979 604 5029 in
623 4979 777 5039 membrana,
797 4979 907 5029 sericeae
926 4994 1005 5030 zonae
1023 4980 1113 5030 viridis
1131 4979 1233 5040 coloris,
1252 4979 1400 5046 appendent
1423 4979 1522 5044 absque
1547 4979 1580 5030 si·

319 5048 398 5113 gillis.
417 5051 449 5098 ln
467 5050 563 5102 archiv.
581 5049 627 5104 lib.
646 5066 698 5115 reg.
717 5051 764 5100 civ.
782 5050 882 5116 zagrab.
