3804 5858
654 477 1082 556 Qm-bw·
1430 498 1492 558 m

233 675 316 752 stum
349 693 499 752 kathedre
521 694 605 752 beati
628 694 712 752 Petri
734 694 876 768 apostoli.
900 695 991 752 Anno
1015 694 1134 754 domini
1156 696 1327 754 millesimo
1351 696 1497 769 quadrin-

233 800 403 874 gentesimo
438 800 638 874 nonagesimo
673 800 786 873 quinto.
822 799 1001 873 Regnorum
1035 807 1213 859 nostrorum
1248 802 1406 876 Hungarie
1440 809 1497 861 etc.

233 921 313 966 anno
330 907 448 981 quinto,
471 905 618 964 Bohemie
641 919 717 964 vero
740 905 889 964 vicesimo
913 911 1032 979 quarto.

334 1043 371 1092 Et
383 1016 543 1106 transumpto
556 1039 664 1106 capituli
681 1039 744 1094 eccl.
757 1038 859 1104 zagrab.
878 1040 911 1089 de
929 1055 999 1090 anuo
1019 1053 1095 1108 1495.
1113 1041 1147 1091 Iu
1164 1042 1234 1095 arch.
1254 1041 1301 1096 lib.
1314 1059 1367 1108 reg.
1381 1043 1429 1096 civ.
1446 1061 1501 1110 aeg.

807 1253 894 1322 3¹19.

246 1387 255 1454 ’,
337 1397 418 1446 Αιιιιο
440 1405 513 1460 1495.
535 1405 575 1446 22.
595 1393 687 1445 martii.
709 1393 858 1458 Zagrebiae.

239 1505 407 1582 Capitulum
428 1503 614 1578 aagrabicnsc
644 1505 764 1562 nunaut
784 1503 919 1561 sacellum
948 1522 970 1564 s.
992 1504 1112 1577 speratus
1134 1505 1165 1561 in
1189 1505 1262 1562 bona
1285 1511 1424 1580 quattuor
1443 1527 1499 1568 ses·

405 1612 516 1669 sianum
530 1611 773 1687 ybbagionalt'um,
795 1610 863 1667 olim
885 1617 1048 1686 raptarum,
1072 1629 1130 1668 csse
1151 1611 1304 1674 inductum.

342 1756 406 1815 Nos
439 1754 614 1830 capitulum
648 1753 776 1812 ecclesie
809 1754 1026 1827 zagrabiensis.
1059 1756 1209 1818 Memorie
1240 1757 1497 1818 commendamus

231 1869 337 1924 tenore
359 1863 555 1939 presencium
589 1860 803 1933 significantes,
838 1861 951 1934 quibus
982 1861 1109 1935 expedit
1143 1862 1305 1935 universis,
1328 1864 1411 1937 quod
1441 1881 1498 1926 nos

231 1971 352 2028 litteras
382 1965 571 2027 serenissimi
594 1966 744 2040 principis
775 1965 894 2026 domini
917 1965 1084 2025 Wladislai
1107 1967 1157 2026 dei
1180 1969 1284 2041 gracia
1305 1971 1387 2044 regis
1410 1971 1496 2030 Hun-

235 2078 320 2151 garie
343 2082 373 2134 et
407 2071 554 2132 Bohemie
589 2077 646 2131 etc.
679 2071 798 2131 domini
833 2072 931 2130 nostri
953 2073 1182 2147 graciosissimi,
1203 2074 1442 2136 introductoriae
1465 2083 1496 2137 et

230 2182 409 2242 statutorias
430 2180 522 2239 nobis
545 2181 739 2253 preceptorie
761 2179 923 2252 loquentes
947 2187 977 2237 et
1001 2177 1141 2252 directas,
1165 2196 1288 2239 summa
1312 2198 1385 2241 cum
1407 2199 1495 2242 reve-

230 2289 334 2348 rencia
359 2287 534 2362 recepimus
566 2287 598 2344 in
620 2286 678 2344 hec
700 2285 812 2344 verba:
839 2279 923 2364 (vide
946 2285 1020 2344 Doc.
1046 2284 1115 2360 376.
1146 2285 1186 2344 de
1208 2302 1289 2346 anno
1316 2303 1407 2364 149⁵·
1443 2306 1493 2366 19.

231 2386 389 2473 februari).
413 2393 477 2452 Nos
499 2394 603 2466 itaque
625 2391 778 2450 mandatis
802 2392 900 2466 ipsius
917 2390 1035 2450 domini
1057 2393 1155 2451 nostri
1179 2394 1260 2466 regis
1276 2410 1400 2470 semper
1422 2397 1497 2456 obe·

231 2502 298 2562 dire
320 2501 487 2576 cupientes,
518 2505 552 2558 ut
574 2503 724 2571 tenemur,
747 2514 808 2556 una
831 2513 902 2556 cum
926 2497 1048 2573 prefato
1070 2499 1162 2558 Petro
1185 2499 1224 2558 de
1247 2499 1329 2560 dieta
1344 2503 1494 2577 Marencz,

230 2609 355 2668 homine
370 2608 454 2681 regie
469 2606 638 2665 maiestatis
653 2605 801 2680 predicto,
818 2611 959 2663 nostrum
981 2605 1147 2678 hominem,
1164 2605 1309 2665 videlicet
1325 2607 1492 2669 discretum

231 2715 393 2774 dominum
428 2713 614 2786 Gregorium
648 2710 687 2770 de
721 2709 1001 2784 Magerlalr,chori
1025 2710 1107 2767 dicte
1142 2712 1270 2771 ecclesie
1293 2721 1398 2773 nostre
1420 2730 1490 2790 pre·

229 2819 414 2880 bendarium
449 2819 488 2877 ad
524 2819 690 2893 premissas
723 2806 988 2876 introductionem
1023 2822 1054 2874 et
1086 2819 1288 2876 statucionem
1323 2819 1488 2894 faciendas,

230 2933 336 2987 nostro
367 2941 424 3001 pro
457 2925 632 2984 testimonio
655 2924 882 2982 transmisimus
906 2923 1110 2996 fidedignum.
1145 2923 1208 2998 Qui
1230 2924 1357 2985 tandem
1379 2927 1490 2987 exinde

229 3034 268 3092 ad
290 3049 346 3093 nos
375 3034 492 3091 reversi
526 3032 585 3090 sub
607 3027 761 3105 corporali
784 3031 924 3104 ipsorum
948 3028 1132 3104 jurament0,
1155 3030 1194 3088 de
1217 3036 1247 3089 et
1269 3047 1363 3106 super
1384 3035 1490 3092 huius·

228 3141 314 3200 modi
328 3140 413 3198 fideli
435 3155 488 3196 sua
512 3137 694 3196 execucioue
717 3153 773 3211 per
789 3151 841 3194 eos
856 3149 963 3194 coram
978 3136 1069 3194 nobis'
1092 3137 1229 3209 prestito,
1245 3138 1335 3196 nobis
1359 3140 1492 3214 paritor-

230 3248 321 3306 miter
338 3246 511 3304 retulerunt
532 3260 570 3302 eo
594 3243 704 3301 modo:
730 3241 889 3316 quomodo
912 3241 1050 3315 prefatus
1062 3243 1157 3300 homo
1169 3244 1271 3316 regius
1294 3245 1364 3318 ipso
1386 3254 1493 3308 nostro

229 3353 404 3412 testimonio
428 3355 578 3425 presente,
601 3349 652 3408 die
675 3349 839 3420 dominico,
862 3347 978 3407 scilicet
1001 3356 1071 3407 ante
1095 3347 1208 3406 festum
1232 3350 1314 3409 beati
1346 3352 1489 3428 Gregorii

139 3459 141 3464 ’
228 3475 319 3536 pape,
342 3459 484 3534 proxime
508 3457 699 3531 preteritum,
732 3455 772 3514 ad
809 3455 903 3513 facies
931 3456 1102 3529 prescripte
1133 3458 1333 3530 possessionis
1356 3458 1494 3520 Chemo·

229 3583 340 3638 merca,
362 3570 645 3638 consequenterque
668 3562 879 3636 predictarum
902 3569 1035 3635 quatuor
1055 3563 1225 3621 sessionum
1247 3561 1492 3639 jobagionalium

232 3720 238 3732 .
264 3671 434 3732 ..vicinis
468 3678 498 3728 et
531 3669 753 3727 ‘commetaneis
788 3669 851 3727 suis
874 3669 1026 3728 universis
1048 3668 1201 3742 legittime
1223 3673 1407 3745 convocatis,
1430 3675 1492 3749 sig·

231 3785 340 3837 nanter
363 3793 437 3836 vero
461 3777 621 3834 nobilibus
644 3773 824 3834 Sebastiano
848 3789 961 3848 magno
985 3775 1024 3833 de
1048 3774 1183 3847 Chakan,
1206 3777 1375 3836 castellano
1399 3782 1491 3839 castri

229 3885 357 3957 Medwe,
374 3897 492 3943 necnon
515 3883 656 3942 Dionisio
672 3880 806 3956 prediali
821 3887 927 3940 nostro
951 3881 990 3940 de
1013 3881 1185 3955 Zawersya‚
1209 3882 1341 3942 discreto
1363 3884 1491 3945 domino

228 3991 401 4062 Dominico‚
425 3989 545 4065 prefate
576 3989 704 4046 ecclesie
733 3995 837 4046 nostre
871 3988 1085 4062 prebendario,
1120 3991 1322 4063 possessionis
1346 3991 1493 4052 videlicet

229 4096 331 4155 Rodes
363 4096 522 4171 appellate
546 4109 730 4169 possessore,
753 4099 784 4152 et
804 4095 1034 4168 circumspectis
1058 4095 1134 4152 viris
1151 4095 1301 4154 Michaele
1323 4097 1491 4171 aurifabro,

227 4204 344 4287 Jacobo
379 4202 554 4274 Bekethych
584 4207 615 4260 et
646 4199 802 4260 Gwrlrone
825 4201 949 4258 civibus
973 4200 1091 4274 pretate
1114 4202 1249 4260 civitatis
1273 4204 1387 4262 montis
1410 4205 1488 4264 Gre-

229 4310 326 4367 censis
350 4309 553 4382 presentibus,
577 4306 764 4377 accedentes,
795 4305 1015 4364 introduxisset
1039 4307 1195 4380 prefatum
1219 4308 1404 4368 Michaelem
1425 4311 1492 4385 ple·

230 4417 346 4472 banum
369 4413 508 4472 eiusdem
540 4415 669 4473 ecclesie
699 4413 789 4473 beate
811 4414 1007 4486 Margarethe
1029 4415 1167 4487 virginis,
1191 4415 1316 4473 nomine
1339 4415 1419 4496 dicte
1443 4431 1492 4474 ca·

228 4521 313 4596 pelle
336 4522 368 4579 in
391 4521 564 4580 dominium
588 4519 777 4592 earumdem,
801 4521 1018 4594 statuissetque
1039 4521 1163 4578 easdem
1180 4521 1280 4579 eidem
1305 4527 1334 4579 et
1349 4529 1493 4582 annotate

228 4627 357 4686 ecclesie
381 4641 437 4686 sue
457 4625 534 4703 juris
569 4627 661 4686 titulo
685 4627 745 4684 sibi
776 4627 973 4685 incumbente
1005 4633 1155 4702 perpetuo
1181 4627 1390 4702 possidendas,
1414 4630 1490 4704 ipsis

227 4735 313 4807 regio
336 4739 367 4792 et
389 4741 495 4792 nostro
518 4735 698 4794 hominibus
721 4734 752 4792 in
776 4733 854 4792 facie
871 4735 1044 4808 prescripte
1068 4734 1279 4808 possessionis,
1303 4735 1490 4794 sessionum·

229 4857 291 4915 que
322 4839 568 4917 jobagionalium
603 4841 747 4914 congruis
778 4845 808 4899 et
829 4841 993 4914 legittimis
1015 4841 1125 4900 diebus
1148 4843 1234 4900 iuxta
1257 4841 1346 4914 regni
1368 4855 1495 4901 consve-

228 4948 369 5006 tudinem
404 4949 662 5022 permanentibus
694 4956 724 5008 et
757 4963 880 5008 moram
914 4947 1110 5024 iacientibus,
1145 4947 1234 5006 nullo
1271 4946 1496 5008 contradictore
