3948 5804
389 593 429 656 54
462 613 466 620 ·
786 575 859 632 Doc.
884 589 934 652 44.
959 585 1008 652 45.
1033 605 1076 616 --
1099 574 1154 631 An.
1181 567 1271 650 1426.

385 793 481 851 nitate
505 808 562 866 pro
585 809 618 850 se
641 792 717 865 ipsis
740 789 957 864 inpetracione,
981 788 1220 858 statuilaccione,
1251 787 1463 860 occupacione
1494 792 1524 843 et
1548 785 1651 842 deten·
1678 829 1680 832 .

386 900 474 957 cione
497 904 590 972 atque
612 899 643 956 in
668 897 840 954 dominium
854 895 1035 952 earumdem
1056 894 1286 968 possessionum
1310 891 1405 950 trium
1423 907 1477 948 seu
1492 891 1651 960 villarum,

299 981 301 988 Ι
386 1009 629 1078 cunctarumque
644 1005 784 1078 ipsarum
800 1003 972 1060 utilitatum
988 1006 1018 1058 et
1034 1000 1294 1075 pertinenciarum
1307 999 1522 1056 universarum
1540 996 1651 1070 quovis

356 1133 359 1140 ’
386 1111 507 1184 quesito
530 1111 643 1180 colore,
669 1110 791 1182 ingenio
814 1125 867 1167 seu
893 1108 993 1166 forma
1017 1101 1255 1176 intromissione,
1280 1118 1531 1177 usuumquoque‚
1570 1102 1650 1159 fruc-

386 1221 474 1274 tuum
497 1221 527 1273 et
550 1216 764 1289 quarumlibet
787 1216 957 1272 utilitatum
980 1212 1162 1272 earumdem
1186 1211 1393 1285 percepcione
1414 1215 1445 1266 et
1468 1207 1651 1282 percipiiac·

385 1323 472 1384 cione
496 1321 718 1395 quoquomodo
742 1327 795 1379 aul
818 1322 1088 1394 qualitercumque
1112 1319 1200 1377 factis
1224 1318 1277 1375 vel
1300 1316 1410 1375 fiendis
1433 1314 1651 1390 prohibuerint

386 1427 626 1486 contradicendo
649 1433 679 1484 et
704 1426 947 1485 contradixerint
970 1421 1139 1484 inhibendo
1163 1439 1267 1482 coram
1292 1423 1382 1481 nobis
1405 1423 1514 1494 vigore
1537 1427 1568 1478 et
1590 1430 1648 1477 tes-

386 1535 517 1592 timonio
533 1550 568 1591 ac
584 1533 733 1591 firmitate
749 1534 944 1608 presencium
960 1538 1138 1618 nostrarum
1154 1531 1332 1588 litterarum
1347 1528 1509 1586 mediante.
1533 1527 1650 1584 Datum

385 1639 462 1707 feria
485 1639 620 1697 secunda
635 1640 780 1714 proxima
803 1647 873 1696 ante
889 1637 1003 1696 festum
1019 1635 1168 1694 kathedre
1186 1637 1268 1694 beati
1284 1635 1366 1692 Petri
1390 1633 1532 1707 apostoli.
1557 1633 1649 1689 Anno

385 1738 505 1804 domini
528 1747 698 1804 millesimo
722 1745 1027 1820 qpadringentesimo
1051 1743 1204 1816 vigesimo
1228 1747 1324 1800 sexto.

490 1880 624 1945 Originale
649 1882 675 1930 u
703 1881 798 1931 charra.
828 1881 855 1929 A
882 1888 955 1944 tergo
982 1879 1120 1943 vestigium
1148 1877 1266 1942 impressi
1295 1875 1383 1939 sigilli.
1419 1875 1451 1922 rn
1479 1873 1575 1922 archiv.
1603 1850 1670 1922 uu

385 1986 438 2034 reg.
458 1971 527 2022 civit.
546 1971 646 2035 zagrab.

979 2146 1048 2210 44.

412 2320 415 2328 ·
490 2291 571 2339 Auno
593 2290 668 2353 1426,
687 2291 763 2340 initio
783 2289 878 2338 mensis
897 2289 993 2338 mercii.

488 2401 605 2460 Civitas
629 2419 686 2477 per
709 2403 810 2462 civem
834 2401 998 2458 Andream·
1012 2399 1203 2475 Ztepkovich
1226 2399 1308 2457 circa
1343 2395 1478 2453 mediam
1509 2390 1649 2466 Quadra·

382 2508 534 2581 gesimam
558 2507 588 2566 in
612 2510 748 2583 quadam
771 2508 929 2567 communi
952 2509 1012 2579 via,
1035 2523 1115 2581 quae
1138 2506 1230 2578 ducit,
1254 2505 1293 2562 de
1315 2505 1406 2576 sylva
1421 2497 1649 2572 Lonyaappel·

384 2614 456 2687 lata,
480 2615 653 2688 capitulari,
675 2615 715 2673 ad
739 2616 897 2674 civitatem
920 2619 950 2672 et
973 2614 1154 2687 capitulum,
1178 2612 1338 2670 hominem
1361 2607 1489 2680 Georgii
1512 2605 1550 2662 de
1584 2606 1648 2662 Ma-

382 2721 509 2793 rovcha,
532 2723 670 2780 canonici
692 2723 908 2796 zagrabiensis,
932 2721 1018 2794 ligna
1040 2721 1205 2778 ducentem
1228 2717 1266 2775 de
1289 2715 1398 2774 eadem
1427 2715 1507 2772 silva
1537 2711 1648 2770 verbe·

383 2827 473 2899 ravit,
507 2827 702 2902 eundemque
734 2829 896 2899 dissecuit,
932 2827 1015 2901 quod
1049 2828 1130 2885 circa
1160 2824 1292 2884 eundem
1324 2822 1394 2879 dein
1425 2820 1499 2878 fecit
1528 2816 1649 2876 homini

383 2931 533 3006 Andreae,
557 2929 765 2994 archidiaconi
789 2933 899 2992 Vaslra.

488 3069 595 3133 Georgii
614 3069 784 3144 Marcelovid:
804 3070 921 3133 Regesta
940 3069 1082 3134 Diplomat.
1102 3067 1262 3130 aliorumque
1281 3069 1508 3117 Documentomm.
1535 3065 1601 3115 Msc.
1620 3029 1649 3112 iu

381 3155 541 3206 bibliotheca
557 3157 711 3210 archidioec.
730 3157 830 3222 zagrab.

988 3337 1050 3402 45.

486 3474 567 3524 Anno
589 3473 663 3537 1426,
684 3487 725 3538 24.
742 3477 823 3540 Junii.
844 3477 876 3525 In
894 3493 952 3525 arce
972 3477 1091 3530 Medved.

375 3599 539 3677 Johannes,
570 3601 729 3660 Corboviae
750 3622 838 3662 coenes
860 3612 888 3662 et
914 3605 1048 3664 Creatiae
1070 3606 1170 3676 banus,
1187 3604 1327 3682 johanni
1349 3601 1525 3660 Novakouil
1534 3607 1645 3674 posses-

671 3711 763 3768 siones
785 3711 925 3784 quasdam
948 3712 1000 3768 sub
1022 3711 1151 3768 Mcdved
1169 3712 1248 3780 sitas,
1271 3709 1368 3766 donat.

486 3851 550 3910 Nos
571 3853 705 3936 Joannes
739 3869 842 3912 comes
877 3854 1033 3913 Corbauie
1067 3863 1121 3914 etc.
1146 3857 1244 3913 banus
1267 3855 1438 3926 Dalmacie,
1462 3853 1591 3911 Croacie
1614 3858 1644 3910 et

380 3956 544 4017 Sclauonie
567 3965 622 4017 etc.
647 3959 808 4019 Universis
831 3967 861 4018 et
883 3962 1014 4033 singulis
1038 3977 1143 4020 coram
1167 3961 1280 4035 quibus
1298 3965 1455 4034 presentes
1471 3965 1574 4018 nostre
1591 3974 1646 4033 pa·

379 4068 478 4122 tentes
501 4067 698 4138 pervenerint
732 4066 834 4124 littere
866 4067 997 4125 salutem
1033 4075 1063 4125 et
1093 4069 1237 4140 graciam.
1261 4068 1380 4125 Damus
1404 4065 1496 4124 vobis
1519 4065 1560 4122 ad
1591 4080 1645 4123 no·

380 4170 494 4242 ticiam,
519 4171 603 4244 quod
625 4189 681 4230 nos
712 4173 875 4230 existentes
909 4175 1059 4260 coactiuet
1083 4173 1221 4231 adstricti
1256 4172 1404 4231 fidelibus
1438 4177 1468 4229 et
1501 4171 1645 4244 gratuitis

379 4277 518 4334 serviciis
535 4279 658 4365 ¹egregii
680 4280 807 4362 Joannis
830 4279 1040 4354 Nonakouich,
1065 4296 1125 4354 que
1148 4256 1215 4354 ipse
1239 4280 1329 4338 nobis
1352 4293 1410 4352 pro
1441 4279 1583 4338 locorum
1615 4282 1645 4336 et

379 4389 559 4458 temporum
582 4386 730 4444 varietate
753 4393 928 4444 constanter
951 4387 1100 4459 exhibuit,
1122 4386 1310 4444 effundendo
1345 4386 1527 4459 sanguinem
1550 4401 1642 4443 suum

379 4495 409 4547 et
432 4491 463 4548 in
487 4489 595 4549 duello
629 4507 701 4549 cum
734 4492 914 4550 infidelibus
950 4492 1023 4550 fidei
1058 4493 1223 4550 christiane
1257 4507 1362 4550 coram
1397 4492 1496 4549 oculis
1530 4493 1643 4550 nostris

379 4596 544 4654 victoriam
567 4603 738 4671 reportans,
762 4605 792 4655 et
814 4600 855 4655 ob
879 4605 1054 4671 respectum
1085 4600 1220 4657 aliorum
1251 4605 1396 4657 notorum
1427 4599 1640 4669 serviciorum,

379 4717 440 4774 que
472 4702 502 4759 in
527 4702 620 4760 corde
643 4704 789 4776 gerimus,
813 4703 1036 4762 considerando
1060 4703 1203 4762 dedimus
1227 4709 1257 4762 et
1280 4703 1465 4762 donavimus
1488 4705 1586 4762 immo
1610 4705 1642 4762 in

378 4816 566 4882 perpetuum
589 4810 789 4882 ascripsimus
813 4811 926 4867 sibiet
949 4811 1012 4867 suis
1036 4809 1203 4868 heredibus
1224 4811 1439 4884 possessiones,
1463 4825 1524 4884 que
1547 4826 1643 4884 appe·

380 4915 483 4971 lantur
505 4913 670 4989 Szepnicza
695 4923 724 4972 et
738 4914 924 4974 =Szlanowcz
948 4919 979 4974 in
1002 4917 1200 4990 pertinenciis
1223 4917 1315 4974 castri
1338 4915 1458 4973 Medwe
1481 4931 1553 4974 cum
1576 4931 1641 4974 om·

317 5069 323 5076 .
377 5020 470 5077 nibus
493 5020 690 5094 pertinenciis
713 5026 743 5078 et
765 5019 887 5096 juribus
904 5038 1091 5096 quecunque
1114 5023 1302 5098 pertinerent
1325 5021 1364 5079 ad
1381 5021 1506 5080 easdem
1521 5037 1642 5096 posses·
