3764 5924
652 541 726 598 θοι·
743 555 821 619 394·
843 575 886 585 -
908 541 965 600 Aa·
988 555 1080 621 1499·
1440 557 1502 622 ⁵19

238 761 340 816 tarum
362 755 449 832 juxta
480 755 665 830 Zagrabiam
688 755 760 830 lego
782 755 847 814 flor.
872 758 1106 832 quinquaginta.
1130 757 1273 818 Preterea
1296 761 1336 820 ad
1359 762 1503 822 laborem

237 866 268 922 et
287 862 365 922 alias
386 863 582 921 necessitates
605 862 734 920 ecclesie
755 868 785 920 et
808 861 937 921 claustri
953 861 1044 936 beate
1067 864 1360 950 MarieMagdalene
1385 867 1503 927 ordinis

237 965 469 1028 Predicatorum
490 967 633 1040 Chasme,
656 967 729 1039 lego
751 961 820 1027 flor.
844 969 999 1028 ducentos.
1024 968 1071 1028 Ad
1096 972 1312 1032 necessitatem
1333 973 1498 1047 hospitalis

235 1074 399 1134 beatorum
411 1074 524 1134 Cosme
535 1081 566 1133 et
575 1074 719 1134 Damiani
727 1074 845 1134 ibidem
855 1073 924 1136 flor.
938 1077 1061 1150 triginta
1074 1076 1161 1136 duos.
1173 1075 1221 1136 Ad
1234 1078 1397 1138 ecclesiam
1410 1073 1499 1140 b'eate

237 1179 334 1239 Marie
369 1181 498 1255 virginis
529 1180 561 1240 in
595 1195 709 1255 campo
743 1195 843 1256 prope
871 1180 1040 1241 Chasmam
1064 1197 1123 1258 pro
1153 1183 1260 1259 aliquo
1283 1185 1367 1243 bono
1390 1190 1501 1245 omatn

237 1285 410 1346 ordinando
444 1293 476 1346 et
510 1301 626 1362 mappa
662 1286 809 1345 adaram
842 1287 908 1348 llor.
938 1288 1049 1362 viginti
1072 1290 1219 1364 quinque.
1251 1289 1300 1348 Ad
1323 1290 1449 1350 labores
1471 1297 1503 1351 et

236 1392 315 1452 alias
349 1393 543 1454 necessitates
575 1394 703 1453 ecclesie
727 1405 758 1454 et
792 1392 923 1452 claustri
945 1395 1177 1454 Heremitarnm
1200 1396 1290 1456 beate
1319 1397 1417 1456 Marte
1440 1397 1501 1456 vlt·

237 1498 318 1573 ginis
340 1499 427 1558 iuxta
450 1505 587 1558 castrum
609 1497 737 1573 Garygh
760 1497 825 1558 flor.
841 1499 1073 1574 quinquaginta.
1099 1500 1148 1558 Ad
1171 1501 1334 1560 ecclesiam
1358 1501 1495 1576 Glogon·

236 1619 359 1664 oensem
382 1606 472 1664 beate
506 1605 603 1665 Marte
625 1605 755 1679 virginis
785 1603 850 1664 flor.
873 1606 1107 1680 quinquaginta.
1131 1607 1180 1666 Ad
1204 1607 1351 1668 ecclesias
1372 1609 1404 1668 in
1427 1621 1499 1682 pro-

235 1710 335 1770 vincia
369 1712 558 1771 chasmensi:
592 1713 690 1771 sancti
720 1710 872 1786 Stephani
906 1713 939 1771 in
972 1711 1185 1785 Ralycunicza
1219 1712 1286 1772 flor.
1321 1711 1495 1787 duodecim,

235 1817 382 1876 Omnium
416 1823 593 1876 sanctorum
626 1818 659 1876 in
692 1817 790 1876 Narth
824 1815 889 1877 llor.
913 1818 1101 1892 quindecim,
1135 1824 1239 1878 sancte
1271 1818 1433 1878 lilizabeth
1454 1820 1500 1878 ¹in

234 1922 386 1982 Zerdahel
418 1922 482 1983 llor.
514 1921 700 1998 quindecim,
724 1923 822 1981 sancti
842 1921 992 2007 Johannis
1021 1924 1158 1998 baptiste
1178 1925 1219 1983 in
1250 1925 1348 1984 veteri
1365 1923 1500 1984 Chasma

235 2029 300 2088 flor.
333 2029 445 2102 viginti
475 2029 620 2104 quinque,
651 2029 747 2087 sancti
770 2028 897 2102 Georgii
931 2043 1030 2104 prope
1053 2030 1209 2104 Heymocz
1232 2030 1297 2090 flor.
1321 2030 1500 2106 duodecim,

235 2136 332 2194 sancti
353 2135 436 2195 Petri
459 2135 491 2194 in
508 2135 631 2194 Petreca
651 2135 717 2193 llor.
741 2133 858 2208 decem,
874 2141 980 2194 sancte
1003 2135 1170 2196 Katherine
1191 2137 1224 2196 in
1245 2136 1412 2210 Grachyna
1433 2135 1499 2196 tior.

234 2240 407 2313 duodecim,
429 2246 533 2300 sancte
556 2241 655 2300 crucis
676 2242 708 2300 in
730 2245 891 2300 cantoratu
911 2240 979 2300 flor.
1007 2241 1181 2314 duodecim,
1204 2243 1303 2302 sancti
1328 2241 1449 2302 Nicolai
1465 2243 1499 2301 in

233 2347 396 2421 Podgorya
428 2347 495 2409 flor.
527 2346 643 2420 decem,
677 2347 775 2406 sancti
811 2345 934 2408 Andree
969 2345 1103 2407 Chasme
1125 2363 1221 2424 supra
1244 2348 1397 2424 piscinam
1430 2347 1498 2408 llor.

235 2453 350 2526 decem,
386 2454 484 2512 sancti
517 2453 666 2536 Johannis
696 2453 728 2512 in
763 2453 914 2512 suburbio
950 2452 1014 2512 llor.
1042 2468 1097 2514 sex
1119 2459 1148 2514 et
1173 2454 1303 2514 ecclesie
1326 2453 1499 2530 parochiali

234 2561 293 2620 sub
320 2559 450 2620 ecclesia
484 2559 582 2618 sancti
604 2557 732 2634 spiritus
765 2559 830 2618 tlor.
866 2559 984 2620 decem.
1015 2560 1094 2619 Item
1128 2561 1168 2620 ad
1203 2559 1365 2622 ecclesiam
1395 2565 1499 2622 sancte

234 2667 428 2741 Margarethe
445 2667 490 2746 iu
522 2664 640 2740 oppido
671 2665 869 2738 Dombrensi,
892 2665 931 2724 ad
955 2667 1126 2726 necessaria
1157 2669 1272 2742 quibus
1298 2668 1398 2742 magis
1420 2665 1500 2726 indi·

233 2773 328 2846 gebit,
351 2773 422 2846 lego
444 2771 508 2830 llor.
540 2772 651 2844 viginti
678 2773 822 2846 quinque.
840 2771 888 2830 Ad
913 2777 1053 2832 sanctum
1078 2773 1245 2833 Martinam
1268 2773 1387 2834 ibidem
1411 2772 1496 2832 simi-

234 2879 308 2938 liter
334 2878 393 2936 ilor
433 2877 544 2951 viginti
575 2878 712 2951 quinque
742 2882 772 2935 et
795 2877 836 2936 ad
860 2878 1002 2936 laborem
1027 2880 1155 2938 ecclesie
1177 2879 1285 2940 filialis
1309 2882 1340 2940 in
1364 2878 1497 2954 Capella

233 2985 298 3044 flor.
333 2984 518 3059 quindecim.
542 2983 591 3042 nd
614 2984 778 3042 ecclesiam
791 2985 888 3044 sancti
911 2983 1041 3058 Georgii
1062 2986 1094 3045 in
1118 2986 1340 3046 Bonthosowcz
1362 2985 1428 3044 llor.
1451 2984 1497 3042 vi·

231 3092 318 3166 ginti,
343 3092 487 3150 similiter
509 3091 606 3150 sancti
629 3089 757 3164 Georgii
780 3091 811 3149 in
833 3091 944 3150 Lemes
966 3091 1030 3150 llor.
1054 3091 1199 3162 sedecim,
1224 3100 1254 3152 et
1270 3092 1310 3151 ad
1333 3090 1497 3150 ecclesiam

230 3199 328 3256 sancti
362 3197 483 3256 Nicolai
516 3197 548 3256 in
578 3196 687 3255 eadem
723 3197 883 3272 prouincia
916 3197 1105 3258 Dombrensi
1126 3199 1212 3257 iuxta
1243 3200 1329 3258 riam
1359 3195 1497 3255 Crisium

230 3303 332 3363 eundo
361 3303 428 3363 llor.
464 3303 610 3362 sedecim.
633 3303 711 3361 Item
745 3303 784 3361 ad
819 3303 961 3362 lahorem
985 3309 1015 3362 et
1040 3304 1117 3362 alias
1148 3306 1342 3364 necessitates
1366 3301 1495 3362 ecclesie

231 3411 421 3486 parochialis
451 3410 542 3469 beate
577 3409 673 3468 Marie
706 3409 837 3483 virginis
871 3410 901 3467 in
933 3409 1069 3468 iwanich
1090 3409 1162 3485 lego
1184 3410 1250 3469 flor.
1272 3409 1384 3484 viginti
1407 3407 1495 3482 quin·

231 3533 300 3592 que.
331 3517 411 3575 Item
442 3533 481 3576 ex
512 3531 574 3591 quo
596 3516 748 3575 moniales
769 3517 801 3574 in
824 3515 960 3574 claustro
984 3517 1073 3576 beate
1097 3517 1193 3576 Marie
1224 3517 1354 3590 virginis
1376 3514 1495 3574 ibidem

229 3623 261 3682 in
294 3622 438 3694 Iwanich
468 3639 529 3696 que
552 3620 677 3681 fuerunt
711 3621 828 3681 ordinis
855 3621 1074 3694 cisterciensis,
1097 3623 1130 3681 in
1165 3627 1286 3683 tantum
1308 3621 1493 3692 defecerant,

232 3728 317 3802 quod
341 3733 446 3803 preter
468 3744 563 3787 unam
594 3718 786 3803 decrepitam
811 3733 842 3787 et
865 3729 961 3787 aliam
983 3727 1137 3804 juniorem
1162 3730 1249 3788 nulla
1272 3735 1346 3802 erat,
1370 3743 1431 3802 que
1453 3725 1494 3786 ad

230 3835 360 3893 servicia
395 3841 425 3892 et
455 3833 559 3893 officia
592 3835 678 3893 illius
714 3834 842 3893 ecclesie
876 3849 938 3893 non
968 3835 1153 3907 sufficiebat,
1192 3836 1299 3896 habita
1322 3841 1368 3895 est
1390 3839 1493 3892 autem

228 3955 342 4014 magna
377 3940 542 4014 diligencia
572 3955 631 4015 pro
663 3941 810 4015 pluribus
842 3940 981 4000 eiusdem
1015 3941 1132 4000 ordinis
1155 3941 1344 4001 adducendis
1377 3940 1495 4013 ubique

227 4048 325 4106 eciam
349 4049 379 4106 in
404 4048 512 4106 vicinis
543 4047 730 4121 regionibus,
760 4063 798 4106 ex
820 4063 882 4123 quo
914 4048 945 4107 in
969 4047 1075 4122 aliquo
1099 4038 1235 4107 claustro
1258 4047 1344 4121 regni
1367 4047 1493 4119 Hunga-

226 4154 272 4212 rie
295 4169 356 4213 non
380 4160 458 4226 sunt,
481 4153 535 4212 sed
559 4154 648 4212 nullo
682 4170 721 4213 ex
743 4154 814 4246 lqco
844 4153 957 4212 adduci
980 4159 1161 4229 potuerunt;
1189 4169 1251 4230 quo
1275 4155 1343 4212 viso
1366 4166 1493 4212 necesse

228 4260 288 4320 luit
319 4259 485 4335 superinde
517 4261 678 4321 consulere
708 4260 812 4320 sedern
845 4261 1059 4336 apostolicam,
1083 4266 1118 4319 ut
1140 4260 1315 4320 sacerdotes
1338 4257 1493 4317 seculares

227 4372 356 4438 possent
379 4367 410 4424 in
431 4366 567 4426 claustro
591 4367 660 4441 ipso
683 4366 789 4426 divina
804 4366 908 4425 officia
924 4382 1081 4441 peragere,
1106 4366 1189 4442 quod
1214 4367 1282 4441 ipsa
1304 4381 1362 4440 per
1385 4362 1491 4421 bullas

225 4471 403 4540 concedens,
438 4479 548 4547 expost
579 4473 744 4548 presbiteri
771 4473 926 4532 seculares
949 4489 1074 4548 semper
1107 4474 1152 4532 lhi
1186 4472 1489 4532 administraverunt

225 4575 435 4635 possessiones
451 4583 563 4648 autem,
581 4595 641 4652 que
658 4577 781 4637 fuerunt
815 4593 853 4637 ex
877 4579 1124 4653 possessionibus
1147 4578 1277 4656 ecclesie
1299 4573 1491 4636 kathedralis

225 4679 265 4740 de
287 4697 394 4740 mensa
416 4683 534 4742 scilicet
550 4684 722 4759 episcopali
746 4684 794 4742 illi
818 4685 954 4744 claustro
977 4685 1143 4760 applicate,
1167 4685 1254 4743 licite
1276 4690 1381 4742 tenere
1404 4681 1492 4756 potui

226 4793 257 4846 et
279 4788 403 4846 solvere
418 4787 477 4848 ieci
500 4791 690 4864 presbiteris,
724 4791 779 4865 qui
801 4791 847 4849 ihi
870 4792 1151 4863 ministrarunt;si
1183 4797 1288 4849 tamen
1321 4788 1492 4872 successori

226 4893 367 4969 placeret
391 4911 429 4954 ex
453 4895 630 4969 devocione,
654 4898 706 4956 vel
729 4897 944 4969 alienialieni,
969 4898 1023 4972 qui
1043 4911 1103 4972 pro
1126 4897 1227 4955 salute
1250 4911 1306 4955 sua
1325 4893 1423 4954 vellet
1445 4895 1491 4954 la·

226 5000 350 5074 borare,
373 5001 459 5076 quod
483 5003 522 5061 de
545 5003 602 5062 illo
624 5002 735 5062 ordine
758 5003 820 5064 alie
842 5018 973 5078 persone
1003 5003 1130 5062 honeste
1153 5001 1397 5076 introducentur,
1420 5015 1490 5060 sum
