<?xml version="1.0" encoding="UTF-8"?>
<!DOCTYPE html PUBLIC "-//W3C//DTD XHTML 1.0 Transitional//EN"
    "http://www.w3.org/TR/xhtml1/DTD/xhtml1-transitional.dtd">
<html xmlns="http://www.w3.org/1999/xhtml" xml:lang="en" lang="en">
 <head>
  <title>
</title>
<meta http-equiv="Content-Type" content="text/html;charset=utf-8" />
  <meta name='ocr-system' content='tesseract 3.04.00' />
  <meta name='ocr-capabilities' content='ocr_page ocr_carea ocr_par ocr_line ocrx_word'/>
</head>
<body>
  <div class='ocr_page' id='page_1' title='image "./monumentahistor20laszgoog_0533.png"; bbox 0 0 3932 5806; ppageno 0'>
   <div class='ocr_carea' id='block_1_1' title="bbox 383 515 1218 597">
    <p class='ocr_par' dir='ltr' id='par_1_1' title="bbox 383 515 1218 597">
     <span class='ocr_line' id='line_1_1' title="bbox 383 515 1218 597; baseline 0 -19"><span class='ocrx_word' id='word_1_1' title='bbox 383 519 445 590; x_wconf 79' lang='lat'>276</span> <span class='ocrx_word' id='word_1_2' title='bbox 787 519 861 577; x_wconf 77' lang='lat' dir='ltr'>Dec.</span> <span class='ocrx_word' id='word_1_3' title='bbox 883 515 956 581; x_wconf 85' lang='lat'><em>216.</em></span> <span class='ocrx_word' id='word_1_4' title='bbox 981 553 1020 563; x_wconf 96' lang='lat'><em>-</em></span> <span class='ocrx_word' id='word_1_5' title='bbox 1045 515 1218 597; x_wconf 70' lang='lat' dir='ltr'>An146o.</span> 
     </span>
    </p>
   </div>
   <div class='ocr_carea' id='block_1_2' title="bbox 377 727 1644 2298">
    <p class='ocr_par' dir='ltr' id='par_1_2' title="bbox 377 727 1644 2298">
     <span class='ocr_line' id='line_1_2' title="bbox 380 727 1643 818; baseline 0.002 -26"><span class='ocrx_word' id='word_1_6' title='bbox 380 734 476 794; x_wconf 81' lang='lat' dir='ltr'>turris</span> <span class='ocrx_word' id='word_1_7' title='bbox 505 727 647 808; x_wconf 83' lang='lat' dir='ltr'>ipsomin</span> <span class='ocrx_word' id='word_1_8' title='bbox 669 734 710 818; x_wconf 34' lang='lat' dir='ltr'>in·</span> <span class='ocrx_word' id='word_1_9' title='bbox 731 733 813 792; x_wconf 89' lang='lat' dir='ltr'>dicta</span> <span class='ocrx_word' id='word_1_10' title='bbox 835 735 961 793; x_wconf 90' lang='lat' dir='ltr'>civitate</span> <span class='ocrx_word' id='word_1_11' title='bbox 983 736 1098 794; x_wconf 87' lang='lat' dir='ltr'>montis</span> <span class='ocrx_word' id='word_1_12' title='bbox 1120 734 1283 794; x_wconf 89' lang='lat' dir='ltr'>Grecensis</span> <span class='ocrx_word' id='word_1_13' title='bbox 1306 735 1421 808; x_wconf 89' lang='lat' dir='ltr'>habite,</span> <span class='ocrx_word' id='word_1_14' title='bbox 1444 737 1529 810; x_wconf 92' lang='lat' dir='ltr'>ipsos</span> <span class='ocrx_word' id='word_1_15' title='bbox 1552 750 1643 799; x_wconf 76' lang='lat' dir='ltr'>cano·</span> 
     </span>
     <span class='ocr_line' id='line_1_3' title="bbox 379 833 1640 919; baseline 0.002 -21"><span class='ocrx_word' id='word_1_16' title='bbox 379 841 465 899; x_wconf 89' lang='lat' dir='ltr'>nioos</span> <span class='ocrx_word' id='word_1_17' title='bbox 494 841 536 898; x_wconf 90' lang='lat' dir='ltr'>ab</span> <span class='ocrx_word' id='word_1_18' title='bbox 566 834 706 919; x_wconf 89' lang='lat' dir='ltr'>(antiquo</span> <span class='ocrx_word' id='word_1_19' title='bbox 736 833 958 918; x_wconf 67' lang='lat' dir='ltr'>concelrnentis</span> <span class='ocrx_word' id='word_1_20' title='bbox 989 849 1019 899; x_wconf 84' lang='lat' dir='ltr'>et</span> <span class='ocrx_word' id='word_1_21' title='bbox 1052 847 1208 900; x_wconf 89' lang='lat' dir='ltr'>metarum</span> <span class='ocrx_word' id='word_1_22' title='bbox 1230 841 1370 900; x_wconf 91' lang='lat' dir='ltr'>eiusdem</span> <span class='ocrx_word' id='word_1_23' title='bbox 1393 857 1464 900; x_wconf 90' lang='lat' dir='ltr'>cum</span> <span class='ocrx_word' id='word_1_24' title='bbox 1487 843 1640 900; x_wconf 85' lang='lat' dir='ltr'><strong>mensuris</strong></span> 
     </span>
     <span class='ocr_line' id='line_1_4' title="bbox 379 946 1644 1022; baseline 0.001 -18"><span class='ocrx_word' id='word_1_25' title='bbox 379 946 540 1020; x_wconf 85' lang='lat' dir='ltr'>regalibus</span> <span class='ocrx_word' id='word_1_26' title='bbox 554 947 632 1005; x_wconf 90' lang='lat' dir='ltr'>olim</span> <span class='ocrx_word' id='word_1_27' title='bbox 648 955 907 1018; x_wconf 84' lang='lat' dir='ltr'>mensuratamm,</span> <span class='ocrx_word' id='word_1_28' title='bbox 923 948 1097 1021; x_wconf 91' lang='lat' dir='ltr'>plurimum</span> <span class='ocrx_word' id='word_1_29' title='bbox 1112 947 1306 1022; x_wconf 87' lang='lat' dir='ltr'>impediretis</span> <span class='ocrx_word' id='word_1_30' title='bbox 1322 955 1352 1006; x_wconf 87' lang='lat' dir='ltr'>el</span> <span class='ocrx_word' id='word_1_31' title='bbox 1368 965 1423 1006; x_wconf 89' lang='lat' dir='ltr'>nec</span> <span class='ocrx_word' id='word_1_32' title='bbox 1445 949 1529 1021; x_wconf 89' lang='lat' dir='ltr'>ipsas</span> <span class='ocrx_word' id='word_1_33' title='bbox 1544 953 1644 1006; x_wconf 88' lang='lat' dir='ltr'>metas</span> 
     </span>
     <span class='ocr_line' id='line_1_5' title="bbox 380 1051 1641 1130; baseline -0.001 -19"><span class='ocrx_word' id='word_1_34' title='bbox 380 1051 462 1112; x_wconf 90' lang='lat' dir='ltr'>dicte</span> <span class='ocrx_word' id='word_1_35' title='bbox 492 1054 586 1113; x_wconf 85' lang='lat' dir='ltr'>turris</span> <span class='ocrx_word' id='word_1_36' title='bbox 616 1067 676 1128; x_wconf 93' lang='lat' dir='ltr'>pro</span> <span class='ocrx_word' id='word_1_37' title='bbox 706 1055 834 1112; x_wconf 92' lang='lat' dir='ltr'>tucioris</span> <span class='ocrx_word' id='word_1_38' title='bbox 864 1055 962 1128; x_wconf 90' lang='lat' dir='ltr'>ipsius</span> <span class='ocrx_word' id='word_1_39' title='bbox 986 1055 1116 1128; x_wconf 91' lang='lat' dir='ltr'>capituli</span> <span class='ocrx_word' id='word_1_40' title='bbox 1137 1053 1368 1130; x_wconf 82' lang='lat' dir='ltr'>juriseaulela,</span> <span class='ocrx_word' id='word_1_41' title='bbox 1391 1071 1464 1112; x_wconf 91' lang='lat' dir='ltr'>cum</span> <span class='ocrx_word' id='word_1_42' title='bbox 1487 1053 1641 1112; x_wconf 81' lang='lat' dir='ltr'>mensuris</span> 
     </span>
     <span class='ocr_line' id='line_1_6' title="bbox 378 1159 1640 1234; baseline -0.001 -16"><span class='ocrx_word' id='word_1_43' title='bbox 378 1159 538 1234; x_wconf 86' lang='lat' dir='ltr'>regalibus</span> <span class='ocrx_word' id='word_1_44' title='bbox 568 1175 748 1219; x_wconf 90' lang='lat' dir='ltr'>mensurare</span> <span class='ocrx_word' id='word_1_45' title='bbox 771 1167 802 1218; x_wconf 92' lang='lat' dir='ltr'>et</span> <span class='ocrx_word' id='word_1_46' title='bbox 823 1167 979 1218; x_wconf 91' lang='lat' dir='ltr'>metarum</span> <span class='ocrx_word' id='word_1_47' title='bbox 1003 1161 1113 1220; x_wconf 83' lang='lat' dir='ltr'>exinde</span> <span class='ocrx_word' id='word_1_48' title='bbox 1136 1162 1363 1234; x_wconf 89' lang='lat' dir='ltr'>assignaciones</span> <span class='ocrx_word' id='word_1_49' title='bbox 1386 1159 1489 1218; x_wconf 82' lang='lat' dir='ltr'>iacere</span> <span class='ocrx_word' id='word_1_50' title='bbox 1511 1160 1640 1234; x_wconf 88' lang='lat' dir='ltr'>permit·</span> 
     </span>
     <span class='ocr_line' id='line_1_7' title="bbox 379 1265 1642 1344; baseline 0 -20"><span class='ocrx_word' id='word_1_51' title='bbox 379 1267 485 1324; x_wconf 89' lang='lat' dir='ltr'>teretis</span> <span class='ocrx_word' id='word_1_52' title='bbox 504 1267 536 1326; x_wconf 89' lang='lat' dir='ltr'>in</span> <span class='ocrx_word' id='word_1_53' title='bbox 559 1267 657 1342; x_wconf 90' lang='lat' dir='ltr'>ipsius</span> <span class='ocrx_word' id='word_1_54' title='bbox 679 1269 809 1343; x_wconf 84' lang='lat' dir='ltr'>capituli</span> <span class='ocrx_word' id='word_1_55' title='bbox 823 1266 902 1344; x_wconf 88' lang='lat' dir='ltr'>juris</span> <span class='ocrx_word' id='word_1_56' title='bbox 917 1269 1126 1343; x_wconf 88' lang='lat' dir='ltr'>preludicium</span> <span class='ocrx_word' id='word_1_57' title='bbox 1148 1275 1179 1326; x_wconf 90' lang='lat' dir='ltr'>et</span> <span class='ocrx_word' id='word_1_58' title='bbox 1201 1267 1374 1341; x_wconf 84' lang='lat' dir='ltr'>dampnum</span> <span class='ocrx_word' id='word_1_59' title='bbox 1390 1280 1452 1326; x_wconf 93' lang='lat' dir='ltr'>non</span> <span class='ocrx_word' id='word_1_60' title='bbox 1475 1265 1642 1326; x_wconf 91' lang='lat' dir='ltr'>modicum.</span> 
     </span>
     <span class='ocr_line' id='line_1_8' title="bbox 378 1371 1642 1448; baseline -0.002 -17"><span class='ocrx_word' id='word_1_61' title='bbox 378 1373 444 1432; x_wconf 88' lang='lat' dir='ltr'>Nos</span> <span class='ocrx_word' id='word_1_62' title='bbox 466 1379 568 1434; x_wconf 89' lang='lat' dir='ltr'>autem</span> <span class='ocrx_word' id='word_1_63' title='bbox 593 1376 695 1448; x_wconf 81' lang='lat' dir='ltr'>ipsam</span> <span class='ocrx_word' id='word_1_64' title='bbox 717 1375 879 1433; x_wconf 91' lang='lat' dir='ltr'>ecclesiam</span> <span class='ocrx_word' id='word_1_65' title='bbox 901 1375 1133 1448; x_wconf 85' lang='lat' dir='ltr'>zagrabiensem</span> <span class='ocrx_word' id='word_1_66' title='bbox 1157 1375 1189 1433; x_wconf 92' lang='lat' dir='ltr'>in</span> <span class='ocrx_word' id='word_1_67' title='bbox 1211 1375 1336 1432; x_wconf 93' lang='lat' dir='ltr'>nomine</span> <span class='ocrx_word' id='word_1_68' title='bbox 1360 1372 1547 1432; x_wconf 78' lang='lat' dir='ltr'>sanctissimi</span> <span class='ocrx_word' id='word_1_69' title='bbox 1561 1371 1642 1445; x_wconf 88' lang='lat' dir='ltr'>regis</span> 
     </span>
     <span class='ocr_line' id='line_1_9' title="bbox 378 1477 1644 1555; baseline -0.003 -17"><span class='ocrx_word' id='word_1_70' title='bbox 378 1477 527 1554; x_wconf 82' lang='lat' dir='ltr'>Stephani</span> <span class='ocrx_word' id='word_1_71' title='bbox 549 1479 719 1553; x_wconf 80' lang='lat' dir='ltr'>fundatam,</span> <span class='ocrx_word' id='word_1_72' title='bbox 752 1483 784 1540; x_wconf 93' lang='lat' dir='ltr'>in</span> <span class='ocrx_word' id='word_1_73' title='bbox 808 1495 871 1555; x_wconf 90' lang='lat' dir='ltr'>quo</span> <span class='ocrx_word' id='word_1_74' title='bbox 893 1497 982 1555; x_wconf 88' lang='lat' dir='ltr'>spem</span> <span class='ocrx_word' id='word_1_75' title='bbox 1004 1487 1142 1540; x_wconf 88' lang='lat' dir='ltr'>nostram</span> <span class='ocrx_word' id='word_1_76' title='bbox 1165 1481 1303 1554; x_wconf 82' lang='lat' dir='ltr'>gerimus</span> <span class='ocrx_word' id='word_1_77' title='bbox 1325 1479 1504 1554; x_wconf 86' lang='lat' dir='ltr'>specialem,</span> <span class='ocrx_word' id='word_1_78' title='bbox 1526 1478 1557 1536; x_wconf 91' lang='lat' dir='ltr'>in</span> <span class='ocrx_word' id='word_1_79' title='bbox 1580 1478 1644 1535; x_wconf 91' lang='lat' dir='ltr'>suis</span> 
     </span>
     <span class='ocr_line' id='line_1_10' title="bbox 377 1583 1643 1662; baseline -0.003 -17"><span class='ocrx_word' id='word_1_80' title='bbox 377 1583 467 1662; x_wconf 85' lang='lat' dir='ltr'>justis</span> <span class='ocrx_word' id='word_1_81' title='bbox 488 1585 611 1662; x_wconf 86' lang='lat' dir='ltr'>juribus</span> <span class='ocrx_word' id='word_1_82' title='bbox 633 1589 772 1662; x_wconf 85' lang='lat' dir='ltr'>opprimi</span> <span class='ocrx_word' id='word_1_83' title='bbox 795 1593 825 1646; x_wconf 90' lang='lat' dir='ltr'>et</span> <span class='ocrx_word' id='word_1_84' title='bbox 848 1587 974 1646; x_wconf 78' lang='lat' dir='ltr'>destitui</span> <span class='ocrx_word' id='word_1_85' title='bbox 996 1589 1144 1646; x_wconf 89' lang='lat' dir='ltr'>nolumus</span> <span class='ocrx_word' id='word_1_86' title='bbox 1167 1587 1279 1660; x_wconf 90' lang='lat' dir='ltr'>quovis</span> <span class='ocrx_word' id='word_1_87' title='bbox 1302 1585 1405 1657; x_wconf 90' lang='lat' dir='ltr'>modo,</span> <span class='ocrx_word' id='word_1_88' title='bbox 1429 1599 1526 1659; x_wconf 91' lang='lat' dir='ltr'>quare</span> <span class='ocrx_word' id='word_1_89' title='bbox 1541 1583 1643 1642; x_wconf 86' lang='lat' dir='ltr'>fideli·</span> 
     </span>
     <span class='ocr_line' id='line_1_11' title="bbox 378 1691 1641 1768; baseline -0.004 -16"><span class='ocrx_word' id='word_1_90' title='bbox 378 1693 435 1752; x_wconf 89' lang='lat' dir='ltr'>tati</span> <span class='ocrx_word' id='word_1_91' title='bbox 463 1699 566 1752; x_wconf 78' lang='lat' dir='ltr'>vestre</span> <span class='ocrx_word' id='word_1_92' title='bbox 596 1695 793 1768; x_wconf 85' lang='lat' dir='ltr'>presentibus</span> <span class='ocrx_word' id='word_1_93' title='bbox 816 1693 1042 1752; x_wconf 78' lang='lat' dir='ltr'>districtissime</span> <span class='ocrx_word' id='word_1_94' title='bbox 1064 1694 1269 1768; x_wconf 89' lang='lat' dir='ltr'>precipientes</span> <span class='ocrx_word' id='word_1_95' title='bbox 1292 1691 1486 1762; x_wconf 84' lang='lat' dir='ltr'>mandamus,</span> <span class='ocrx_word' id='word_1_96' title='bbox 1507 1691 1552 1748; x_wconf 92' lang='lat' dir='ltr'>sic</span> <span class='ocrx_word' id='word_1_97' title='bbox 1574 1704 1641 1748; x_wconf 93' lang='lat' dir='ltr'>om·</span> 
     </span>
     <span class='ocr_line' id='line_1_12' title="bbox 378 1789 1642 1874; baseline -0.005 -15"><span class='ocrx_word' id='word_1_98' title='bbox 378 1801 452 1859; x_wconf 89' lang='lat' dir='ltr'>nino</span> <span class='ocrx_word' id='word_1_99' title='bbox 473 1799 590 1858; x_wconf 90' lang='lat' dir='ltr'>habere</span> <span class='ocrx_word' id='word_1_100' title='bbox 612 1801 759 1872; x_wconf 90' lang='lat' dir='ltr'>volentes,</span> <span class='ocrx_word' id='word_1_101' title='bbox 784 1807 935 1874; x_wconf 90' lang='lat' dir='ltr'>quatenus</span> <span class='ocrx_word' id='word_1_102' title='bbox 958 1791 1092 1873; x_wconf 83' lang='lat' dir='ltr'>acceptis</span> <span class='ocrx_word' id='word_1_103' title='bbox 1116 1789 1320 1874; x_wconf 79' lang='lat' dir='ltr'>presentibus,</span> <span class='ocrx_word' id='word_1_104' title='bbox 1343 1799 1427 1872; x_wconf 91' lang='lat' dir='ltr'>ipsos</span> <span class='ocrx_word' id='word_1_105' title='bbox 1451 1795 1594 1854; x_wconf 91' lang='lat' dir='ltr'>dominos</span> <span class='ocrx_word' id='word_1_106' title='bbox 1609 1797 1642 1853; x_wconf 93' lang='lat' dir='ltr'>in</span> 
     </span>
     <span class='ocr_line' id='line_1_13' title="bbox 378 1900 1643 1976; baseline -0.005 -12"><span class='ocrx_word' id='word_1_107' title='bbox 378 1905 518 1965; x_wconf 89' lang='lat' dir='ltr'>dominio</span> <span class='ocrx_word' id='word_1_108' title='bbox 540 1905 621 1965; x_wconf 89' lang='lat' dir='ltr'>dicte</span> <span class='ocrx_word' id='word_1_109' title='bbox 640 1908 735 1966; x_wconf 90' lang='lat' dir='ltr'>turris</span> <span class='ocrx_word' id='word_1_110' title='bbox 759 1922 868 1966; x_wconf 91' lang='lat' dir='ltr'>eorum</span> <span class='ocrx_word' id='word_1_111' title='bbox 890 1913 920 1964; x_wconf 92' lang='lat' dir='ltr'>et</span> <span class='ocrx_word' id='word_1_112' title='bbox 936 1911 1091 1964; x_wconf 88' lang='lat' dir='ltr'>metarum</span> <span class='ocrx_word' id='word_1_113' title='bbox 1106 1905 1245 1964; x_wconf 90' lang='lat' dir='ltr'>eiusdem</span> <span class='ocrx_word' id='word_1_114' title='bbox 1261 1905 1349 1962; x_wconf 92' lang='lat' dir='ltr'>nullo</span> <span class='ocrx_word' id='word_1_115' title='bbox 1373 1903 1467 1962; x_wconf 91' lang='lat' dir='ltr'>modo</span> <span class='ocrx_word' id='word_1_116' title='bbox 1489 1900 1643 1976; x_wconf 89' lang='lat' dir='ltr'>impedire</span> 
     </span>
     <span class='ocr_line' id='line_1_14' title="bbox 378 2006 1643 2087; baseline -0.005 -17"><span class='ocrx_word' id='word_1_117' title='bbox 378 2018 409 2070; x_wconf 91' lang='lat' dir='ltr'>et</span> <span class='ocrx_word' id='word_1_118' title='bbox 439 2019 538 2072; x_wconf 90' lang='lat' dir='ltr'>metas</span> <span class='ocrx_word' id='word_1_119' title='bbox 568 2014 600 2072; x_wconf 92' lang='lat' dir='ltr'>in</span> <span class='ocrx_word' id='word_1_120' title='bbox 631 2019 697 2072; x_wconf 92' lang='lat' dir='ltr'>toto</span> <span class='ocrx_word' id='word_1_121' title='bbox 728 2014 780 2071; x_wconf 87' lang='lat' dir='ltr'>vel</span> <span class='ocrx_word' id='word_1_122' title='bbox 813 2019 902 2087; x_wconf 90' lang='lat' dir='ltr'>parte</span> <span class='ocrx_word' id='word_1_123' title='bbox 925 2027 1077 2087; x_wconf 90' lang='lat' dir='ltr'>usurpare</span> <span class='ocrx_word' id='word_1_124' title='bbox 1100 2011 1352 2086; x_wconf 87' lang='lat' dir='ltr'>presumpmatis,</span> <span class='ocrx_word' id='word_1_125' title='bbox 1376 2009 1431 2068; x_wconf 87' lang='lat' dir='ltr'>sed</span> <span class='ocrx_word' id='word_1_126' title='bbox 1454 2006 1571 2066; x_wconf 89' lang='lat' dir='ltr'>eisdem</span> <span class='ocrx_word' id='word_1_127' title='bbox 1588 2006 1643 2065; x_wconf 94' lang='lat' dir='ltr'>do·</span> 
     </span>
     <span class='ocr_line' id='line_1_15' title="bbox 378 2114 1643 2194; baseline -0.006 -16"><span class='ocrx_word' id='word_1_128' title='bbox 378 2119 471 2178; x_wconf 87' lang='lat' dir='ltr'>minis</span> <span class='ocrx_word' id='word_1_129' title='bbox 493 2121 597 2194; x_wconf 85' lang='lat' dir='ltr'>ipsam</span> <span class='ocrx_word' id='word_1_130' title='bbox 612 2120 724 2178; x_wconf 88' lang='lat' dir='ltr'>turrim</span> <span class='ocrx_word' id='word_1_131' title='bbox 747 2127 777 2178; x_wconf 90' lang='lat' dir='ltr'>et</span> <span class='ocrx_word' id='word_1_132' title='bbox 798 2126 898 2177; x_wconf 89' lang='lat' dir='ltr'>metas</span> <span class='ocrx_word' id='word_1_133' title='bbox 920 2119 1060 2178; x_wconf 90' lang='lat' dir='ltr'>eiusdem</span> <span class='ocrx_word' id='word_1_134' title='bbox 1082 2117 1211 2192; x_wconf 87' lang='lat' dir='ltr'>pacifice</span> <span class='ocrx_word' id='word_1_135' title='bbox 1234 2122 1346 2188; x_wconf 89' lang='lat' dir='ltr'>tenere,</span> <span class='ocrx_word' id='word_1_136' title='bbox 1369 2123 1400 2175; x_wconf 93' lang='lat' dir='ltr'>et</span> <span class='ocrx_word' id='word_1_137' title='bbox 1423 2114 1643 2174; x_wconf 88' lang='lat' dir='ltr'>nichilominus</span> 
     </span>
     <span class='ocr_line' id='line_1_16' title="bbox 380 2219 1642 2298; baseline -0.006 -13"><span class='ocrx_word' id='word_1_138' title='bbox 380 2231 478 2284; x_wconf 90' lang='lat' dir='ltr'>metas</span> <span class='ocrx_word' id='word_1_139' title='bbox 509 2227 689 2285; x_wconf 92' lang='lat' dir='ltr'>huiusmodi</span> <span class='ocrx_word' id='word_1_140' title='bbox 722 2226 761 2284; x_wconf 89' lang='lat' dir='ltr'>ad</span> <span class='ocrx_word' id='word_1_141' title='bbox 793 2225 909 2285; x_wconf 90' lang='lat' dir='ltr'>dictam</span> <span class='ocrx_word' id='word_1_142' title='bbox 940 2227 1051 2284; x_wconf 90' lang='lat' dir='ltr'>turrim</span> <span class='ocrx_word' id='word_1_143' title='bbox 1083 2225 1270 2298; x_wconf 89' lang='lat' dir='ltr'>pertinentes</span> <span class='ocrx_word' id='word_1_144' title='bbox 1300 2224 1454 2282; x_wconf 89' lang='lat' dir='ltr'>mensuris</span> <span class='ocrx_word' id='word_1_145' title='bbox 1483 2219 1642 2294; x_wconf 83' lang='lat' dir='ltr'>regalibus</span> 
     </span>
    </p>
   </div>
   <div class='ocr_carea' id='block_1_3' title="bbox 378 2328 1761 2406">
    <p class='ocr_par' dir='ltr' id='par_1_3' title="bbox 378 2328 1761 2406">
     <span class='ocr_line' id='line_1_17' title="bbox 378 2328 1761 2406; baseline -0.001 -16"><span class='ocrx_word' id='word_1_146' title='bbox 378 2347 572 2404; x_wconf 88' lang='lat' dir='ltr'>mensurare,</span> <span class='ocrx_word' id='word_1_147' title='bbox 603 2332 745 2406; x_wconf 83' lang='lat' dir='ltr'>factaque</span> <span class='ocrx_word' id='word_1_148' title='bbox 775 2333 1024 2404; x_wconf 89' lang='lat' dir='ltr'>mensuracione‚</span> <span class='ocrx_word' id='word_1_149' title='bbox 1055 2330 1166 2389; x_wconf 84' lang='lat' dir='ltr'>exinde</span> <span class='ocrx_word' id='word_1_150' title='bbox 1196 2336 1294 2388; x_wconf 88' lang='lat' dir='ltr'>metas</span> <span class='ocrx_word' id='word_1_151' title='bbox 1332 2344 1429 2387; x_wconf 89' lang='lat' dir='ltr'>novas</span> <span class='ocrx_word' id='word_1_152' title='bbox 1459 2328 1537 2401; x_wconf 85' lang='lat' dir='ltr'>erigi</span> <span class='ocrx_word' id='word_1_153' title='bbox 1571 2341 1641 2401; x_wconf 86' lang='lat' dir='ltr'>per·</span> <span class='ocrx_word' id='word_1_154' title='bbox 1755 2351 1761 2358; x_wconf 94' lang='lat'><em>·</em></span> 
     </span>
    </p>
   </div>
   <div class='ocr_carea' id='block_1_4' title="bbox 352 2433 1640 2522">
    <p class='ocr_par' dir='ltr' id='par_1_4' title="bbox 352 2433 1640 2522">
     <span class='ocr_line' id='line_1_18' title="bbox 352 2433 1640 2522; baseline -0.005 -26"><span class='ocrx_word' id='word_1_155' title='bbox 352 2439 509 2522; x_wconf 80' lang='lat' dir='ltr'>mittere,</span> <span class='ocrx_word' id='word_1_156' title='bbox 540 2433 728 2513; x_wconf 85' lang='lat' dir='ltr'>tandemque</span> <span class='ocrx_word' id='word_1_157' title='bbox 759 2439 863 2513; x_wconf 91' lang='lat' dir='ltr'>ipsum</span> <span class='ocrx_word' id='word_1_158' title='bbox 895 2439 1069 2512; x_wconf 87' lang='lat' dir='ltr'>capitulum</span> <span class='ocrx_word' id='word_1_159' title='bbox 1093 2443 1130 2494; x_wconf 87' lang='lat' dir='ltr'>&#39;et</span> <span class='ocrx_word' id='word_1_160' title='bbox 1153 2435 1296 2494; x_wconf 91' lang='lat' dir='ltr'>dominos</span> <span class='ocrx_word' id='word_1_161' title='bbox 1326 2435 1365 2493; x_wconf 90' lang='lat' dir='ltr'>de</span> <span class='ocrx_word' id='word_1_162' title='bbox 1388 2433 1499 2494; x_wconf 90' lang='lat' dir='ltr'>eodem</span> <span class='ocrx_word' id='word_1_163' title='bbox 1522 2433 1554 2491; x_wconf 91' lang='lat' dir='ltr'>in</span> <span class='ocrx_word' id='word_1_164' title='bbox 1575 2439 1640 2490; x_wconf 88' lang='lat' dir='ltr'>tam</span> 
     </span>
    </p>
   </div>
   <div class='ocr_carea' id='block_1_5' title="bbox 377 2537 1763 2726">
    <p class='ocr_par' dir='ltr' id='par_1_5' title="bbox 377 2537 1763 2726">
     <span class='ocr_line' id='line_1_19' title="bbox 377 2537 1734 2618; baseline -0.004 -16"><span class='ocrx_word' id='word_1_165' title='bbox 377 2544 509 2618; x_wconf 86' lang='lat' dir='ltr'>pacifico</span> <span class='ocrx_word' id='word_1_166' title='bbox 532 2545 671 2605; x_wconf 91' lang='lat' dir='ltr'>dominio</span> <span class='ocrx_word' id='word_1_167' title='bbox 694 2547 774 2603; x_wconf 90' lang='lat' dir='ltr'>tueri</span> <span class='ocrx_word' id='word_1_168' title='bbox 797 2551 827 2603; x_wconf 90' lang='lat' dir='ltr'>et</span> <span class='ocrx_word' id='word_1_169' title='bbox 851 2560 1035 2603; x_wconf 89' lang='lat' dir='ltr'>conservare</span> <span class='ocrx_word' id='word_1_170' title='bbox 1050 2543 1197 2614; x_wconf 70' lang='lat' dir='ltr'>debentia,</span> <span class='ocrx_word' id='word_1_171' title='bbox 1212 2548 1247 2600; x_wconf 91' lang='lat' dir='ltr'>ut</span> <span class='ocrx_word' id='word_1_172' title='bbox 1270 2543 1347 2616; x_wconf 90' lang='lat' dir='ltr'>ipsis</span> <span class='ocrx_word' id='word_1_173' title='bbox 1359 2541 1397 2598; x_wconf 91' lang='lat' dir='ltr'>de</span> <span class='ocrx_word' id='word_1_174' title='bbox 1420 2547 1523 2598; x_wconf 90' lang='lat' dir='ltr'>cetero</span> <span class='ocrx_word' id='word_1_175' title='bbox 1538 2545 1642 2612; x_wconf 77' lang='lat' dir='ltr'>nostre</span> <span class='ocrx_word' id='word_1_176' title='bbox 1728 2537 1734 2544; x_wconf 90' lang='lat'>&#39;</span> 
     </span>
     <span class='ocr_line' id='line_1_20' title="bbox 377 2636 1763 2726; baseline -0.005 -17"><span class='ocrx_word' id='word_1_177' title='bbox 377 2652 409 2710; x_wconf 90' lang='lat' dir='ltr'>in</span> <span class='ocrx_word' id='word_1_178' title='bbox 424 2652 482 2709; x_wconf 91' lang='lat' dir='ltr'>hac</span> <span class='ocrx_word' id='word_1_179' title='bbox 497 2659 585 2726; x_wconf 91' lang='lat' dir='ltr'>parte</span> <span class='ocrx_word' id='word_1_180' title='bbox 601 2667 663 2710; x_wconf 92' lang='lat' dir='ltr'>non</span> <span class='ocrx_word' id='word_1_181' title='bbox 678 2653 718 2712; x_wconf 90' lang='lat' dir='ltr'>sit</span> <span class='ocrx_word' id='word_1_182' title='bbox 740 2666 820 2725; x_wconf 93' lang='lat' dir='ltr'>opus</span> <span class='ocrx_word' id='word_1_183' title='bbox 843 2650 1002 2725; x_wconf 83' lang='lat' dir='ltr'>querulari</span> <span class='ocrx_word' id='word_1_184' title='bbox 1026 2650 1190 2709; x_wconf 89' lang='lat' dir='ltr'>maiestati.</span> <span class='ocrx_word' id='word_1_185' title='bbox 1214 2648 1308 2708; x_wconf 86' lang='lat' dir='ltr'>Secus</span> <span class='ocrx_word' id='word_1_186' title='bbox 1330 2650 1434 2722; x_wconf 85' lang='lat' dir='ltr'>gracie</span> <span class='ocrx_word' id='word_1_187' title='bbox 1456 2654 1563 2704; x_wconf 91' lang='lat' dir='ltr'>nostre</span> <span class='ocrx_word' id='word_1_188' title='bbox 1581 2645 1641 2703; x_wconf 91' lang='lat' dir='ltr'>sub</span> <span class='ocrx_word' id='word_1_189' title='bbox 1755 2636 1763 2648; x_wconf 86' lang='lat'>&#39;</span> 
     </span>
    </p>
   </div>
   <div class='ocr_carea' id='block_1_6' title="bbox 377 2751 1640 3043">
    <p class='ocr_par' dir='ltr' id='par_1_6' title="bbox 377 2751 1640 3043">
     <span class='ocr_line' id='line_1_21' title="bbox 377 2751 1638 2847; baseline -0.006 -32"><span class='ocrx_word' id='word_1_190' title='bbox 377 2757 504 2816; x_wconf 91' lang='lat' dir='ltr'>obtentu</span> <span class='ocrx_word' id='word_1_191' title='bbox 528 2773 590 2816; x_wconf 92' lang='lat' dir='ltr'>non</span> <span class='ocrx_word' id='word_1_192' title='bbox 613 2756 734 2816; x_wconf 79' lang='lat' dir='ltr'>facturi</span> <span class='ocrx_word' id='word_1_193' title='bbox 757 2757 955 2815; x_wconf 90' lang='lat' dir='ltr'>Presentibus</span> <span class='ocrx_word' id='word_1_194' title='bbox 978 2757 1133 2830; x_wconf 85' lang='lat' dir='ltr'>perlectis,</span> <span class='ocrx_word' id='word_1_195' title='bbox 1158 2756 1316 2813; x_wconf 81' lang='lat' dir='ltr'>exhibenti</span> <span class='ocrx_word' id='word_1_196' title='bbox 1339 2751 1496 2847; x_wconf 74' lang='lat' dir='ltr'>restitutis.</span> <span class='ocrx_word' id='word_1_197' title='bbox 1520 2751 1638 2809; x_wconf 88' lang='lat' dir='ltr'>Datum</span> 
     </span>
     <span class='ocr_line' id='line_1_22' title="bbox 377 2833 1640 2944; baseline -0.006 -22"><span class='ocrx_word' id='word_1_198' title='bbox 377 2861 462 2922; x_wconf 92' lang='lat' dir='ltr'>Bude</span> <span class='ocrx_word' id='word_1_199' title='bbox 485 2863 562 2922; x_wconf 83' lang='lat' dir='ltr'>feria</span> <span class='ocrx_word' id='word_1_200' title='bbox 587 2869 697 2938; x_wconf 88' lang='lat' dir='ltr'>quarta</span> <span class='ocrx_word' id='word_1_201' title='bbox 720 2865 865 2938; x_wconf 85' lang='lat' dir='ltr'>proxima</span> <span class='ocrx_word' id='word_1_202' title='bbox 880 2870 951 2922; x_wconf 91' lang='lat' dir='ltr'>ante</span> <span class='ocrx_word' id='word_1_203' title='bbox 974 2862 1087 2920; x_wconf 84' lang='lat' dir='ltr'>festum</span> <span class='ocrx_word' id='word_1_204' title='bbox 1104 2863 1187 2920; x_wconf 91' lang='lat' dir='ltr'>beati</span> <span class='ocrx_word' id='word_1_205' title='bbox 1209 2837 1358 2944; x_wconf 84' lang='lat' dir='ltr'>Johannis</span> <span class='ocrx_word' id='word_1_206' title='bbox 1371 2833 1524 2934; x_wconf 84' lang='lat' dir='ltr'>baptiste</span> <span class='ocrx_word' id='word_1_207' title='bbox 1551 2859 1640 2934; x_wconf 79' lang='lat' dir='ltr'>Anno</span> 
     </span>
     <span class='ocr_line' id='line_1_23' title="bbox 378 2968 1409 3043; baseline -0.003 -16"><span class='ocrx_word' id='word_1_208' title='bbox 378 2969 496 3029; x_wconf 90' lang='lat' dir='ltr'>domini</span> <span class='ocrx_word' id='word_1_209' title='bbox 518 2970 689 3029; x_wconf 89' lang='lat' dir='ltr'>millesimo</span> <span class='ocrx_word' id='word_1_210' title='bbox 712 2969 1017 3043; x_wconf 87' lang='lat' dir='ltr'>quadringentesimo</span> <span class='ocrx_word' id='word_1_211' title='bbox 1040 2968 1297 3041; x_wconf 89' lang='lat' dir='ltr'>quinquagesimo</span> <span class='ocrx_word' id='word_1_212' title='bbox 1320 2981 1409 3025; x_wconf 91' lang='lat' dir='ltr'>nono.</span> 
     </span>
    </p>
   </div>
   <div class='ocr_carea' id='block_1_7' title="bbox 376 3115 1640 3278">
    <p class='ocr_par' dir='ltr' id='par_1_7' title="bbox 376 3115 1640 3278">
     <span class='ocr_line' id='line_1_24' title="bbox 482 3115 1640 3188; baseline -0.006 -15"><span class='ocrx_word' id='word_1_213' title='bbox 482 3122 643 3188; x_wconf 83' lang='lat' dir='ltr'>Originale</span> <span class='ocrx_word' id='word_1_214' title='bbox 635 3139 663 3173; x_wconf 87' lang='lat' dir='ltr'>m</span> <span class='ocrx_word' id='word_1_215' title='bbox 680 3123 777 3174; x_wconf 84' lang='lat' dir='ltr'>charta.</span> <span class='ocrx_word' id='word_1_216' title='bbox 814 3124 847 3171; x_wconf 90' lang='lat' dir='ltr'>In</span> <span class='ocrx_word' id='word_1_217' title='bbox 864 3122 980 3186; x_wconf 77' lang='lat' dir='ltr'>margine</span> <span class='ocrx_word' id='word_1_218' title='bbox 999 3120 1140 3171; x_wconf 79' lang='lat' dir='ltr'>inferiori&#39;</span> <span class='ocrx_word' id='word_1_219' title='bbox 1133 3135 1286 3185; x_wconf 80' lang='lat' dir='ltr'>impressum</span> <span class='ocrx_word' id='word_1_220' title='bbox 1304 3126 1343 3168; x_wconf 89' lang='lat' dir='ltr'>est</span> <span class='ocrx_word' id='word_1_221' title='bbox 1361 3117 1484 3182; x_wconf 85' lang='lat' dir='ltr'>sigillum.</span> <span class='ocrx_word' id='word_1_222' title='bbox 1519 3117 1553 3166; x_wconf 92' lang='lat' dir='ltr'>In</span> <span class='ocrx_word' id='word_1_223' title='bbox 1570 3115 1640 3166; x_wconf 77' lang='lat' dir='ltr'>arch</span> 
     </span>
     <span class='ocr_line' id='line_1_25' title="bbox 376 3211 1276 3278; baseline -0.004 -16"><span class='ocrx_word' id='word_1_224' title='bbox 376 3227 434 3266; x_wconf 76' lang='lat' dir='ltr'>ven.</span> <span class='ocrx_word' id='word_1_225' title='bbox 454 3211 518 3278; x_wconf 83' lang='lat' dir='ltr'>Cap.</span> <span class='ocrx_word' id='word_1_226' title='bbox 538 3213 639 3278; x_wconf 74' lang='lat' dir='ltr'>aagrnb.</span> <span class='ocrx_word' id='word_1_227' title='bbox 658 3213 721 3265; x_wconf 84' lang='lat' dir='ltr'>Act.</span> <span class='ocrx_word' id='word_1_228' title='bbox 740 3227 796 3278; x_wconf 85' lang='lat' dir='ltr'>cap.</span> <span class='ocrx_word' id='word_1_229' title='bbox 814 3217 866 3263; x_wconf 89' lang='lat' dir='ltr'>ant.</span> <span class='ocrx_word' id='word_1_230' title='bbox 885 3212 947 3262; x_wconf 83' lang='lat' dir='ltr'>fasc.</span> <span class='ocrx_word' id='word_1_231' title='bbox 970 3223 1009 3262; x_wconf 89' lang='lat'>10.</span> <span class='ocrx_word' id='word_1_232' title='bbox 1028 3225 1066 3262; x_wconf 89' lang='lat' dir='ltr'>nr.</span> <span class='ocrx_word' id='word_1_233' title='bbox 1086 3221 1110 3274; x_wconf 87' lang='lat'>7.</span> <span class='ocrx_word' id='word_1_234' title='bbox 1162 3269 1166 3272; x_wconf 40' lang='grc'><strong>,</strong></span> <span class='ocrx_word' id='word_1_235' title='bbox 1273 3223 1276 3228; x_wconf 66' lang='grc'>“</span> 
     </span>
    </p>
   </div>
   <div class='ocr_carea' id='block_1_8' title="bbox 483 3479 1053 3671">
    <p class='ocr_par' dir='ltr' id='par_1_8' title="bbox 483 3479 1053 3671">
     <span class='ocr_line' id='line_1_26' title="bbox 971 3479 1053 3545; baseline -0.012 -1"><span class='ocrx_word' id='word_1_236' title='bbox 971 3479 1053 3545; x_wconf 86' lang='grc'><strong>216.</strong></span> 
     </span>
     <span class='ocr_line' id='line_1_27' title="bbox 483 3605 884 3671; baseline 0 -14"><span class='ocrx_word' id='word_1_237' title='bbox 483 3607 559 3658; x_wconf 87' lang='lat' dir='ltr'>Circa</span> <span class='ocrx_word' id='word_1_238' title='bbox 577 3622 618 3660; x_wconf 81' lang='lat' dir='ltr'>au.</span> <span class='ocrx_word' id='word_1_239' title='bbox 641 3605 717 3669; x_wconf 79' lang='lat'>1460.</span> <span class='ocrx_word' id='word_1_240' title='bbox 736 3605 884 3671; x_wconf 81' lang='lat' dir='ltr'>Zegrabiae.</span> 
     </span>
    </p>
   </div>
   <div class='ocr_carea' id='block_1_9' title="bbox 441 3729 1572 3810">
    <p class='ocr_par' dir='ltr' id='par_1_9' title="bbox 441 3729 1572 3810">
     <span class='ocr_line' id='line_1_28' title="bbox 441 3729 1572 3810; baseline -0.008 -16"><span class='ocrx_word' id='word_1_241' title='bbox 441 3733 558 3796; x_wconf 84' lang='lat' dir='ltr'>Foedus</span> <span class='ocrx_word' id='word_1_242' title='bbox 579 3736 784 3810; x_wconf 74' lang='lat' dir='ltr'>capimlurium</span> <span class='ocrx_word' id='word_1_243' title='bbox 806 3741 906 3792; x_wconf 78' lang='lat' dir='ltr'>contra</span> <span class='ocrx_word' id='word_1_244' title='bbox 927 3733 1076 3808; x_wconf 62' lang='lat' dir='ltr'>invasores</span> <span class='ocrx_word' id='word_1_245' title='bbox 1090 3731 1208 3809; x_wconf 58' lang='lat' dir='ltr'>jarim</span> <span class='ocrx_word' id='word_1_246' title='bbox 1229 3729 1438 3788; x_wconf 67' lang='lat' dir='ltr'>concurialium</span> <span class='ocrx_word' id='word_1_247' title='bbox 1460 3730 1572 3787; x_wconf 66' lang='lat' dir='ltr'>initum-</span> 
     </span>
    </p>
   </div>
   <div class='ocr_carea' id='block_1_10' title="bbox 374 3851 1641 4059">
    <p class='ocr_par' dir='ltr' id='par_1_10' title="bbox 374 3851 1641 4059">
     <span class='ocr_line' id='line_1_29' title="bbox 479 3851 1641 3968; baseline -0.009 -30"><span class='ocrx_word' id='word_1_248' title='bbox 479 3880 543 3939; x_wconf 91' lang='lat' dir='ltr'>Nos</span> <span class='ocrx_word' id='word_1_249' title='bbox 558 3880 733 3968; x_wconf 84' lang='lat' dir='ltr'>capitulum</span> <span class='ocrx_word' id='word_1_250' title='bbox 757 3879 884 3938; x_wconf 89' lang='lat' dir='ltr'>ecclesie</span> <span class='ocrx_word' id='word_1_251' title='bbox 899 3857 1107 3950; x_wconf 85' lang='lat' dir='ltr'>zagrabiensis</span> <span class='ocrx_word' id='word_1_252' title='bbox 1130 3891 1186 3947; x_wconf 92' lang='lat' dir='ltr'>per</span> <span class='ocrx_word' id='word_1_253' title='bbox 1201 3872 1466 3947; x_wconf 88' lang='lat' dir='ltr'>subscripcionem</span> <span class='ocrx_word' id='word_1_254' title='bbox 1488 3851 1641 3928; x_wconf 76' lang='lat' dir='ltr'>manuum</span> 
     </span>
     <span class='ocr_line' id='line_1_30' title="bbox 374 3977 1640 4059; baseline -0.009 -13"><span class='ocrx_word' id='word_1_255' title='bbox 374 3993 552 4046; x_wconf 91' lang='lat' dir='ltr'>nostrarum</span> <span class='ocrx_word' id='word_1_256' title='bbox 574 3987 626 4046; x_wconf 93' lang='lat' dir='ltr'>hic</span> <span class='ocrx_word' id='word_1_257' title='bbox 648 3985 777 4044; x_wconf 88' lang='lat' dir='ltr'>inferius</span> <span class='ocrx_word' id='word_1_258' title='bbox 792 3984 1013 4059; x_wconf 89' lang='lat' dir='ltr'>promittimus,</span> <span class='ocrx_word' id='word_1_259' title='bbox 1031 3980 1115 4055; x_wconf 92' lang='lat' dir='ltr'>quod</span> <span class='ocrx_word' id='word_1_260' title='bbox 1138 3980 1229 4039; x_wconf 87' lang='lat' dir='ltr'>firme</span> <span class='ocrx_word' id='word_1_261' title='bbox 1252 3987 1282 4038; x_wconf 94' lang='lat' dir='ltr'>et</span> <span class='ocrx_word' id='word_1_262' title='bbox 1297 3985 1471 4038; x_wconf 88' lang='lat' dir='ltr'>constanter</span> <span class='ocrx_word' id='word_1_263' title='bbox 1486 3977 1640 4036; x_wconf 88' lang='lat' dir='ltr'>stabimus</span> 
     </span>
    </p>
   </div>
   <div class='ocr_carea' id='block_1_11' title="bbox 263 4075 1640 4168">
    <p class='ocr_par' dir='ltr' id='par_1_11' title="bbox 263 4075 1640 4168">
     <span class='ocr_line' id='line_1_31' title="bbox 263 4075 1640 4168; baseline -0.009 -15"><span class='ocrx_word' id='word_1_264' title='bbox 263 4075 274 4094; x_wconf 75' lang='lat'>⁸</span> <span class='ocrx_word' id='word_1_265' title='bbox 374 4099 405 4152; x_wconf 93' lang='lat' dir='ltr'>et</span> <span class='ocrx_word' id='word_1_266' title='bbox 427 4093 629 4168; x_wconf 89' lang='lat' dir='ltr'>persistemus</span> <span class='ocrx_word' id='word_1_267' title='bbox 652 4094 683 4151; x_wconf 92' lang='lat' dir='ltr'>in</span> <span class='ocrx_word' id='word_1_268' title='bbox 706 4091 796 4150; x_wconf 82' lang='lat' dir='ltr'>factis</span> <span class='ocrx_word' id='word_1_269' title='bbox 819 4097 849 4148; x_wconf 84' lang='lat' dir='ltr'>et</span> <span class='ocrx_word' id='word_1_270' title='bbox 863 4090 1000 4163; x_wconf 90' lang='lat' dir='ltr'>negociis</span> <span class='ocrx_word' id='word_1_271' title='bbox 1015 4089 1137 4160; x_wconf 89' lang='lat' dir='ltr'>nostris,</span> <span class='ocrx_word' id='word_1_272' title='bbox 1159 4103 1220 4161; x_wconf 92' lang='lat' dir='ltr'>que</span> <span class='ocrx_word' id='word_1_273' title='bbox 1241 4102 1323 4144; x_wconf 90' lang='lat' dir='ltr'>nunc</span> <span class='ocrx_word' id='word_1_274' title='bbox 1344 4083 1526 4159; x_wconf 86' lang='lat' dir='ltr'>procuravit</span> <span class='ocrx_word' id='word_1_275' title='bbox 1547 4083 1640 4141; x_wconf 92' lang='lat' dir='ltr'>nobis</span> 
     </span>
    </p>
   </div>
   <div class='ocr_carea' id='block_1_12' title="bbox 372 4189 1649 4700">
    <p class='ocr_par' dir='ltr' id='par_1_12' title="bbox 372 4189 1649 4700">
     <span class='ocr_line' id='line_1_32' title="bbox 373 4189 1638 4284; baseline -0.011 -25"><span class='ocrx_word' id='word_1_276' title='bbox 373 4199 497 4271; x_wconf 90' lang='lat' dir='ltr'>Paulus,</span> <span class='ocrx_word' id='word_1_277' title='bbox 520 4198 754 4284; x_wconf 81' lang='lat' dir='ltr'>archidiaconus</span> <span class='ocrx_word' id='word_1_278' title='bbox 777 4197 993 4268; x_wconf 89' lang='lat' dir='ltr'>kamarcensis,</span> <span class='ocrx_word' id='word_1_279' title='bbox 1017 4193 1159 4253; x_wconf 91' lang='lat' dir='ltr'>ducendo</span> <span class='ocrx_word' id='word_1_280' title='bbox 1183 4199 1369 4251; x_wconf 80' lang='lat' dir='ltr'>contrarios</span> <span class='ocrx_word' id='word_1_281' title='bbox 1392 4189 1561 4264; x_wconf 87' lang='lat' dir='ltr'>quemdam</span> <span class='ocrx_word' id='word_1_282' title='bbox 1576 4189 1638 4246; x_wconf 90' lang='lat' dir='ltr'>Ro-</span> 
     </span>
     <span class='ocr_line' id='line_1_33' title="bbox 374 4297 1639 4394; baseline -0.011 -29"><span class='ocrx_word' id='word_1_283' title='bbox 374 4307 501 4364; x_wconf 90' lang='lat' dir='ltr'>bertum</span> <span class='ocrx_word' id='word_1_284' title='bbox 516 4305 677 4388; x_wconf 80' lang='lat' dir='ltr'>doctorem</span> <span class='ocrx_word' id='word_1_285' title='bbox 693 4305 734 4394; x_wconf 80' lang='lat' dir='ltr'>ab</span> <span class='ocrx_word' id='word_1_286' title='bbox 750 4304 984 4377; x_wconf 90' lang='lat' dir='ltr'>archiepiscopo</span> <span class='ocrx_word' id='word_1_287' title='bbox 1003 4307 1037 4359; x_wconf 88' lang='lat' dir='ltr'>ut</span> <span class='ocrx_word' id='word_1_288' title='bbox 1054 4305 1218 4374; x_wconf 89' lang='lat' dir='ltr'>usurparet</span> <span class='ocrx_word' id='word_1_289' title='bbox 1233 4297 1482 4356; x_wconf 89' lang='lat' dir='ltr'>iurisdiccionem</span> <span class='ocrx_word' id='word_1_290' title='bbox 1497 4301 1639 4370; x_wconf 69' lang='lat' dir='ltr'>nostram</span> 
     </span>
     <span class='ocr_line' id='line_1_34' title="bbox 374 4403 1649 4488; baseline -0.008 -18"><span class='ocrx_word' id='word_1_291' title='bbox 374 4417 613 4488; x_wconf 82' lang='lat' dir='ltr'>etpotestatem</span> <span class='ocrx_word' id='word_1_292' title='bbox 635 4410 841 4470; x_wconf 90' lang='lat' dir='ltr'>constituendi</span> <span class='ocrx_word' id='word_1_293' title='bbox 864 4410 1016 4468; x_wconf 89' lang='lat' dir='ltr'>vicarium</span> <span class='ocrx_word' id='word_1_294' title='bbox 1040 4408 1149 4465; x_wconf 87' lang='lat' dir='ltr'>afferet</span> <span class='ocrx_word' id='word_1_295' title='bbox 1172 4421 1190 4463; x_wconf 90' lang='lat' dir='ltr'>a</span> <span class='ocrx_word' id='word_1_296' title='bbox 1213 4405 1310 4462; x_wconf 89' lang='lat' dir='ltr'>nobis.</span> <span class='ocrx_word' id='word_1_297' title='bbox 1332 4405 1371 4460; x_wconf 89' lang='lat' dir='ltr'>Et</span> <span class='ocrx_word' id='word_1_298' title='bbox 1393 4403 1545 4460; x_wconf 91' lang='lat' dir='ltr'>stabimus</span> <span class='ocrx_word' id='word_1_299' title='bbox 1557 4417 1649 4460; x_wconf 92' lang='lat' dir='ltr'>unus·</span> 
     </span>
     <span class='ocr_line' id='line_1_35' title="bbox 373 4507 1635 4593; baseline -0.01 -16"><span class='ocrx_word' id='word_1_300' title='bbox 373 4533 432 4593; x_wconf 92' lang='lat' dir='ltr'>pro</span> <span class='ocrx_word' id='word_1_301' title='bbox 455 4519 601 4576; x_wconf 90' lang='lat' dir='ltr'>omnibus</span> <span class='ocrx_word' id='word_1_302' title='bbox 623 4525 654 4576; x_wconf 89' lang='lat' dir='ltr'>et</span> <span class='ocrx_word' id='word_1_303' title='bbox 675 4533 783 4576; x_wconf 91' lang='lat' dir='ltr'>omnes</span> <span class='ocrx_word' id='word_1_304' title='bbox 806 4531 864 4591; x_wconf 91' lang='lat' dir='ltr'>pro</span> <span class='ocrx_word' id='word_1_305' title='bbox 887 4530 957 4574; x_wconf 92' lang='lat' dir='ltr'>uno.</span> <span class='ocrx_word' id='word_1_306' title='bbox 981 4515 1018 4572; x_wconf 87' lang='lat' dir='ltr'>Et</span> <span class='ocrx_word' id='word_1_307' title='bbox 1041 4512 1081 4571; x_wconf 91' lang='lat' dir='ltr'>ad</span> <span class='ocrx_word' id='word_1_308' title='bbox 1105 4513 1163 4570; x_wconf 91' lang='lat' dir='ltr'>hoc</span> <span class='ocrx_word' id='word_1_309' title='bbox 1185 4527 1218 4568; x_wconf 90' lang='lat' dir='ltr'>se</span> <span class='ocrx_word' id='word_1_310' title='bbox 1240 4509 1453 4582; x_wconf 89' lang='lat' dir='ltr'>obligavimus</span> <span class='ocrx_word' id='word_1_311' title='bbox 1468 4513 1498 4566; x_wconf 89' lang='lat' dir='ltr'>et</span> <span class='ocrx_word' id='word_1_312' title='bbox 1523 4507 1635 4566; x_wconf 88' lang='lat' dir='ltr'>astrin-</span> 
     </span>
     <span class='ocr_line' id='line_1_36' title="bbox 372 4614 1460 4700; baseline -0.01 -15"><span class='ocrx_word' id='word_1_313' title='bbox 372 4625 476 4698; x_wconf 78' lang='lat' dir='ltr'>gimus</span> <span class='ocrx_word' id='word_1_314' title='bbox 499 4625 636 4700; x_wconf 89' lang='lat' dir='ltr'>propriis</span> <span class='ocrx_word' id='word_1_315' title='bbox 658 4622 840 4700; x_wconf 84' lang='lat' dir='ltr'>juramentis</span> <span class='ocrx_word' id='word_1_316' title='bbox 862 4629 891 4680; x_wconf 88' lang='lat' dir='ltr'>et</span> <span class='ocrx_word' id='word_1_317' title='bbox 913 4620 1094 4698; x_wconf 90' lang='lat' dir='ltr'>juvabimus</span> <span class='ocrx_word' id='word_1_318' title='bbox 1117 4618 1260 4692; x_wconf 84' lang='lat' dir='ltr'>expensis</span> <span class='ocrx_word' id='word_1_319' title='bbox 1283 4621 1313 4674; x_wconf 91' lang='lat' dir='ltr'>et</span> <span class='ocrx_word' id='word_1_320' title='bbox 1336 4614 1460 4689; x_wconf 86' lang='lat' dir='ltr'>fatigiis.</span> 
     </span>
    </p>
   </div>
   <div class='ocr_carea' id='block_1_13' title="bbox 372 4717 1640 5072">
    <p class='ocr_par' dir='ltr' id='par_1_13' title="bbox 372 4717 1640 5072">
     <span class='ocr_line' id='line_1_37' title="bbox 477 4717 1631 4808; baseline -0.01 -15"><span class='ocrx_word' id='word_1_321' title='bbox 477 4743 612 4808; x_wconf 83' lang='lat' dir='ltr'>Johanues</span> <span class='ocrx_word' id='word_1_322' title='bbox 636 4743 669 4791; x_wconf 89' lang='lat' dir='ltr'>de</span> <span class='ocrx_word' id='word_1_323' title='bbox 687 4741 776 4807; x_wconf 82' lang='lat' dir='ltr'>Stayn,</span> <span class='ocrx_word' id='word_1_324' title='bbox 795 4741 877 4791; x_wconf 87' lang='lat' dir='ltr'>lector</span> <span class='ocrx_word' id='word_1_325' title='bbox 895 4747 920 4789; x_wconf 89' lang='lat' dir='ltr'>et</span> <span class='ocrx_word' id='word_1_326' title='bbox 939 4717 1077 4789; x_wconf 76' lang='lat' dir='ltr'>canonicus</span> <span class='ocrx_word' id='word_1_327' title='bbox 1097 4737 1166 4786; x_wconf 92' lang='lat' dir='ltr'>dicte</span> <span class='ocrx_word' id='word_1_328' title='bbox 1184 4735 1293 4785; x_wconf 87' lang='lat' dir='ltr'>ecclesie</span> <span class='ocrx_word' id='word_1_329' title='bbox 1311 4733 1491 4798; x_wconf 81' lang='lat' dir='ltr'>zagrabiensis.</span> <span class='ocrx_word' id='word_1_330' title='bbox 1511 4731 1631 4782; x_wconf 83' lang='lat' dir='ltr'>Bartolo·</span> 
     </span>
     <span class='ocr_line' id='line_1_38' title="bbox 372 4819 1633 4895; baseline -0.011 -12"><span class='ocrx_word' id='word_1_331' title='bbox 372 4847 444 4882; x_wconf 81' lang='lat' dir='ltr'>meus</span> <span class='ocrx_word' id='word_1_332' title='bbox 463 4839 552 4882; x_wconf 82' lang='lat' dir='ltr'>cantor</span> <span class='ocrx_word' id='word_1_333' title='bbox 569 4837 596 4881; x_wconf 89' lang='lat' dir='ltr'>et</span> <span class='ocrx_word' id='word_1_334' title='bbox 615 4846 668 4881; x_wconf 87' lang='lat' dir='ltr'>can.</span> <span class='ocrx_word' id='word_1_335' title='bbox 682 4845 750 4895; x_wconf 80' lang='lat' dir='ltr'>zagr.</span> <span class='ocrx_word' id='word_1_336' title='bbox 769 4829 890 4894; x_wconf 86' lang='lat' dir='ltr'>Mathyas</span> <span class='ocrx_word' id='word_1_337' title='bbox 903 4828 1050 4893; x_wconf 84' lang='lat' dir='ltr'>prepositus</span> <span class='ocrx_word' id='word_1_338' title='bbox 1069 4825 1234 4882; x_wconf 86' lang='lat' dir='ltr'>chasmensis,</span> <span class='ocrx_word' id='word_1_339' title='bbox 1252 4839 1307 4874; x_wconf 83' lang='lat' dir='ltr'>can</span> <span class='ocrx_word' id='word_1_340' title='bbox 1326 4837 1393 4886; x_wconf 70' lang='lat' dir='ltr'>sagr.</span> <span class='ocrx_word' id='word_1_341' title='bbox 1408 4821 1536 4870; x_wconf 77' lang='lat' dir='ltr'>Martium</span> <span class='ocrx_word' id='word_1_342' title='bbox 1548 4819 1633 4870; x_wconf 82' lang='lat' dir='ltr'>archi·</span> 
     </span>
     <span class='ocr_line' id='line_1_39' title="bbox 372 4909 1631 4982; baseline -0.013 -9"><span class='ocrx_word' id='word_1_343' title='bbox 372 4921 496 4972; x_wconf 79' lang='lat' dir='ltr'>diaeoum</span> <span class='ocrx_word' id='word_1_344' title='bbox 515 4921 547 4970; x_wconf 90' lang='lat' dir='ltr'>de</span> <span class='ocrx_word' id='word_1_345' title='bbox 565 4920 676 4978; x_wconf 78' lang='lat' dir='ltr'>Waslsa,</span> <span class='ocrx_word' id='word_1_346' title='bbox 695 4934 750 4969; x_wconf 83' lang='lat' dir='ltr'>can</span> <span class='ocrx_word' id='word_1_347' title='bbox 769 4917 872 4982; x_wconf 86' lang='lat' dir='ltr'>zagmb.</span> <span class='ocrx_word' id='word_1_348' title='bbox 891 4915 1072 4981; x_wconf 84' lang='lat' dir='ltr'>Sigismnndus</span> <span class='ocrx_word' id='word_1_349' title='bbox 1084 4913 1280 4964; x_wconf 83' lang='lat' dir='ltr'>archidiaconus</span> <span class='ocrx_word' id='word_1_350' title='bbox 1298 4912 1327 4961; x_wconf 91' lang='lat' dir='ltr'>in</span> <span class='ocrx_word' id='word_1_351' title='bbox 1345 4909 1469 4967; x_wconf 87' lang='lat' dir='ltr'>Worosd,</span> <span class='ocrx_word' id='word_1_352' title='bbox 1487 4923 1543 4958; x_wconf 79' lang='lat' dir='ltr'>can.</span> <span class='ocrx_word' id='word_1_353' title='bbox 1562 4924 1631 4972; x_wconf 75' lang='lat' dir='ltr'>eegr.</span> 
     </span>
     <span class='ocr_line' id='line_1_40' title="bbox 372 4998 1640 5072; baseline -0.012 -10"><span class='ocrx_word' id='word_1_354' title='bbox 372 5009 511 5062; x_wconf 64' lang='lat' dir='ltr'>Iauoleni</span> <span class='ocrx_word' id='word_1_355' title='bbox 529 5015 616 5059; x_wconf 85' lang='lat' dir='ltr'>custos</span> <span class='ocrx_word' id='word_1_356' title='bbox 640 5015 666 5058; x_wconf 86' lang='lat' dir='ltr'>et</span> <span class='ocrx_word' id='word_1_357' title='bbox 692 5023 746 5059; x_wconf 88' lang='lat' dir='ltr'>can.</span> <span class='ocrx_word' id='word_1_358' title='bbox 766 5023 835 5072; x_wconf 75' lang='lat' dir='ltr'>eegr.</span> <span class='ocrx_word' id='word_1_359' title='bbox 854 5007 977 5060; x_wconf 79' lang='lat' dir='ltr'>Mothous</span> <span class='ocrx_word' id='word_1_360' title='bbox 995 5003 1136 5058; x_wconf 82' lang='lat' dir='ltr'>Kewllrws</span> <span class='ocrx_word' id='word_1_361' title='bbox 1154 5017 1209 5052; x_wconf 87' lang='lat' dir='ltr'>can.</span> <span class='ocrx_word' id='word_1_362' title='bbox 1228 5001 1359 5058; x_wconf 80' lang='lat' dir='ltr'>Fabianus</span> <span class='ocrx_word' id='word_1_363' title='bbox 1378 4999 1411 5048; x_wconf 91' lang='lat' dir='ltr'>de</span> <span class='ocrx_word' id='word_1_364' title='bbox 1429 4998 1543 5064; x_wconf 79' lang='lat' dir='ltr'>Roycha</span> <span class='ocrx_word' id='word_1_365' title='bbox 1559 5013 1640 5048; x_wconf 82' lang='lat' dir='ltr'>mann</span> 
     </span>
    </p>
   </div>
   <div class='ocr_carea' id='block_1_14' title="bbox 0 0 1970 5799">
    <p class='ocr_par' dir='ltr' id='par_1_14' title="bbox 0 0 1970 5799">
     <span class='ocr_line' id='line_1_41' title="bbox 0 0 1970 5799; baseline 0 0"><span class='ocrx_word' id='word_1_366' title='bbox 0 0 1970 5799; x_wconf 95' lang='lat' dir='ltr'> </span> 
     </span>
    </p>
   </div>
  </div>
 </body>
</html>
