3930 5802
370 534 430 592 aid
786 530 858 588 Doc.
882 525 951 603 r58.
976 561 1018 570 -
1042 528 1097 586 An.
1121 538 1207 604 1451.

368 748 466 822 ipsius
490 747 599 804 tributi
621 746 661 803 ab
685 745 801 804 eisdem
834 744 1076 818 protestantibus
1100 758 1153 800 seu
1189 742 1311 802 civibus
1345 743 1479 802 civitatis
1511 740 1630 817 pretate

369 859 400 912 et
424 854 517 912 rebus
540 869 575 910 ac
596 854 685 910 bonis
706 853 847 926 ipsorum
871 849 1093 924 quoquomodo
1117 848 1205 907 tactis
1239 849 1292 907 vel
1325 848 1438 907 fiendis
1470 848 1631 922 prohibuit

368 963 397 1017 et
420 958 578 1018 interdixit
608 955 846 1016 contradicendo
869 971 975 1014 coram
997 956 1097 1028 nobiS,
1121 955 1297 1014 testimonio
1325 960 1355 1013 et
1378 955 1486 1028 vigore
1507 969 1630 1030 presen-

369 1066 451 1124 cium
475 1065 639 1124 mediante.
666 1064 750 1138 Quas
773 1063 877 1136 sigillo
901 1063 1018 1135 egregii
1041 1062 1175 1134 Georgii,
1199 1061 1259 1120 filii
1290 1059 1433 1119 Farlrasii
1456 1060 1495 1118 de
1525 1061 1629 1133 Emer,

368 1171 489 1230 comitis
511 1173 609 1230 nostri
632 1171 847 1244 zagrabiensis,
864 1169 993 1226 fecimus
1009 1169 1188 1242 consignari.
1211 1168 1327 1224 Datum
1343 1167 1494 1241 Zagrabie
1509 1167 1630 1225 decimo

367 1282 477 1337 octavo
501 1278 551 1336 die
574 1278 698 1336 termini
720 1275 883 1351 prenotati.
908 1277 998 1332 Anno
1035 1274 1153 1332 domini
1188 1273 1358 1332 millesimo
1394 1273 1629 1346 quadringente·

367 1383 862 1457 smmmwmmm

441 1499 605 1619 b.⁰¹i.⁸i⁰³¹⁰
623 1501 651 1550 in
669 1501 763 1551 charta.
783 1501 868 1562 Tergo
887 1499 1039 1564 impressum
1058 1506 1096 1548 est
1115 1498 1238 1562 sigillum.
1275 1501 1307 1548 In
1326 1499 1442 1550 archivio
1462 1514 1518 1552 vem
1545 1497 1629 1563 Capit.

367 1587 441 1635 zagra
461 1587 546 1620 rensrs.

962 1691 1037 1758 158.

473 1819 553 1868 Anno
576 1829 650 1883 1451,
671 1817 712 1868 28.
732 1817 801 1867 maii.
821 1817 968 1880 Zagrabiae.

367 1927 519 1985 Martinus
559 1928 664 2000 Cipsar
695 1929 919 1984 communitatem
953 1927 1078 1986 mititatis
1109 1929 1212 1986 ntontis
1247 1927 1401 1988 Grecensis
1422 1937 1483 2002 pro
1505 1929 1585 1986 domo
1607 1936 1635 1986 ct

370 2017 459 2090 agris,
483 2035 553 2091 quos
575 2023 725 2090 empserat,
738 2012 799 2102 Ι96.
822 2034 937 2073 marcus
958 2016 1144 2074 denariorum
1167 2017 1224 2074 sibi
1243 2018 1359 2076 solvisse
1381 2036 1477 2076 coram
1507 2018 1632 2092 capitulo

796 2105 982 2178 zagrabiensi
994 2113 1073 2179 prae
1093 2123 1123 2164 se
1138 2106 1210 2181 sert.

473 2231 537 2289 Nos
561 2231 734 2305 capitulum
758 2231 885 2290 ecclesie
901 2231 1115 2304 zagrabiensis.
1139 2233 1288 2290 Memorie
1304 2233 1560 2291 commendamus
1576 2249 1633 2306 per

369 2343 534 2412 presentes,
551 2337 636 2412 quod
652 2339 801 2396 Martinus
818 2338 956 2412 Czypsar
972 2338 1080 2409 dictus,
1098 2353 1156 2412 pro
1171 2355 1252 2398 nunc
1268 2340 1522 2398 'uicecastellanus
1541 2340 1633 2397 castri

367 2445 464 2502 sancti
488 2444 622 2517 Georgii,
644 2449 783 2502 nostram
807 2443 1012 2517 personaliter
1034 2444 1161 2502 veniens
1191 2445 1223 2502 in
1254 2447 1445 2519 presenciam
1475 2444 1633 2503 confessus

368 2556 414 2608 est
436 2551 468 2608 in
490 2551 573 2608 hunc
595 2549 740 2608 modum:
765 2549 849 2622 quod
873 2550 946 2622 quia
968 2549 1052 2608 idem
1068 2550 1225 2624 quandam
1240 2551 1369 2609 domum
1386 2556 1541 2610 muratam
1560 2567 1632 2609 cum

367 2659 446 2715 turri
469 2656 569 2714 eidem
593 2655 757 2727 adiacente,
792 2656 824 2712 in
855 2655 979 2713 civitate
1001 2656 1115 2714 montis
1136 2655 1299 2714 Grecensis
1322 2658 1473 2728 habitam,
1497 2671 1633 2715 unacum

368 2764 505 2838 quinque
538 2761 725 2820 sessionibus
765 2759 1016 2836 jobagionalibus
1051 2762 1083 2820 in
1116 2761 1296 2821 Grathchan
1339 2763 1565 2837 existentibuS,
1597 2780 1633 2823 ac

368 2869 491 2928 duobus
514 2868 708 2940 molendinis,
730 2867 834 2940 vineis,
859 2868 1012 2940 certisque
1028 2867 1118 2926 terris
1135 2869 1308 2927 arabilibus
1332 2871 1424 2928 cultis
1447 2875 1477 2928 et
1499 2870 1632 2943 incultis,

368 2977 474 3051 pratis
498 2975 644 3033 senilibus
666 2981 696 3032 et
720 2973 914 3048 quibuslibet
934 2973 1004 3031 aliis
1028 2973 1198 3032 utilitatum
1221 2975 1450 3048 integritatibus
1479 2980 1509 3035 et
1540 2978 1633 3050 perti·

367 3083 482 3141 nenciis
503 3081 656 3140 universis
678 3079 718 3138 ad
741 3079 872 3138 domum
894 3085 924 3138 et
946 3080 1060 3138 turrim
1083 3079 1257 3154 predictam
1283 3081 1322 3140 de
1346 3080 1430 3141 facto
1453 3089 1483 3140 et
1506 3083 1544 3142 de
1565 3083 1633 3160 jure

368 3189 577 3264 spectantibus
600 3195 630 3246 et
653 3187 807 3262 pertinere
830 3185 1024 3259 debentibus,
1040 3187 1081 3244 ab
1105 3187 1318 3246 illustrissimo
1342 3190 1484 3263 principe
1507 3189 1633 3248 domino
1708 3191 1714 3202 ‘

371 3296 488 3370 Vlric0,
511 3293 589 3353 Cilie
613 3299 667 3352 etc.
692 3294 804 3351 comite
827 3308 862 3350 ac
895 3293 982 3366 regni
1005 3292 1169 3352 Sclauonie
1192 3295 1283 3368 bano,
1314 3295 1441 3354 domino
1464 3311 1520 3354 suo
1543 3311 1633 3369 gene·

368 3417 440 3460 roso
464 3417 521 3476 pro
544 3401 688 3460 fidelium
712 3400 917 3458 serviciorum
940 3415 1069 3457 suorum
1104 3401 1222 3458 meritis
1255 3401 1420 3460 habuisset.
1451 3402 1633 3477 Domusque

368 3514 399 3567 et
421 3509 514 3565 turris
549 3507 689 3582 predicta
724 3521 795 3564 cum
831 3505 976 3563 omnibus
1012 3507 1075 3564 suis
1110 3508 1334 3581 prenominatis
1357 3509 1554 3582 pertinenciis
1577 3525 1634 3583 per

367 3612 514 3689 providos
538 3619 568 3672 et
590 3614 830 3688 circumspectos
854 3612 946 3682 viros
963 3613 1047 3671 cives
1070 3617 1099 3671 et
1122 3619 1218 3671 totam
1242 3615 1496 3673 communitatem
1512 3616 1630 3674 civium

369 3720 517 3795 prelibati
539 3720 654 3778 montis
673 3718 836 3777 Grecensis
859 3719 900 3775 ab
923 3718 1035 3776 eodem
1058 3720 1191 3779 Martino
1215 3719 1352 3794 Czypsar
1375 3736 1432 3795 pro
1467 3723 1634 3796 nonaginta

369 3843 422 3885 sex
445 3827 558 3884 marcis
582 3825 780 3884 denariorum
805 3824 1036 3898 wiennensium‚
1060 3841 1200 3884 marcam
1233 3842 1289 3900 per
1318 3827 1465 3886 ducentos
1492 3827 1633 3888 denarios

370 3932 591 4008 computando,
614 3931 776 4006 redempta
811 3930 919 3990 suisset
952 3938 983 3990 et
1016 3937 1177 4005 remutata,
1202 3933 1332 4007 ipsaque
1368 3935 1498 4008 pecunia
1533 3935 1634 3994 eidem

369 4041 501 4098 Martino
525 4039 662 4113 Czypsar
685 4039 831 4114 plenarie,
856 4039 900 4097 uti
923 4038 1007 4097 idem
1029 4039 1120 4097 nobis
1135 4039 1250 4112 retulit,
1268 4039 1441 4114 persoluta;
1465 4040 1534 4099 ideo
1550 4041 1634 4099 idem

368 4146 493 4205 eosdem
516 4146 599 4204 cives
634 4150 664 4204 et
697 4151 796 4203 totam
830 4145 1083 4204 communitatem
1118 4147 1233 4204 civium
1267 4145 1479 4220 predictorum
1512 4147 1634 4206 racione

367 4252 547 4312 huiusmodi
568 4252 707 4327 plenarie
730 4252 897 4310 solucionis
920 4257 950 4310 et
973 4251 1194 4310 satisfaccionis
1219 4253 1444 4326 premissorum
1467 4254 1634 4328 nonaginta

367 4376 422 4418 sex
445 4375 629 4431 marcarum,
653 4358 772 4433 quietos
795 4357 980 4416 reddidisset
1002 4363 1032 4416 et
1054 4358 1224 4431 absolutos,
1244 4359 1509 4432 commisissetque
1532 4359 1634 4417 modis

367 4467 513 4525 omnibus
537 4465 705 4540 expeditos,
729 4466 827 4523 immo
847 4464 992 4538 reddidit,
1016 4465 1143 4539 reliquit
1166 4469 1195 4522 et
1219 4466 1373 4523 commisit
1397 4467 1494 4524 nostri
1518 4467 1549 4524 in
1565 4481 1634 4540 pre·

367 4574 477 4646 sencia,
500 4573 696 4648 presencium
722 4571 896 4630 testimonio
922 4571 1084 4630 mediante.
1121 4571 1238 4629 Datum
1262 4570 1338 4630 feria
1370 4577 1457 4630 sexta
1489 4572 1634 4646 proxima

368 4685 439 4755 post
462 4679 577 4738 festum
601 4680 683 4738 beati
705 4679 826 4737 Vrbani
848 4693 938 4752 pape.
963 4679 1052 4736 Anno
1077 4677 1195 4736 domini
1226 4677 1396 4736 millesimo
1429 4677 1632 4752 quadringen-

369 4785 480 4845 tesimo
506 4786 762 4860 quinquagesimo
787 4785 897 4859 primo.

476 4921 610 5040 Origbinale
628 4921 656 4970 in
674 4922 768 4972 charta.
790 4923 817 4970 A
838 4929 909 4985 tergo
928 4923 1065 4986 vestigium
1085 4923 1203 4986 impressi
1221 4921 1310 4986 sigilli.
1330 4923 1362 4970 In
1381 4921 1496 4972 archivio
1515 4921 1560 4973 lib.
1581 4937 1633 4985 reg.

368 4993 438 5044 civit.
458 5009 532 5056 zagrn
552 5033 557 5042 .
