3804 5858
703 576 1134 662 Mm—MW·
1484 599 1544 658 m

282 799 408 858 domino
439 800 579 858 Emerico
612 800 650 858 de
680 799 819 874 Zapolya
849 800 962 857 comite
995 804 1147 872 perpetuo
1178 803 1259 854 terre
1289 798 1492 871 scepusiensis
1514 799 1546 858 ia

280 904 414 963 eundem
437 907 623 980 palatinatus
645 907 796 964 honorem
819 905 998 976 sublimato,
1015 903 1153 986 eiusdem
1169 901 1301 961 condam
1323 903 1442 963 domini
1458 904 1546 962 Eme·

279 1012 335 1070 rici
358 1011 489 1086 palatini
505 1013 680 1070 litterarum
692 1011 980 1087 prorogatoriarum
995 1011 1134 1069 seriebus
1146 1009 1346 1081 ventillanda,
1362 1009 1431 1083 ipso
1447 1009 1545 1068 eciam

280 1117 406 1176 domino
440 1117 582 1177 Emerico
613 1119 752 1192 palatino
782 1117 906 1192 pridem
939 1115 1085 1175 defuncto
1114 1121 1145 1174 et
1167 1115 1266 1188 nobis,
1289 1119 1323 1172 ut
1346 1115 1545 1189 premittitur,

279 1226 311 1283 in
334 1226 434 1283 causis
463 1225 496 1284 in
526 1225 685 1299 presencia
717 1223 881 1300 palatinali
904 1224 1097 1282 vertentibus
1120 1237 1177 1296 per
1199 1223 1319 1296 regiam
1342 1221 1544 1279 clemenciam

279 1343 337 1406 pm
360 1328 462 1406 jndice
477 1331 641 1406 deputatis,
659 1331 806 1390 ultimum
825 1329 864 1387 ad
881 1335 1038 1403 presentes
1054 1335 1179 1386 octavas
1195 1326 1264 1385 festi
1281 1328 1363 1386 beati
1385 1327 1546 1385 Michaelis

278 1437 458 1510 archangeli
479 1442 619 1496 nostram
650 1437 682 1496 in
705 1436 898 1510 presenciam
921 1435 1054 1494 devenia
1077 1434 1226 1492 extitisset
1249 1439 1279 1492 et
1302 1433 1442 1491 deducta.
1466 1432 1544 1507 ipsis

278 1542 411 1616 denique
441 1543 559 1601 octavis
588 1543 783 1615 instantibus,
807 1543 955 1615 magister
980 1540 1161 1598 Benedictus
1191 1539 1229 1597 de
1252 1539 1386 1613 Borswa,
1410 1539 1544 1598 director

278 1662 441 1706 causarum
453 1649 618 1722 regalium,
643 1665 700 1723 pro
713 1648 848 1707 antelato
864 1648 990 1706 domino
1006 1652 1113 1705 nostro
1133 1661 1205 1719 rege
1228 1663 1299 1704 cum
1324 1647 1544 1720 procuratoriis

277 1755 389 1814 litteris
411 1755 550 1814 eiusdem
571 1761 711 1814 nostram
734 1756 860 1814 veniens
883 1755 915 1813 in
937 1753 1139 1830 presenciam,
1164 1753 1361 1810 vehementer
1374 1753 1544 1826 presri‘ptas

276 1862 485 1934 possessiones
508 1861 701 1934 Petrowyna,
725 1859 933 1934 sylalrowyna
957 1866 987 1918 et
1010 1859 1168 1931 Hrazthya
1191 1865 1317 1916 vocatas
1339 1859 1372 1917 in
1396 1859 1478 1917 dicto
1494 1874 1544 1917 co-

277 1968 388 2025 mitatu
410 1967 603 2040 aagvabiensi
625 1968 708 2040 sitas,
731 1965 793 2042 juri
815 1967 902 2040 regio
924 1971 954 2025 et
977 1981 1035 2040 per
1047 1975 1239 2038 consequens
1262 1965 1384 2022 civibus
1407 1965 1543 2038 pretaet‘e

276 2073 409 2131 civitatis
431 2074 546 2147 regalis
568 2074 682 2132 montis
713 2071 875 2131 Grecensis
898 2073 1085 2146 pertinentes
1115 2070 1183 2128 fore
1206 2069 1428 2142 declaraverat,
1452 2082 1542 2144 quas·
1644 2096 1645 2099 ¹

277 2178 350 2236 dam
380 2189 501 2254 septem
524 2181 652 2250 litteras,
684 2179 761 2237 duas
790 2178 910 2238 scilicet
941 2177 1073 2236 condam
1096 2176 1216 2234 domini
1238 2175 1428 2250 sigismundi
1452 2177 1543 2250 regis,

276 2285 404 2343 terciam
435 2299 510 2344 vero
531 2283 673 2343 'condam
702 2273 828 2342 domine
850 2284 947 2342 Marie
977 2283 1091 2356 regine,
1115 2287 1260 2356 quartam
1284 2297 1367 2354 vero,
1391 2283 1541 2356 quintam,

276 2397 395 2449 sextam
418 2397 448 2449 et
471 2391 639 2466 septimam
670 2391 802 2466 sepefati
832 2391 961 2465 capituli
992 2391 1120 2450 ecclesie
1142 2389 1351 2471 zagrabiensis
1374 2391 1466 2449 nobis
1489 2389 1540 2448 de·

276 2499 467 2557 monstravit.
491 2497 632 2572 Quarum
658 2500 760 2572 prima
789 2497 911 2572 iamfati
940 2497 1072 2556 condam
1095 2496 1214 2555 domini
1236 2495 1428 2569 sigismundi
1456 2498 1541 2570 regis

275 2604 379 2662 littera
409 2595 616 2678 privilegialis
652 2618 732 2662 anno
766 2604 869 2677 gracie
903 2604 1072 2662 millesimo
1103 2603 1316 2662 trecentesimo
1339 2603 1540 2676 nonagesimo

274 2709 381 2782 tercio,
405 2709 591 2768 duodecimo
613 2709 763 2768 kalendas
784 2709 975 2780 novembris,
998 2709 1084 2782 regni
1107 2713 1210 2766 autem
1233 2709 1281 2767 sui
1303 2723 1383 2766 anno
1406 2709 1540 2782 septimo
1637 2777 1640 2783 ¹

274 2816 366 2889 edita,
382 2816 524 2891 dupplici
546 2816 652 2890 sigillo
675 2816 813 2875 eiusdem
836 2811 868 2875 sn
885 2815 1029 2898 pendenti
1042 2814 1167 2886 vallata,
1183 2817 1239 2873 has
1261 2816 1294 2873 in
1316 2829 1348 2872 se
1372 2813 1541 2873 verbaliter

274 2929 304 2980 et
327 2921 541 2980 confirmative
557 2923 650 2981 series
666 2929 697 2980 et
712 2922 918 2980 continencias
934 2920 1067 2978 duarum
1091 2920 1276 2992 litterarum,
1299 2934 1432 2993 quarum
1448 2921 1539 2978 unius

274 3028 392 3086 scilicet
423 3027 562 3086 eiusdem
593 3027 712 3087 domini
728 3018 731 3028 '
746 3005 937 3100 sigismundi
967 3027 1048 3100 regis
1071 3025 1281 3084 donacionalis
1304 3027 1335 3084 in
1360 3026 1540 3100 Kaproncza

274 3133 351 3193 seria
375 3139 485 3208 quarta
501 3135 646 3208 proxima
663 3137 733 3191 ante
749 3133 863 3191 festum
881 3133 963 3191 beati
981 3133 1143 3190 Laurencii
1158 3132 1295 3189 martiris
1317 3145 1397 3189 anno
1421 3132 1539 3190 domini

225 3297 230 3308 ,
274 3241 443 3298 millesimo
466 3241 680 3298 trecentesimo
703 3240 912 3312 octuagesimo
935 3239 1069 3313 septimo
1086 3245 1201 3310 exorte,
1217 3239 1310 3296 series
1334 3238 1538 3312 exprimebat,

273 3345 357 3420 quod
392 3345 477 3404 idem
509 3346 653 3404 dominus
683 3343 901 3419 sigismundus
932 3321 987 3403 rex
1018 3344 1058 3402 ad
1089 3344 1267 3402 humillime
1298 3344 1538 3418 supplicacionis

272 3453 454 3511 instanciam
478 3451 621 3510 fidelium
652 3467 781 3510 suorum
805 3449 955 3524 Myklyny
977 3449 1097 3527 judicis,
1120 3464 1238 3509 necnon
1261 3451 1412 3523 Mawricii
1435 3457 1466 3508 et
1486 3450 1537 3532 Jo

273 3560 383 3618 hannis
405 3559 507 3618 Leber
537 3557 711 3634 juratorum
735 3559 852 3617 civium
875 3558 1009 3616 civitatis
1031 3571 1086 3615 sue
1109 3557 1223 3614 montis
1246 3555 1409 3615 Grecensis
1422 3555 1459 3613 de
1483 3555 1536 3614 Za·

271 3666 390 3738 grabla,
414 3665 565 3738 quasdam
589 3666 797 3740 possessiones
820 3679 891 3723 suas
913 3664 1034 3737 regales
1057 3665 1240 3735 Petrowyna
1257 3669 1286 3720 et
1310 3663 1466 3734 Hrazthya
1483 3677 1537 3720 vo·

273 3774 364 3844 ratas,
388 3773 419 3830 in
442 3785 539 3845 regno
562 3787 618 3830 suo
642 3771 804 3830 Sclauonie
827 3773 910 3843 sitas,
934 3769 973 3828 ad
997 3775 1132 3828 castrum
1155 3785 1248 3826 suum
1271 3768 1373 3842 Selyn,
1397 3769 1459 3827 alio
1482 3772 1536 3828 lto-

270 3879 354 3936 mine
378 3878 525 3950 Chychan
541 3878 737 3952 appellatum
753 3881 933 3951 spectantes,
954 3876 1038 3949 apud
1064 3891 1174 3933 manus
1189 3891 1260 3933 suas
1283 3875 1384 3947 regias
1407 3874 1535 3949 pacifice

184 3997 185 4000 ’
270 3986 402 4057 habitas,
425 4001 497 4043 cum
520 3985 665 4042 omnibus
688 3985 752 4042 suis
775 3983 963 4042 utilitatibus
986 3989 1016 4042 et
1040 3982 1235 4056 pertinenciis
1258 3981 1459 4054 quibuslibet,
1475 3982 1535 4040 sub

270 4091 387 4149 eisdem
410 4092 500 4150 metis
517 4091 651 4164 antiquis
675 4097 705 4148 et
728 4091 876 4162 terminis,
901 4090 1015 4162 quibus
1035 4088 1143 4147 eedem
1165 4104 1222 4162 per
1242 4087 1346 4161 ipsum
1372 4087 1535 4146 dominum

268 4197 503 4270 sigismundum
527 4210 633 4270 regern
650 4213 790 4270 possesse
813 4196 942 4255 fuissent
964 4201 996 4253 et
1017 4199 1206 4267 conservate,
1229 4211 1247 4251 a
1270 4193 1410 4269 predicto
1433 4201 1534 4251 castro

268 4303 364 4376 Selyn
397 4303 562 4361 eximendo
596 4311 627 4361 et
661 4303 844 4378 separando,
868 4301 1004 4362 antefato
1039 4299 1144 4377 judici,
1177 4298 1287 4375 juratis
1322 4315 1357 4356 ac
1380 4299 1533 4358 universis

268 4409 390 4467 civibus
413 4417 443 4466 et
465 4409 642 4484 hospitibus
665 4410 728 4468 suis
750 4407 788 4467 de
811 4409 893 4468 dicta
917 4409 1077 4481 Zagrabia,
1101 4407 1345 4480 eorumdemque
1365 4405 1532 4464 heredibus

267 4521 298 4572 et
320 4515 553 4590 posteritatibus
577 4515 615 4574 de
651 4517 796 4574 manibus
827 4517 891 4573 suis
922 4515 1016 4588 regiis
1040 4513 1183 4585 dedisset,
1207 4512 1350 4570 donasset
1373 4519 1403 4570 et
1426 4495 1530 4569 contu·

267 4621 353 4680 lisset
376 4621 407 4679 in
430 4622 657 4695 sempiternum
680 4620 891 4695 possidendas,
915 4621 1061 4679 tenendas
1093 4621 1210 4692 pariter
1233 4623 1263 4676 et
1285 4617 1451 4675 habendas.
1477 4617 1530 4673 At-

267 4728 361 4786 terius
385 4739 468 4801 vero,
501 4727 645 4785 videlicet
666 4727 740 4784 dicti
770 4727 899 4800 capituli
924 4725 1142 4798 'zagrabiensis
1166 4725 1268 4783 littere
1291 4721 1457 4798 superinde
1471 4724 1550 4810 sta-v

267 4834 379 4891 tutorie
402 4833 434 4890 in
457 4831 535 4891 festo
559 4834 729 4892 beatissimi
753 4834 835 4906 regis
858 4832 1007 4907 Stephani
1030 4833 1061 4890 in
1085 4831 1167 4890 dicto
1199 4846 1279 4888 anno
1302 4831 1404 4903 gracie
1428 4827 1530 4887 mille·

266 4940 346 4997 simo
371 4940 585 4997 tercentesimo
607 4941 817 5012 octuagesimo
829 4940 963 5012 septimo
979 4944 1119 4996 emanate
1143 4938 1329 4996 continentia
1344 4935 1531 5003 declarabat,

268 5044 352 5118 quod
374 5045 478 5119 regius
502 5051 532 5104 et
555 5045 629 5104 dicti
651 5043 782 5118 capituli
813 5045 1020 5117 zagrabiensis
1051 5044 1200 5116 homines,
1224 5025 1337 5100 litteris
1361 5041 1390 5098 in
1415 5025 1531 5106 eisdem
