3804 5858
649 625 722 686 Dec.
740 625 816 704 362.
844 660 881 672 -
907 629 963 690 An.
987 641 1078 706 1492.
1425 633 1487 708 483

223 854 256 890 m.
281 853 305 902 p.
334 837 463 886 Martinus
488 837 655 895 chasmensis,
680 853 712 887 ur.
737 852 762 902 p.
788 836 918 901 Georgius
935 838 1028 895 Bexin,
1054 853 1087 889 nr.
1107 853 1133 903 p.
1152 838 1276 898 Mathias,
1296 845 1390 898 custos,
1410 855 1443 892 m.
1464 855 1490 906 p.

224 926 307 974 Lucas
326 925 359 973 de
384 925 508 982 Dombro,
534 941 567 976 m.
587 942 612 990 p.
640 924 737 974 Paulus
763 924 883 989 Zythycz,
902 941 928 973 rn
957 941 981 989 p.
999 925 1091 974 Gallus
1109 927 1142 974 de
1161 927 1294 992 Zepnicza,
1312 943 1347 977 m.
1379 943 1404 992 p.
1433 928 1490 978 Ste-

223 1013 323 1078 phanus
341 1012 374 1060 de
392 1011 485 1071 Crisio,
504 1029 537 1064 m.
556 1029 581 1078 p.
601 1013 748 1077 Stephanus
766 1013 798 1060 de
817 1013 985 1070 Hrazthvcza‚
1005 1029 1030 1061 m
1049 1029 1073 1077 p.
1094 1013 1218 1064 Nicolaus
1236 1015 1269 1063 de
1287 1014 1391 1072 chha,
1411 1031 1444 1067 tn.
1464 1031 1489 1080 p.

220 1102 355 1166 Johannes
373 1101 405 1148 de
423 1101 555 1166 Iwanych.
576 1117 608 1150 m.
628 1117 652 1166 p.
673 1101 795 1150 Matheus
814 1101 846 1149 de
865 1101 1044 1164 Zenthgewrg‚
1064 1118 1088 1150 m
1118 1118 1143 1166 p.
1163 1103 1279 1151 Andreas
1297 1104 1435 1166 organista,
1454 1120 1492 1156 m.

224 1206 248 1254 p.
268 1188 361 1238 Gallus
379 1188 411 1236 de
430 1188 547 1252 Simigio,
567 1205 599 1238 m.
620 1169 647 1254 pl.
666 1190 793 1254 Magister
811 1189 908 1238 Paulus
927 1190 960 1237 de
978 1190 1103 1247 Iwanecz,
1122 1206 1154 1240 m.
1175 1206 1199 1255 p.

328 1365 407 1415 Liber
426 1365 520 1414 rubeus
539 1381 595 1414 ven.
616 1363 724 1430 capituli
743 1364 804 1415 eccl.
833 1365 1014 1428 zagrabiensis.
1033 1367 1065 1414 In
1084 1366 1180 1416 archiv.
1209 1365 1271 1415 incl.
1298 1367 1383 1419 Acad.
1403 1367 1488 1418 Scien.

224 1453 293 1504 Slav.
313 1453 402 1504 merid.

806 1683 893 1749 362.

329 1825 410 1873 Anno
432 1835 506 1887 1492,
529 1836 568 1886 13.
584 1823 660 1889 Julti.
681 1825 830 1888 Zagrabiae.
893 1811 898 1820 ⁵

217 1951 374 2029 Jokannes
402 1951 553 2020 Corvinus,
578 1949 735 2010 Slavoniac
757 1959 806 2013 etc.
831 1948 905 2021 dux,
923 1952 1046 2026 plebano
1067 1972 1088 2014 s.
1112 1953 1325 2027 Margarethac
1342 1961 1486 2030 precante,

215 2059 406 2132 possessiones
428 2057 567 2131 quasdam
580 2057 782 2133 jobagionales
804 2058 841 2114 ab
870 2057 975 2128 Ulrrco,
1003 2057 1095 2117 Cr'line
1124 2060 1229 2129 comite,
1252 2067 1362 2134 raptas,
1385 2056 1488 2119 sacello

712 2182 733 2220 s.
756 2165 875 2236 spiritus
897 2164 999 2225 reddit.

330 2307 393 2365 Nos
421 2308 576 2391 Johannes
608 2307 768 2380 Coruinus,
791 2305 963 2380 Sclauonie,
987 2308 1185 2383 Lyppthouie
1206 2313 1235 2366 et
1258 2309 1401 2384 Oppauie
1425 2310 1490 2370 dux

223 2420 278 2473 etc.
310 2415 458 2473 Memorie
488 2413 743 2472 commendamus
774 2421 880 2473 tenore
903 2416 1097 2489 presencium
1130 2414 1348 2488 significantes,
1373 2417 1488 2490 quibus

223 2519 349 2595 expedit
371 2522 531 2592 universis,
562 2519 644 2594 quod
669 2521 794 2579 veniens
806 2526 944 2580 nostram
962 2523 992 2580 in
1016 2521 1209 2596 presenciam
1232 2521 1383 2580 discretus
1399 2538 1488 2596 pres·

224 2628 305 2685 biter
327 2627 459 2685 Michael
491 2627 530 2686 de
561 2625 895 2700 Zentbgyewrghwara
918 2628 1071 2702 plebanus
1087 2627 1216 2686 ecclesie
1237 2635 1341 2686 sancte
1365 2631 1485 2703 Marga-

223 2734 309 2791 retbe
332 2733 462 2806 virginis
485 2735 526 2816 'et
559 2731 695 2791 martiris
730 2732 768 2789 de
796 2733 947 2791 suburbio
971 2733 1103 2792 civitatis
1138 2739 1241 2791 nostre
1265 2735 1380 2792 montis
1404 2735 1480 2794 Gre·

223 2839 321 2898 censis
342 2839 432 2896 nobis
446 2838 587 2911 detegere
600 2839 727 2911 curavit,
743 2839 901 2913 quomodo
910 2839 1029 2897 dudum
1045 2829 1177 2897 condam
1194 2838 1338 2898 dominus
1350 2841 1483 2915 Vlricus,

224 2960 326 3003 comes
343 2945 430 3016 Cilie,
455 2943 606 3018 quasdam
629 2945 781 3004 sessiones
802 2943 1016 3021 jobagionales
1039 2947 1070 3004 in
1094 2960 1236 3020 quarum,
1260 2961 1321 3005 una
1346 2946 1483 3022 quidem,

224 3052 376 3124 Domyan,
411 3053 443 3110 in
469 3051 601 3110 secunda
641 3051 776 3124 Mathia,
807 3053 838 3111 in
862 3053 956 3111 tercia
979 3052 1116 3126 Gywrko
1138 3057 1168 3112 et
1190 3053 1221 3111 in
1245 3059 1356 3127 quarta
1379 3055 1486 3128 Lucas,

219 3158 297 3216 olirn
313 3156 493 3233 jobagiones
510 3159 723 3230 morabantur,
738 3160 770 3216 in
792 3160 989 3232 possessione
1005 3157 1229 3218 Chernomercz
1246 3163 1276 3217 et
1290 3160 1370 3218 intra
1387 3165 1486 3218 metas

218 3263 298 3322 dicte
333 3265 465 3322 civitatis
499 3269 603 3322 nostre
639 3265 753 3323 montis
785 3264 947 3323 Grecensis
982 3266 1145 3324 existentes
1180 3271 1210 3322 et
1243 3265 1374 3338 habitas,
1411 3282 1483 3324 cum

222 3371 336 3444 quibus
359 3371 481 3443 capella
503 3371 599 3428 sancti
615 3371 742 3444 spiritus
758 3371 876 3429 ibidem
901 3371 1035 3443 fundata,
1048 3372 1080 3429 in
1096 3371 1161 3429 eius
1177 3369 1360 3430 fundacione
1377 3370 1482 3431 dotata

217 3477 390 3548 exstitisset,
405 3477 446 3533 ab
469 3475 577 3534 eadem
600 3476 722 3550 capella
743 3477 878 3534 nescitur
901 3477 1014 3550 quibus
1036 3476 1228 3550 respectibus
1251 3483 1433 3550 occupasset
1449 3483 1479 3536 et

218 3581 340 3640 cuidam
364 3597 420 3640 suo
452 3581 600 3640 familiari
630 3581 736 3648 Paulo.
759 3581 911 3656 Walpoth
934 3587 1118 3656 nuncupat0,
1143 3581 1286 3654 dedisset,
1301 3589 1372 3656 post
1395 3586 1481 3643 cuius

217 3688 337 3746 obitum
351 3687 533 3761 magnificus
544 3687 698 3771 Johannes
710 3687 805 3746 Thwz
830 3688 867 3746 de
883 3688 947 3747 Lalr
963 3690 1040 3747 alias
1057 3691 1308 3748 thavernicorum
1323 3691 1478 3763 regalium

217 3795 364 3866 magister
386 3795 426 3851 ad
449 3799 584 3852 castrum
605 3793 725 3853 Medwe
741 3796 943 3854 consimiliter
965 3799 1154 3870 occupasset,
1167 3795 1273 3869 sicque
1296 3811 1353 3870 per
1375 3797 1480 3854 huius·

217 3900 301 3957 modi
318 3901 468 3958 violentas
491 3902 710 3975 occupaciones
733 3907 763 3958 et
778 3901 971 3961 detensiones
990 3903 1130 3976 ipsarum
1153 3903 1333 3974 sessionum,
1358 3901 1475 3960 eisdem

216 4004 336 4079 prefata
359 4007 480 4080 capella
503 4008 599 4065 sancti
622 4007 749 4082 spiritus
772 4023 869 4081 usque
885 4009 916 4066 in
933 4008 1122 4066 hodiernum
1138 4009 1285 4066 caruisset
1308 4015 1338 4066 et
1354 4024 1409 4066 sua
1425 4010 1482 4067 hu·

217 4111 352 4170 iusmodi
384 4112 544 4171 dotacione
578 4114 687 4171 orbata
718 4111 832 4172 fnisset.
864 4113 953 4173 Unde
976 4097 1074 4172 nobis¹
1089 4113 1127 4172 de
1150 4112 1328 4171 huiusmodi
1352 4127 1483 4187 occupa·

216 4218 302 4275 cione
326 4219 569 4292 prescriptarum
603 4220 773 4278 sessionum
804 4219 969 4293 diligenter
1000 4220 1225 4294 inquirentibus
1248 4234 1267 4276 a
1289 4223 1373 4278 certo
1398 4235 1482 4278 com·

215 4323 353 4396 perimus
387 4331 417 4381 et
450 4323 622 4384 sufficiente
657 4327 832 4384 testimonio
862 4325 962 4384 edocti
996 4327 1093 4383 simus
1128 4324 1252 4382 easdem
1286 4325 1479 4384 sessionesa

216 4429 398 4488 fundacione
421 4431 518 4505 ipsius
549 4431 669 4505 capelle
691 4431 730 4490 ad
754 4431 884 4490 eandem
917 4430 984 4508 jure
1008 4430 1176 4489 dotacionis
1199 4431 1391 4504 pertinuisse,
1415 4446 1482 4490 mo·

217 4535 318 4609 doque
351 4545 475 4594 narrato
506 4538 547 4594 ab
570 4537 679 4596 eadem
702 4537 838 4596 indebite
870 4545 977 4596 contra
1000 4537 1094 4595 deum
1117 4542 1146 4594 et
1169 4537 1234 4595 eius
1257 4537 1409 4595 iusticiam
1433 4552 1484 4596 oc·

216 4647 343 4714 cupatas
366 4641 460 4700 fuisse
484 4649 513 4700 et
536 4642 673 4702 detentas
697 4643 774 4716 fore,
798 4644 1044 4716 agnoscentibus,
1067 4643 1227 4701 nollumus
1251 4658 1375 4716 quoque
1399 4642 1485 4701 dein·

216 4762 289 4820 ceps
311 4748 413 4821 ipsam
429 4749 584 4822 capellam
601 4756 731 4824 propter
747 4749 901 4808 defectum
926 4749 1066 4823 ipsarum
1089 4750 1260 4808 sessionum
1284 4750 1347 4807 suis
1371 4749 1484 4808 divinis

216 4853 353 4911 cultibus
387 4869 492 4912 carere
527 4859 557 4912 et
591 4855 725 4927 destitui,
760 4854 892 4928 ideoque
926 4871 984 4929 pro
1016 4856 1270 4929 augmentacione
1304 4855 1486 4913 huiusmodi

216 4960 319 5017 cultus
343 4957 441 5019 divini
464 4962 654 5036 prescriptas
677 4963 827 5020 sessiones
850 4963 946 5020 simul
968 4977 1039 5020 curn
1064 4963 1182 5020 cunctis
1206 4963 1345 5036 ipsarum
1369 4961 1485 5019 utilita-

216 5066 308 5138 tibus,
342 5063 464 5141 juribus
497 5071 527 5125 et
562 5069 758 5142 pertinenciis
792 5069 987 5142 quibuslibet
1022 5069 1061 5126 ad
1085 5069 1209 5126 easdem
1233 5069 1271 5126 de
1293 5065 1361 5141 jure
1384 5077 1413 5124 et
1444 5069 1486 5126 ab

1379 5168 1395 5205 13
