3736 5826
850 527 922 583 Duc.
944 538 975 599 9.
1000 559 1043 569 -
1065 527 1121 582 An.
1145 535 1237 600 1405.

415 743 608 801 officialibus
631 747 660 820 et
682 742 854 801 tributariis
877 741 990 799 nostris
1017 740 1152 799 ubilibet
1174 741 1255 798 intra
1277 742 1432 800 ambitum
1464 742 1553 814 regni
1584 739 1706 798 nostri

421 850 604 918 constitutis,
627 864 745 906 necnon
768 849 896 906 alterius
919 847 1053 905 cuiusvis
1076 852 1181 918 status,
1205 846 1363 920 dignitatis
1387 853 1416 904 et
1431 845 1705 920 preheminencie

418 955 607 1024 hominibus,
637 958 742 1012 nostra
772 955 890 1026 regalia
920 954 1036 1012 tributa
1067 957 1130 1010 tarn
1160 953 1190 1010 in
1222 954 1312 1011 terris
1345 968 1440 1026 quam
1474 969 1572 1026 super
1594 953 1703 1025 aquis

417 1063 600 1129 tenentibus,
623 1061 867 1132 eorumdemque
890 1058 1062 1116 tributariis
1092 1059 1287 1132 presentibus
1316 1059 1463 1117 videlicet
1493 1065 1525 1116 et
1561 1057 1701 1129 futuris,

415 1168 608 1242 presencium
633 1167 778 1224 noticiam
808 1165 961 1224 habituris
998 1165 1130 1222 salutem
1167 1170 1197 1222 et
1230 1165 1376 1236 graciam.
1412 1164 1493 1238 Quia
1515 1179 1574 1222 nos
1597 1165 1701 1222 iuxta

414 1274 551 1332 formam
575 1272 689 1330 decreti
712 1273 833 1329 noviter
853 1287 910 1345 per
925 1285 980 1329 nos
997 1287 1034 1328 ex
1052 1269 1280 1328 deliberacione
1296 1271 1499 1344 prelatorum,
1516 1271 1697 1342 baronum,

416 1381 566 1453 regnique
588 1379 685 1435 nostri
709 1391 873 1451 procerum
896 1376 1065 1434 salubriter
1096 1375 1222 1448 inducti,
1256 1376 1418 1434 universos
1456 1381 1487 1434 et
1522 1375 1696 1450 quoslibet

414 1490 602 1544 mercatores
627 1490 657 1540 et
680 1478 807 1541 alterius
829 1489 926 1540 status
949 1483 1089 1540 homines
1111 1482 1151 1539 ab
1175 1482 1261 1540 omni
1288 1482 1452 1540 tributaria
1467 1483 1632 1540 solucione
1658 1481 1694 1539 in

421 1592 533 1659 nostris
556 1589 702 1648 videlicet
725 1589 851 1646 tributis
874 1589 967 1660 regiis
990 1587 1028 1646 de
1050 1589 1191 1661 ipsorum
1220 1588 1314 1646 rebus
1336 1587 1427 1646 bonis
1449 1603 1486 1646 ac
1517 1588 1694 1646 mercimo-

419 1699 478 1756 niis
501 1699 578 1755 alias
600 1697 681 1753 solvi
703 1699 849 1754 consveta
872 1693 1088 1752 libertavimus
1111 1699 1141 1750 et
1164 1693 1345 1764 exemimus,
1369 1693 1550 1768 liberosque
1565 1695 1693 1752 habere

419 1804 566 1861 volumus
600 1802 723 1874 penitus
757 1805 787 1858 et
821 1805 990 1874 exemptos.
1022 1799 1131 1858 Vestre
1166 1799 1262 1872 igitur
1291 1805 1321 1857 et
1350 1799 1516 1858 cuiuslibet
1539 1807 1692 1858 vestrum

415 1909 560 1968 fidelitati
582 1907 764 1966 firmissimo
784 1908 871 1980 regio
893 1887 952 1964 sub
975 1905 1075 1964 edicto
1110 1905 1300 1978 precipimus
1330 1911 1360 1963 et
1390 1905 1576 1964 mandamus
1608 1920 1690 1980 qua·

416 2020 505 2074 tenus
537 2013 650 2071 amodo
681 2019 710 2070 et
741 2011 885 2085 deinceps
914 2012 946 2069 in
969 2017 1057 2070 antea
1080 2026 1099 2068 a
1122 2011 1251 2081 civibus,
1274 2012 1500 2070 mercatoribus
1523 2017 1555 2069 et
1577 2011 1690 2086 hospi·

413 2122 505 2193 tibus,
527 2120 716 2192 alteriusque
737 2124 839 2194 status
863 2123 893 2174 et
916 2117 1103 2176 condicionis
1119 2117 1252 2174 civitatis
1267 2122 1370 2175 nostre
1386 2118 1501 2175 montis
1516 2116 1688 2176 Grecensis

417 2227 456 2284 de
478 2225 629 2299 Zagrabia
652 2225 840 2296 hominibus,
871 2225 1072 2298 ipsorumque
1097 2223 1305 2282 mercimoniis
1336 2238 1372 2281 ac
1404 2225 1498 2282 rebus
1529 2229 1560 2280 et
1590 2225 1687 2282 bonis

416 2333 579 2407 quibusvis
601 2330 726 2388 nullum
749 2326 913 2401 tributum,
936 2329 1096 2386 nullamve
1120 2329 1317 2386 tributariam
1342 2329 1544 2386 -exaccionem
1575 2337 1686 2404 petere

413 2445 444 2498 et
467 2440 598 2512 exigere,
631 2437 757 2511 petique
781 2441 811 2493 et
833 2435 1017 2508 exigifacere
1040 2435 1154 2493 directe
1177 2435 1229 2492 vel
1252 2435 1404 2494 indirecte
1427 2435 1539 2508 quovis
1574 2435 1686 2494 oolore

420 2546 540 2618 quesito
562 2543 815 2618 presumpmatis‚
839 2543 1023 2615 quinymmo
1046 2541 1171 2600 eosdem
1194 2542 1286 2613 cives,
1316 2549 1512 2612 mercatores,
1541 2543 1684 2616 hospites

419 2657 449 2708 et
471 2650 598 2708 alterius
622 2655 719 2706 status
742 2647 881 2722 predicte
898 2648 1032 2705 civitatis
1048 2652 1151 2705 nostre
1167 2648 1280 2705 montis
1296 2647 1457 2706 Grecensis
1473 2646 1512 2704 de
1527 2646 1683 2720 Zagrabia

416 2758 568 2826 homines
590 2755 685 2813 simul
701 2771 772 2812 cum
789 2769 900 2812 eorum
916 2755 1018 2825 rebus,
1042 2755 1197 2812 mercibus
1221 2761 1251 2812 et
1272 2755 1362 2812 bonis
1378 2755 1531 2813 universis
1546 2754 1586 2812 de
1602 2755 1683 2814 locis

416 2861 597 2922 huiusmodi
630 2863 819 2919 tributorum
849 2869 1026 2919 nostrorum
1060 2862 1179 2934 absque
1209 2860 1442 2934 impedimento,
1477 2859 1617 2934 dampno
1651 2865 1683 2918 et

417 2969 584 3028 vexacione
608 2968 739 3040 aliquali
760 2967 859 3024 libere
883 2966 1025 3024 recedere
1048 2971 1078 3024 et
1100 2968 1186 3024 abire
1210 2967 1407 3040 permittatis
1432 2967 1574 3040 alioquin
1597 2967 1683 3025 ultra

412 3075 660 3147 indignacionem
683 3080 821 3132 nostram
844 3073 971 3145 regiam,
996 3089 1091 3146 quam
1115 3075 1200 3131 iuxta
1224 3073 1357 3131 formam
1380 3073 1479 3147 ipsius
1502 3072 1620 3130 decreti
1643 3089 1681 3130 eo

420 3181 502 3238 facto
536 3181 693 3238 incurrere
727 3195 807 3254 pena
841 3180 1005 3238 arbitraria
1028 3185 1132 3238 nostre
1166 3181 1342 3252 maiestatis,
1372 3181 1458 3238 cuius
1481 3179 1681 3238 severitatem

412 3288 519 3360 utique
559 3287 702 3357 sentietis
733 3301 789 3344 vos
821 3291 851 3342 et
885 3293 1023 3344 vestrum
1048 3287 1220 3360 quemlibet
1243 3287 1538 3361 incompassibiliter
1568 3287 1681 3359 punire

412 3393 577 3463 faciemus,
601 3391 639 3449 de
663 3407 725 3464 quo
749 3391 874 3449 tandem
897 3392 976 3449 nulli
1000 3393 1058 3450 nisi
1089 3397 1190 3450 vestre
1213 3393 1378 3450 temeritati
1401 3391 1544 3465 poteritis
1577 3392 1682 3466 impu·

413 3503 489 3556 tare.
522 3497 616 3555 Secus
638 3497 820 3555 nullatenus
853 3498 884 3555 iu
919 3499 1079 3570 premissis
1114 3498 1214 3556 iacere
1244 3498 1496 3572 presumpmatis.
1519 3497 1682 3556 Presentes

417 3611 521 3664 autem
545 3610 616 3679 post
640 3603 793 3661 lecturam
816 3619 941 3677 semper
963 3605 1052 3662 reddi
1068 3605 1212 3662 iubemus
1228 3605 1426 3678 presentanti.
1450 3605 1567 3661 Datum
1594 3603 1682 3662 Bude

417 3713 448 3770 in
473 3710 551 3768 festo
574 3711 658 3768 beati
689 3709 815 3780 Georgii
845 3711 989 3769 martiris.
1025 3714 1116 3769 Anno
1139 3711 1257 3769 domini
1281 3711 1450 3768 millesimo
1473 3709 1683 3783 quadringen-

412 3818 524 3875 tesimo
548 3821 666 3890 quarto.

518 3953 651 4016 Originale
678 3953 705 4000 iu
733 3951 888 4004 membrana.
933 3954 960 4001 A
989 3960 1060 4016 tergo
1087 3954 1225 4018 vestigium
1251 3954 1316 4017 regii
1344 3925 1432 4018 sigilli.
1460 3954 1491 4002 Iu
1518 3951 1591 4001 archi
1618 3951 1680 4001 incl

414 4043 498 4092 Acad.
519 4042 614 4090 Scient.
635 4041 732 4093 Slavor.
751 4041 911 4090 meridional.

516 4305 597 4354 Anno
618 4315 692 4368 1405,
715 4316 755 4366 14.
772 4305 852 4368 Junii.
874 4217 1061 4368 &grabissa

411 4413 601 4471 Eberhardus
624 4413 767 4486 eptscopus
789 4414 985 4487 zagrubiensir
1008 4416 1235 4473 conrtnum'talem
1256 4416 1381 4473 civitatis
1402 4417 1505 4474 montis
1528 4416 1680 4477 Gresensis

410 4521 607 4594 quadraginta
633 4537 747 4576 ororcas
774 4528 833 4592 pro
868 4539 967 4577 unitivo
998 4521 1106 4578 tributo
1140 4523 1205 4594 regi
1235 4521 1386 4594 solvendo,
1418 4523 1474 4580 sibi
1498 4523 1682 4602 quendr'sse,

961 4629 1123 4703 profitetur.

515 4769 578 4828 Nos
602 4771 801 4830 Eberhardus
826 4772 875 4831 dei
899 4779 928 4831 et
951 4773 1121 4847 apostolice
1143 4770 1224 4830 sedis
1248 4775 1352 4848 gracia
1375 4776 1540 4850 episcopus
1571 4791 1679 4850 ragra-

410 4877 533 4947 biensis,
557 4893 785 4951 supremusque
807 4881 890 4953 regie
914 4881 1082 4937 maiestatis
1105 4881 1316 4938 cancellarius.
1339 4881 1486 4940 Fatemur
1516 4899 1575 4956 per
1605 4900 1679 4956 pre·

409 4987 518 5054 sentes,
544 4984 701 5056 quomodo
724 4986 861 5044 universi
886 4987 968 5044 cives
1002 5001 1056 5043 seu
1086 4987 1223 5060 hospites
1251 4987 1289 5044 de
1318 4989 1443 5046 civitate
1472 4991 1677 5063 zagrabyensi
