3764 5924
617 572 690 630 Doc.
718 567 786 648 383.
797 567 876 650 384.
900 605 943 616 -
967 572 1024 630 An.
1050 566 1144 648 rapo.
1448 587 1509 643 507

246 785 425 846 nullatenus
462 789 683 861 presummatis
717 805 774 849 nec
805 789 872 848 sitis
906 789 973 846 ausi
994 779 1107 847 'modo
1142 787 1291 861 aliquali;
1314 788 1462 862 quoniam
1485 787 1512 847 si

246 907 334 952 secus
368 891 511 966 feceritis,
545 903 639 969 prout
662 911 680 954 a
704 897 787 969 regia
808 892 968 954 maiestate
992 895 1242 954 commissionem
1273 894 1434 965 habemus,
1458 895 1512 952 tri·

245 1000 322 1057 buta
346 999 410 1072 illa,
434 1001 466 1058 in
492 1001 606 1075 quibus
623 1003 812 1061 contrarium
829 1000 1008 1061 huiusmodi
1025 1000 1166 1072 feceritis,
1192 1015 1250 1074 pro
1274 1015 1330 1058 sua
1352 1000 1512 1058 maiestate

246 1106 392 1180 occupari
415 1106 572 1166 iaciemus.
603 1103 697 1167 Secus
728 1123 802 1182 ergo
824 1125 887 1167 non
911 1107 1031 1166 facturi.
1056 1107 1254 1166 presentibus
1277 1106 1432 1180 perlectis,
1456 1122 1507 1164 ex·

245 1209 365 1270 bibenti
395 1214 551 1272 restitutis.
576 1215 691 1273 Datum
723 1216 754 1274 in
777 1215 936 1274 Modrusio
959 1215 990 1272 in
1025 1213 1180 1272 dominica
1197 1213 1315 1296 Judicar
1340 1213 1429 1271 Anno
1454 1211 1510 1270 do·

246 1317 323 1376 mini
346 1319 516 1378 millesimo
541 1321 847 1395 quadringentesimo
866 1322 1067 1395 nonagesimo
1090 1325 1185 1380 sexto.

257 1438 260 1447 ³
351 1421 698 1520 Originaleincharta.1n
717 1459 832 1524 margIne
855 1459 971 1532 inferiori
990 1459 1144 1524 impressum
1157 1461 1197 1507 est
1215 1455 1338 1522 sigillum.
1358 1457 1390 1505 In
1420 1454 1509 1506 collec.

244 1539 313 1592 dom.
327 1543 469 1610 Laiovslry.

833 1722 919 1812 aaa.

352 1847 433 1895 Anno
455 1847 530 1910 1496,
554 1859 592 1910 19.
610 1847 692 1913 Junii.
714 1847 862 1912 Zagrabiue.

245 1955 275 2012 A
303 1953 428 2030 Georgia
451 1959 576 2032 spiscopo
598 1959 748 2016 rotonensi
767 1976 872 2018 novum
893 1958 919 2019 b.
942 1975 968 2018 v.
990 1957 1112 2015 Mariae
1127 1957 1222 2015 altare
1245 1956 1276 2012 in
1290 1954 1454 2014 cathedrali
1472 1970 1512 2011 ec·

656 2065 741 2123 clesia
764 2065 884 2138 zugrab.
908 2071 1099 2124 consecratur.

356 2206 447 2283 1496,
463 2207 678 2268 decimanona
700 2210 815 2268 mensis
838 2209 930 2293 Junii.
953 2210 1019 2282 Ego
1043 2207 1196 2281 Georgius
1225 2205 1409 2278 rosonensis,
1427 2218 1511 2262 com-

246 2312 456 2374 mendatarius
486 2315 613 2374 abbatie
644 2317 832 2390 toplicensis‚
866 2317 1042 2390 prepositus
1077 2314 1274 2385 ehamensis,
1298 2311 1512 2384 suffraganeus

245 2420 337 2479 huius
357 2422 485 2480 ecclesie
515 2423 721 2495 zagrabiensis
752 2429 807 2481 etc.
839 2423 1018 2481 consecravi
1040 2423 1099 2480 hoc
1122 2421 1222 2478 altare
1246 2419 1277 2479 in
1301 2419 1417 2477 honore
1441 2416 1508 2489 glo·

244 2527 326 2585 riose
347 2528 475 2602 virginis
499 2529 602 2587 Marte,
625 2529 767 2603 Reliquie
783 2535 887 2588 autem
910 2529 960 2587 hic
983 2529 1132 2603 reposite:
1156 2527 1230 2585 item
1254 2525 1292 2584 de
1315 2524 1417 2584 tunica
1440 2537 1509 2580 san·

245 2639 293 2692 cte
305 2633 451 2707 Marie‚de
463 2633 564 2694 cilicio
573 2637 826 2720 sanctiJohannis
839 2637 973 2711 baptiste
995 2641 1025 2694 et
1037 2636 1133 2694 latere
1146 2633 1243 2692 sancti
1256 2631 1405 2706 Stephani
1421 2630 1510 2703 regis.

352 2769 486 2836 Originale
509 2772 537 2822 in
556 2771 711 2832 membrana,
731 2771 793 2824 olim
812 2773 934 2823 incitari
953 2774 978 2824 b.
996 2788 1021 2825 v.
1040 2773 1139 2823 Mariae
1158 2773 1186 2822 in
1203 2770 1265 2824 eccl.
1277 2767 1391 2822 cathedr.
1410 2767 1510 2832 zagrab.

845 2949 932 3016 384.

354 3069 436 3120 Anno
457 3071 531 3134 1496.
552 3086 576 3135 4.
597 3073 721 3135 Augusti.
741 3074 771 3121 In
792 3071 882 3124 Bibae.

243 3177 395 3254 lohannes
424 3179 573 3251 &mimus
597 3181 756 3240 Sluvoniae
775 3191 822 3254 etc,
845 3182 916 3254 dux,
939 3184 1065 3241 civitatis
1087 3183 1229 3256 deputatis
1249 3181 1379 3251 mandat,
1400 3197 1435 3236 ne
1462 3180 1511 3234 im

235 3283 368 3359 petitam,
389 3291 461 3364 quin
497 3288 623 3346 Thomas
657 3297 685 3347 et
704 3291 879 3349 France'mus
899 3290 1000 3348 Bac'an
1031 3289 1143 3360 nobiles,
1175 3287 1394 3362 Catharmaque
1417 3292 1510 3342 mater

245 3410 341 3478 comm
364 3394 395 3450 im
419 3397 622 3469 possessionem
651 3395 784 3454 domuum
806 3415 926 3454 suarum
948 3397 979 3454 in
1010 3401 1208 3454 communitate
1237 3397 1359 3452 siturum
1382 3393 1511 3453 vertebat.

351 3539 415 3599 Nos
436 3540 591 3624 Johannes
615 3541 775 3614 Coruinus,
798 3542 926 3616 Opauie,
943 3543 1181 3618 Lypthouieque
1198 3541 1261 3598 dux
1284 3555 1320 3600 ac
1341 3553 1510 3612 regnorum

247 3645 418 3717 Dalmacie,
451 3646 580 3705 Croacie
603 3653 632 3705 et
667 3647 831 3706 Sclauonie
854 3648 953 3708 banus
977 3655 1032 3707 etc.
1057 3647 1199 3708 Providis
1222 3662 1258 3705 ac
1280 3629 1512 3704 circumspectis

245 3749 343 3828 judici
374 3759 404 3811 et
435 3751 553 3829 juratis,
586 3754 840 3826 universitatique
870 3755 985 3812 civium
1009 3755 1142 3812 civitatis
1168 3757 1275 3812 nostre
1298 3749 1412 3810 montis
1436 3745 1513 3804 Gre-

247 3859 353 3931 censis,
383 3853 530 3920 fidelibus
553 3862 644 3919 nobis
666 3863 783 3921 sincere
807 3861 937 3934 dilectis,
959 3862 1092 3920 salutem
1117 3867 1147 3918 et
1169 3865 1307 3918 nostram
1331 3853 1512 3914 benivolen-

247 3965 336 4026 ciam.
367 3967 551 4040 Expositum
568 3973 628 4029 .est
662 3969 753 4026 nobis
785 3983 843 4043 pro
866 3973 954 4042 parte
985 3968 1140 4026 nobilium
1164 3967 1283 4024 Thome
1306 3969 1336 4022 et
1358 3959 1513 4020 Francisci

247 4071 286 4130 de
317 4071 456 4146 Bathyan
480 4079 510 4130 et
542 4073 667 4134 domine
695 4075 870 4145 Katherine,
895 4075 1003 4133 matris
1027 4073 1219 4144 eorumdem,
1241 4085 1361 4131 necnon
1384 4068 1512 4126 domine

247 4180 336 4238 Anne
370 4180 493 4246 sororis,
528 4182 663 4254 qualiter
692 4183 777 4255 ipsos
808 4181 943 4255 quedam
968 4181 1078 4239 domus
1103 4182 1134 4238 iu
1168 4181 1225 4239 illa
1248 4183 1354 4238 nostra
1375 4175 1512 4245 civitate,

247 4300 342 4359 quam
364 4285 493 4359 quidem
517 4286 648 4349 Domko.
669 4287 843 4360 Perowych
868 4287 1047 4361 possidebat
1070 4287 1266 4362 temporibus
1289 4280 1513 4358 superioribus,

246 4393 332 4467 ipsos
362 4398 550 4466 exponentes
570 4393 646 4470 ¹jure
680 4395 868 4454 hereditario
900 4403 1102 4466 concerperet,
1128 4399 1221 4467 atque
1244 4393 1305 4466 ipsi
1327 4386 1513 4448 sufficientia

246 4495 316 4574 jura
339 4499 455 4559 habere
478 4515 512 4560 se
527 4499 727 4571 affirmarent,
740 4501 889 4560 nolumus
911 4506 1015 4560 tamen
1035 4516 1093 4558 nos
1110 4499 1291 4574 quempiam
1314 4498 1346 4554 in
1369 4496 1511 4570 ipsorum

245 4602 344 4680 justis,
369 4606 451 4663 veris
475 4611 505 4664 et
536 4601 696 4679 legittimis
719 4605 841 4681 juribus
864 4607 993 4681 privari,
1017 4607 1161 4680 quocirca
1184 4606 1275 4663 vobis
1297 4604 1410 4661 harum
1433 4600 1512 4659 serie

246 4711 441 4784 presencium
464 4711 656 4776 strictissime
679 4713 903 4770 committimus
927 4717 957 4770 et
974 4711 1167 4781 mandamus,
1191 4711 1340 4785 ampliori
1363 4706 1510 4767 mandato

245 4823 351 4876 nostro
383 4816 549 4891 superinde
578 4831 641 4879 non
675 4823 844 4891 expectato,
876 4823 1036 4876 annotatos
1067 4817 1221 4876 Thomam
1250 4822 1282 4875 et
1310 4815 1510 4874 Franciscum

245 4937 364 4987 necnon
395 4921 553 4985 dominam
578 4923 779 4984 Katherinam
803 4929 938 4984 matrem
955 4931 991 4982 et
1014 4926 1136 4984 Annam
1159 4937 1307 4994 sororem,
1331 4921 1441 4980 revisis
1462 4921 1511 4995 ip-

247 5045 355 5091 sorum
378 5030 460 5088 veris
483 5036 514 5092 et
536 5029 697 5104 legittimis
708 5028 839 5108 juribus,
854 5028 940 5108 juxta
955 5031 1116 5106 antiquam
1139 5035 1169 5088 et
1192 5029 1400 5104 approbatam
1415 5028 1510 5086 liber-
