3930 5802
713 585 878 660 Doc.154.
908 616 942 625 -
969 583 1140 660 An.145o.
1502 599 1559 642 arr

297 803 411 860 timum
440 804 675 874 procuratorem
710 799 866 858 dictorum
899 799 931 857 iu
966 813 1089 856 causam
1121 803 1324 857 attractorum
1347 799 1510 874 legittimis
1534 799 1565 854 et

297 907 442 980 congruis
465 905 575 964 diebus
597 906 738 980 ipsarum
769 908 950 962 octavarum
981 917 1088 962 coram
1114 904 1206 962 uobis
1236 909 1424 978 expectatus,
1448 905 1564 962 dietam

296 1027 387 1070 suam
410 1011 565 1070 accionem
589 1015 781 1082 executurus,
805 1015 891 1067 actor
914 1009 1057 1080 existens,
1079 1013 1220 1066 nostram
1243 1010 1276 1067 in
1295 1012 1486 1082 presenciam
1503 1025 1565 1068 non
1635 1013 1638 1018 '

297 1119 382 1176 venit
404 1133 504 1191 neque
527 1117 621 1188 misit,
640 1116 694 1174 sed
710 1131 742 1174 se
759 1115 968 1174 mediantibus
984 1115 1096 1173 litteris
1112 1115 1225 1172 nostris
1240 1111 1439 1190 judicialibus
1455 1115 1566 1175 exinde

298 1223 445 1282 confectis
468 1223 498 1280 in
521 1220 644 1298 judiciis
667 1222 811 1294 agravari
835 1222 993 1294 permisit;
1016 1226 1046 1278 et
1069 1222 1110 1280 ob
1134 1221 1194 1280 hoc
1217 1220 1356 1295 prefatus
1390 1223 1566 1296 Hennyngh

298 1330 484 1404 premissam
518 1344 644 1386 causam
679 1343 769 1386 suam
802 1333 996 1399 executurus,
1032 1327 1070 1386 de
1104 1326 1256 1400 dictisque
1278 1326 1400 1403 judiciis
1423 1330 1513 1387 nobis
1536 1334 1566 1387 et

298 1437 381 1510 parti
404 1435 533 1494 adverse
556 1433 771 1492 satisfacturus
794 1439 900 1491 contra
924 1439 1115 1492 memoratos
1138 1431 1284 1509 judicem,
1302 1432 1421 1509 juratos
1437 1439 1467 1493 et
1483 1436 1566 1494 cives

298 1543 471 1616 prescripto
495 1541 629 1600 civitatis
652 1541 767 1598 montis
790 1539 952 1598 Grecensis
975 1540 1066 1598 nohis
1089 1539 1266 1600 evocandus
1295 1539 1362 1598 fore
1392 1540 1566 1613 videbatur,

299 1664 357 1723 pro
380 1663 417 1706 eo
440 1653 577 1706 vestram
601 1647 776 1704 amiciciam
806 1646 1004 1719 presentibus
1039 1647 1173 1719 petimus
1207 1645 1380 1718 diligenter,
1416 1651 1566 1720 quatenus

298 1761 438 1813 vestrum
461 1753 591 1812 mittatis
614 1753 773 1811 hominem
796 1767 855 1826 pro
887 1753 1064 1811 testimonio
1099 1751 1300 1824 fidedignum,
1332 1767 1396 1825 quo
1425 1760 1566 1826 presente

299 1859 462 1934 Georgius,
496 1859 582 1918 filius
616 1859 715 1931 Pauli,
750 1858 788 1916 de
811 1857 924 1931 Mlaka,
948 1863 1001 1917 aut
1020 1859 1184 1942 Johannes,
1207 1858 1293 1916 filius
1315 1859 1408 1930 Iwan,
1432 1859 1471 1917 de
1494 1859 1567 1918 Bre-

299 1967 430 2038 zouicza,
455 1966 506 2024 vel
528 1964 711 2040 Stephanus,
735 1965 821 2024 filius
844 1965 966 2024 Nicolai
989 1965 1027 2022 de
1050 1964 1167 2037 eadem,
1191 1965 1257 2022 sive
1274 1965 1464 2038 Valentinus,
1480 1953 1565 2024 filius

299 2073 409 2131 Briccii
432 2071 471 2130 de
494 2071 713 2142 Chrenlrowcz‚
737 2087 791 2129 seu
814 2071 973 2142 Martinus
1007 2070 1091 2130 filius
1126 2071 1209 2128 Petri
1240 2070 1278 2128 de
1311 2069 1463 2143 Sytharia,
1501 2071 1567 2129 sive

299 2177 466 2238 Ladislaus
499 2178 654 2236 litteratus
689 2177 727 2236 de
761 2178 925 2250 Drenowa,
958 2193 1036 2236 neve
1059 2155 1245 2248 Demetrius,
1268 2177 1354 2235 filius
1378 2178 1503 2236 Martini
1528 2177 1567 2234 de

299 2284 417 2358 eadem,
442 2300 497 2342 ceu
520 2285 613 2355 iwan,
633 2284 717 2342 filius
740 2284 862 2343 Nicolai
885 2284 923 2342 de
945 2283 1141 2356 Glawnycza,
1165 2284 1235 2342 aliis
1258 2284 1446 2356 absentibus,
1470 2284 1566 2341 homo

299 2396 405 2448 noster
428 2390 468 2448 ad
492 2389 650 2464 prefatum
673 2391 850 2464 Hennyngh
871 2389 910 2448 dc
925 2389 1125 2448 Zomzedwar
1148 2388 1295 2448 accedens
1311 2394 1418 2448 evocet
1433 2389 1567 2448 eundem

299 2500 406 2554 contra
429 2499 620 2554 memoratos
644 2501 832 2570 exponentes
854 2497 969 2556 dictam
992 2498 1150 2556 accionem
1170 2512 1259 2554 suam
1289 2501 1501 2570 executurum,
1532 2511 1567 2555 ac

299 2601 339 2660 de
361 2601 452 2660 dictis
474 2599 597 2678 judiciis
618 2602 709 2660 nobis
732 2607 762 2660 et
785 2603 867 2677 parti
890 2602 1020 2660 adverse
1043 2601 1274 2661 satisfacturum
1292 2608 1431 2660 nostram
1447 2603 1479 2660 in
1497 2619 1568 2678 pre·

299 2708 434 2766 senciam
456 2708 488 2765 in
511 2707 618 2766 sedem
638 2709 871 2780 zagrabieusem
894 2707 935 2767 ad
964 2714 1089 2766 octavas
1125 2706 1196 2766 festi
1230 2708 1478 2784 Epiphaniamm
1512 2709 1568 2767 do·

299 2814 376 2872 mini
398 2829 480 2872 nunc
503 2820 661 2873 venturas.
684 2814 723 2872 Et
745 2819 816 2888 post
838 2815 895 2872 hec
915 2815 1013 2888 ipsius
1036 2814 1229 2872 evocacionis
1260 2815 1381 2886 seriem,
1411 2821 1446 2872 ut
1475 2813 1568 2874 fuerit

299 2921 474 2994 expediens,
488 2936 560 2978 cum
582 2921 708 2980 nomine
731 2922 851 2980 evocati
874 2921 914 2980 ad
937 2926 1064 2980 octavas
1087 2921 1220 2992 easdem,
1244 2922 1335 2980 nobis
1359 2936 1447 2981 more
1471 2922 1567 2982 solito

299 3027 485 3085 rescribatis.
508 3026 668 3085 Presentes
694 3027 800 3100 sigillo
823 3029 946 3086 comitis
967 3029 1065 3086 nostri
1093 3028 1303 3102 zagrabiensis
1334 3027 1464 3088 fecimus
1496 3043 1566 3088 con·

299 3133 423 3204 signari.
447 3133 564 3190 Datum
587 3132 739 3205 Zagrabie
763 3133 883 3192 decimo
906 3149 988 3192 nono
1011 3135 1061 3194 die
1084 3133 1145 3193 diei
1176 3141 1359 3192 octavarum
1391 3134 1465 3193 dicti
1497 3135 1568 3193 festi

301 3239 384 3297 beati
407 3239 567 3298 Michaelis
591 3239 777 3312 archangeli.
802 3241 892 3302 Anno
915 3241 1033 3300 domini
1068 3241 1237 3300 millesimo
1262 3239 1567 3314 quadringentesimo

301 3326 566 3418 quinquagesimo

406 3482 430 3530 E
449 3487 609 3547 transumpto
627 3482 734 3548 capituli
754 3483 927 3548 aagrabieusis
952 3484 984 3532 de
1009 3499 1076 3532 anno
1106 3495 1181 3549 1450.
1209 3485 1241 3532 In
1270 3483 1364 3535 archiv.
1394 3483 1453 3534 incl.
1483 3485 1567 3537 Acad.

301 3569 396 3620 Scient.
416 3568 485 3621 Slav.
505 3571 594 3623 merid.

897 3766 975 3836 154.

408 3907 489 3954 Anno
512 3918 586 3972 1450,
608 3905 649 3960 26.
669 3907 789 3958 octobris.
809 3908 957 3971 Zagrabiae.

301 4033 469 4091 Frr'derz'cus
497 4034 589 4091 barrus
623 4035 732 4106 statuit,
763 4042 799 4094 ut
827 4036 981 4109 chingus
1003 4037 1147 4112 suijuris
1169 4037 1312 4095 tributio
1335 4039 1443 4097 civibus
1465 4042 1568 4098 montis

424 4139 577 4198 Grecensis
601 4141 736 4213 exigendi
755 4142 925 4212 testz'mom'a,
947 4143 975 4198 si
994 4142 1107 4213 habeat,
1132 4143 1313 4218 adjudicent
1337 4144 1451 4218 afferat.

404 4282 468 4340 Nos
491 4284 666 4344 Fridericus
690 4284 740 4344 dei
763 4286 867 4358 gracia
891 4286 979 4358 Cilie,
1004 4287 1207 4359 Ortenburge,
1232 4287 1423 4361 Zagorieque
1459 4304 1566 4348 comes

302 4393 357 4446 etc.
381 4403 499 4448 necnon
523 4392 609 4462 regni
633 4390 797 4450 Sclauouie
820 4392 1372 4466 banus.Memorieeommendamus,
1393 4395 1565 4468 quodcum

302 4495 334 4552 in
357 4496 551 4568 presentibus
573 4497 690 4555 octavis
715 4497 785 4558 festi
808 4499 891 4556 beati
923 4499 1083 4557 Michaelis
1107 4500 1294 4572 archangeli,
1326 4500 1465 4560 adinstar
1489 4502 1568 4560 alias

306 4607 496 4674 consuetum,
530 4602 633 4660 littere
667 4600 829 4678 judiciales
864 4605 1150 4678 pronunciarentur,
1175 4607 1254 4664 inter
1287 4607 1426 4680 aliasque
1450 4607 1569 4665 litteras

302 4711 444 4781 tempore
478 4707 559 4766 dicte
593 4709 870 4783 pronunciacionis,
905 4712 1009 4770 littera
1045 4711 1201 4787 judicialis
1233 4727 1292 4785 pro
1330 4718 1420 4786 parte
1451 4714 1569 4787 egregii

303 4812 478 4886 Hennyngh
498 4813 536 4872 de
568 4813 768 4873 Zomzedwar
791 4823 896 4874 contra
919 4815 1063 4892 judicem,
1085 4815 1203 4894 juratos
1238 4821 1268 4875 et
1301 4819 1463 4877 universos
1486 4820 1569 4877 cives

303 4919 438 4978 civitatis
461 4921 575 4979 montis
598 4920 760 4981 Grecensis
783 4924 815 4980 iu
839 4922 921 4981 iacto
944 4923 1162 4998 produccionis
1179 4925 1355 4984 litterarum
1371 4940 1425 4982 seu
1449 4925 1567 4985 littera·

279 5025 380 5115 'lium
404 5026 681 5086 instrumentorum
706 5045 762 5102 per
783 5029 916 5088 eundem
940 5031 1099 5104 egregium
1124 5032 1299 5105 Hennyngh
1323 5033 1355 5090 iu
1384 5031 1466 5090 dicta
1496 5031 1569 5090 sede

1446 5133 1463 5170 *
