3948 5804
849 570 922 629 Boc.
939 580 994 644 59.
1018 602 1061 611 -
1084 569 1141 627 An.
1164 584 1253 647 1432.

1031 780 1091 847 59.

530 941 610 989 Anno
633 952 707 1003 1432,
728 953 751 1004 3.
769 941 851 1005 Junii.
871 941 1019 1004 Zagrabiae.

423 1067 534 1142 Legati
553 1069 769 1126 communitatis
790 1065 921 1125 cioitalr's
944 1074 972 1124 et
992 1073 1112 1124 rectores
1126 1066 1311 1140 parochialis
1326 1067 1456 1125 ecclesiae
1471 1087 1492 1125 s.
1508 1067 1612 1126 Marci
1623 1085 1685 1126 cum

428 1173 549 1245 Thorace,
571 1173 707 1234 canone'co
730 1174 875 1244 dusmense}
905 1173 940 1232 de
970 1173 1165 1230 nonnulomm
1195 1171 1341 1230 Frideriei
1368 1174 1507 1232 institeris
1540 1193 1635 1232 rerum
1659 1182 1687 1232 et

536 1281 672 1339 bononem
694 1281 850 1355 receptione
872 1298 968 1337 coram
991 1281 1115 1353 capitulo
1137 1279 1255 1353 zagreb.
1275 1281 1434 1352 pactionem
1450 1281 1578 1355 faciunt.

528 1425 592 1484 Nos
615 1425 788 1499 capitulum
804 1425 933 1483 ecclesie
956 1424 1170 1496 zagrabiensis.
1187 1423 1337 1481 Memorie
1353 1423 1607 1481 commendamus
1630 1439 1687 1497 per

422 1538 588 1606 presentes,
612 1531 695 1606 quod
718 1530 859 1606 providis
876 1531 952 1588 viris
967 1529 1058 1586 Petro
1080 1527 1182 1604 judice
1205 1544 1240 1586 ac
1257 1527 1392 1602 Georgio
1415 1535 1445 1587 et
1468 1529 1585 1588 Briccio
1608 1531 1686 1588 alias

421 1637 578 1714 judicibus
600 1629 806 1716 (senioribus),
830 1650 949 1694 necnon
970 1635 1096 1708 Marino,
1122 1635 1223 1693 Blasio
1240 1640 1271 1693 et
1296 1636 1435 1694 Fabiano
1457 1633 1565 1712 juratis
1589 1645 1619 1695 et
1645 1637 1686 1695 ci·

421 1743 515 1802 vibus
532 1745 664 1802 civitatis
680 1743 794 1802 montis
810 1741 1008 1812 Grechensis;
1024 1743 1099 1800 item
1123 1740 1263 1799 discretis
1286 1743 1362 1800 viris
1379 1741 1512 1800 dominis
1528 1743 1686 1802 Anthonio

423 1856 453 1909 et
474 1851 615 1935 Johanne
638 1850 783 1924 plebanis
806 1849 933 1906 ecclesie
957 1848 1039 1906 beati
1063 1847 1159 1905 Marci
1183 1848 1381 1921 ewangeliste
1404 1849 1436 1906 in
1459 1849 1541 1906 dicta
1563 1849 1686 1907 civitate

421 1957 551 2016 fundate
576 1957 606 2015 in
630 1957 771 2030 ipsorum
794 1971 830 2013 ac
846 1956 943 2014 tocius
960 1954 1190 2012 communitatis
1213 1954 1346 2014 civitatis
1369 1954 1521 2014 antedicte
1544 1956 1685 2030 personis

420 2071 455 2121 ut
478 2064 634 2122 actoribus
658 2063 698 2120 ab
722 2077 791 2132 una,
814 2077 850 2119 ac
873 2061 1050 2119 honorabili
1073 2061 1143 2119 viro
1167 2060 1294 2120 domino
1309 2061 1439 2132 Thomu,
1456 2068 1580 2153 canpore
1596 2077 1687 2121 cano-

421 2170 490 2229 nico
512 2169 675 2242 collegiate
699 2169 827 2226 ecclesie
842 2167 939 2225 sancti
954 2165 1088 2242 Spiritus
1105 2167 1302 2240 ehamensis,
1318 2174 1481 2242 tamquam
1504 2168 1535 2226 in
1559 2183 1684 2226 causam

420 2282 550 2334 attracto
574 2279 662 2350 parte
685 2275 726 2331 ab
747 2273 808 2330 alia
824 2272 1029 2346 personaliter
1044 2288 1150 2330 coram
1165 2273 1257 2332 nobis
1273 2274 1454 2346 constitutis,
1478 2290 1535 2349 per
1558 2274 1684 2333 easdem

420 2387 524 2456 partes
548 2379 723 2438 confessum
746 2356 847 2436 ertitit
869 2383 1039 2452 spontanea
1055 2393 1164 2437 eorum
1179 2380 1339 2438 voluntate
1355 2381 1472 2454 pariter
1489 2386 1519 2438 et
1547 2381 1683 2439 relatum

420 2489 452 2546 in
474 2489 556 2546 hunc
578 2486 723 2544 modum:
747 2483 831 2558 quod
855 2500 1046 2558 quamquam
1074 2485 1152 2543 alias
1175 2485 1236 2560 ipsi
1258 2486 1342 2544 cives
1373 2491 1404 2544 et
1435 2487 1573 2561 hospites
1604 2487 1685 2545 dicte

421 2593 556 2652 civitatis
580 2593 610 2651 in
634 2591 769 2666 quadam
793 2605 886 2648 causa
905 2606 959 2649 seu
981 2590 1046 2662 lite,
1077 2607 1137 2664 que
1167 2591 1347 2649 vertebatur
1376 2593 1456 2650 inter
1486 2592 1570 2666 ipsos
1601 2594 1685 2651 cives

419 2700 460 2758 ab
483 2715 552 2772 una,
575 2704 665 2773 parte
688 2712 764 2755 vero
788 2709 826 2755 ex
849 2697 947 2755 altera
969 2695 1160 2769 Ladislaum,
1183 2696 1286 2754 filium
1306 2698 1457 2782 Johannis
1481 2698 1519 2755 de
1550 2697 1684 2772 Zynche,

422 2811 566 2881 pretextu
594 2804 765 2863 oblacionis
797 2809 828 2860 et
858 2795 1048 2876 recepcionis
1079 2802 1302 2860 nonnullarum
1331 2821 1437 2862 rerum
1469 2810 1499 2862 et
1528 2805 1685 2863 bonorum

420 2911 550 2971 condam
563 2909 713 2969 Friderici
728 2909 877 2968 institoris
892 2909 1037 2966 similiter
1052 2909 1129 2967 civis
1145 2907 1226 2967 dicte
1242 2910 1374 2968 civitatis
1391 2911 1421 2968 in
1438 2911 1545 2968 valore
1561 2917 1685 2970 centum

419 3018 606 3076 florenorum
630 3021 660 3074 et
683 3017 886 3090 inprompto
910 3015 1133 3089 quinquaginta
1155 3014 1288 3073 florenos
1310 3017 1387 3090 auri,
1410 3015 1512 3074 eidem
1535 3016 1683 3075 Ladislao

420 3125 450 3182 in
473 3123 680 3197 obprobrium
704 3121 859 3180 dictorum
881 3121 999 3178 civium
1022 3135 1204 3195 procurasse
1227 3127 1258 3179 et
1280 3120 1409 3193 dedisse,
1434 3123 1536 3196 primo
1559 3123 1590 3182 in
1614 3139 1684 3198 pre-

419 3231 520 3288 sencia
542 3228 704 3287 reverendi
727 3228 758 3286 in
781 3227 906 3285 Christo
926 3227 1025 3303 patris
1049 3226 1167 3284 domini
1192 3227 1342 3311 Johannis
1373 3228 1423 3285 dei
1454 3235 1484 3286 et
1514 3230 1685 3303 apostolice

419 3335 502 3395 sedis
523 3336 628 3408 gracia
643 3335 782 3409 episcopi
804 3334 1021 3407 zagrabiensis,
1037 3334 1116 3392 sacri
1132 3335 1254 3392 romani
1278 3335 1403 3408 imperii
1432 3340 1462 3392 et
1487 3336 1575 3408 regni
1598 3335 1684 3393 Hun-

419 3443 504 3515 garie
526 3441 643 3499 summi
665 3440 850 3512 cancellarii,
874 3439 993 3498 domini
1017 3445 1046 3497 et
1070 3441 1182 3514 prelati
1211 3440 1318 3511 nostri,
1348 3447 1630 3514 consequenterque
1653 3443 1684 3500 in

420 3548 579 3623 presencia
619 3547 811 3605 honorabilis
846 3547 909 3604 viri
940 3545 1058 3604 domini
1093 3547 1243 3630 Johannis
1274 3547 1407 3604 cantoris
1440 3547 1521 3604 dicte
1558 3547 1685 3606 ecclesie

422 3662 526 3714 nostre
537 3653 754 3727 zagrabiensis,
770 3653 844 3711 socii
860 3657 891 3710 et
906 3653 1102 3710 concanonici
1123 3653 1219 3710 nostri
1242 3668 1278 3710 ac
1308 3653 1407 3726 ipsius
1438 3653 1556 3711 domini
1586 3654 1683 3711 nostri

421 3761 561 3836 episcopi
578 3759 685 3817 vicarii
700 3759 732 3816 in
755 3757 972 3832 spiritualibus
987 3758 1148 3830 generalis,
1164 3758 1196 3816 in
1218 3773 1344 3816 causam
1367 3759 1550 3816 attraxerint
1572 3765 1602 3816 et
1618 3760 1686 3832 ipsa

421 3881 512 3924 causa
534 3867 613 3923 inter
638 3863 763 3922 eosdem
786 3864 869 3921 cives
891 3867 921 3920 et
943 3863 1047 3937 ipsum
1070 3863 1233 3921 dominum
1256 3863 1410 3921 Thomam
1434 3869 1592 3922 cantorem
1616 3863 1684 3922 diu·

419 3973 484 4030 cius
508 3971 657 4029 ventilata
680 3977 709 4028 et
732 3974 817 4027 mota
846 3968 956 4038 fuerit;
987 3974 1089 4027 tamen
1121 3968 1278 4027 ordinaria
1300 3969 1528 4043 composicione
1550 3971 1681 4028 nonnul-

417 4079 523 4137 lorum
553 4078 727 4152 proborum
757 4081 787 4134 et
809 4075 1041 4136 honorabilium
1057 4076 1198 4133 virorum
1214 4091 1325 4150 pacem
1343 4076 1485 4149 parcium
1509 4077 1683 4134 amancium

417 4185 640 4244 interveniente
663 4183 724 4257 ipsi
746 4183 830 4241 cives
853 4188 882 4241 et
905 4181 989 4240 idem
1012 4183 1157 4240 dominus
1186 4181 1323 4240 Thomas
1353 4189 1460 4241 cantor
1490 4198 1584 4257 super
1616 4183 1681 4240 uni·

419 4293 517 4350 versis
554 4290 671 4362 litibus,
710 4289 932 4364 questionibus,
969 4288 1196 4360 controversiis,
1235 4288 1363 4359 iniuriis,
1403 4287 1682 4359 diffamacionibus,

419 4398 564 4472 dampnis
591 4397 784 4456 nocumentis
800 4411 836 4453 ac
860 4396 1007 4453 interesse
1022 4400 1052 4452 et
1069 4395 1211 4468 expensis
1228 4394 1397 4467 ceterisque
1413 4409 1684 4468 quorumcumque

419 4505 471 4563 vel
494 4504 772 4577 qualiumcumque
794 4503 952 4561 malorum
968 4501 1134 4574 generibus
1149 4501 1211 4560 sibi
1232 4501 1367 4559 invicem
1390 4501 1442 4558 vel
1464 4505 1573 4558 mutua
1590 4501 1682 4559 vicis-

421 4610 554 4670 situdine
578 4609 847 4682 qualitercumque
870 4615 901 4665 et
924 4607 1218 4682 quomodocumque
1241 4608 1388 4666 hactenus
1412 4607 1509 4680 factis,
1532 4608 1630 4666 illatis
1652 4613 1683 4666 et

418 4716 562 4789 irrogatis
578 4719 608 4772 et
623 4719 730 4773 contra
753 4729 818 4772 sese
834 4715 993 4788 hucusque
1009 4715 1086 4772 actis
1102 4719 1133 4772 et
1147 4715 1343 4788 perpetratis,
1360 4729 1422 4772 non
1447 4715 1480 4773 vi
1502 4714 1555 4772 vel
1578 4718 1679 4772 metus

418 4837 511 4882 causa
534 4821 589 4879 sed
613 4836 722 4879 eorum
745 4827 915 4895 spontanea
937 4825 968 4878 et
983 4820 1129 4878 benivola
1145 4819 1305 4878 voluntate
1321 4827 1352 4879 et
1373 4836 1453 4895 pura
1476 4835 1587 4879 eorum
1609 4835 1681 4878 con·

419 4929 552 4988 sciencia
575 4943 641 4986 sese
677 4926 839 4986 dumtaxat
871 4933 980 4986 mutuo
1003 4931 1033 4984 et
1055 4927 1233 4985 alternatim
1264 4928 1385 5000 quietos
1414 4927 1621 4985 reddidissent
1653 4931 1684 4984 et

419 5053 476 5110 per
498 5035 605 5092 omnia
627 5033 796 5108 expeditos,
835 5047 944 5106 ymmo
980 5031 1183 5091 reddiderunt
1213 5037 1243 5090 et
1273 5033 1497 5090 commiserunt
1526 5033 1623 5090 nostri
1652 5033 1684 5090 in
