3930 5802
426 529 486 598 156
841 507 1072 587 Doc.118.'-
1098 525 1269 608 An.1438.

422 746 538 802 vissent
561 749 591 803 et
613 747 847 806 commisissent.
876 745 953 802 Item
977 759 1034 818 pro
1057 745 1241 804 vulneribus
1264 746 1380 803 civium
1404 746 1626 822 predictorum,
1650 765 1688 808 ex

421 852 535 924 quibus
558 868 636 911 unus
660 853 692 910 in
714 852 792 910 facie
814 857 844 911 et
867 857 999 939 quatuor
1021 852 1205 909 vulneribus
1216 853 1248 910 in
1271 867 1402 925 corpore
1414 854 1474 911 sub
1497 855 1690 914 vestimentis

420 957 556 1017 letaliter
578 959 758 1018 vulneratus
781 960 889 1030 extitit,
912 959 1017 1018 taliter
1043 958 1242 1030 decrevisent,
1266 957 1353 1032 quod
1376 974 1434 1032 pro
1465 961 1535 1034 ipso
1558 961 1687 1020 vulnere

420 1063 453 1120 in
475 1063 553 1122 facie
575 1065 682 1124 habito
704 1073 767 1124 tres
788 1081 893 1124 marce
916 1065 1114 1122 denariorum
1142 1066 1305 1138 regalium,
1335 1081 1393 1139 pro
1424 1066 1494 1124 aliis
1524 1082 1599 1125 vero
1629 1069 1689 1126 sub

421 1171 613 1230 vestimentis
636 1173 760 1244 habitis,
784 1187 843 1247 pro
865 1171 996 1245 singulis
1011 1170 1127 1244 singuli
1151 1177 1274 1229 centum
1291 1170 1409 1231 denarii
1424 1173 1546 1244 regales
1571 1175 1689 1248 persol-

420 1284 578 1336 verentur.
601 1277 679 1335 Item
701 1279 782 1337 alter
805 1279 836 1336 in
860 1293 953 1336 manu
977 1277 1139 1334 mutilatus
1162 1277 1273 1348 existit,
1298 1278 1463 1352 proculus
1486 1279 1689 1340 mutilacione

421 1389 483 1441 tres
505 1397 627 1442 marcas
650 1384 849 1444 denariorum
870 1384 1025 1457 regalium
1049 1382 1274 1458 persolvendas
1298 1383 1513 1443 decrevissent.
1542 1386 1688 1444 Aliorum

419 1504 495 1548 vero
510 1491 651 1549 omnium
666 1492 901 1550 vulneratorum
924 1489 1056 1548 vulnera
1079 1504 1134 1563 per
1150 1495 1274 1548 centum
1298 1488 1440 1549 denarios
1463 1491 1688 1566 persolvendos

420 1597 657 1656 commisissent.
680 1597 767 1668 Item,
791 1595 886 1655 iidem
909 1596 1007 1670 ipsius
1031 1600 1133 1653 vestre
1156 1596 1328 1654 serenitatis
1350 1607 1379 1654 er
1403 1595 1617 1671 predictorum
1634 1599 1688 1656 ba·

420 1717 532 1761 norum
549 1680 699 1775 homines,
724 1703 905 1761 auctoritate
927 1700 1067 1760 eiusdem
1089 1709 1193 1760 vestre
1215 1703 1388 1762 serenitatis
1410 1703 1443 1761 in
1466 1705 1614 1778 pretactis
1636 1705 1687 1764 lit·

419 1809 493 1867 teris
517 1811 628 1868 vestris
653 1810 697 1868 eis
720 1809 878 1878 attributa,
893 1806 1081 1884 judicialiter
1102 1808 1207 1865 taliter
1229 1808 1456 1867 commisissent
1479 1815 1509 1870 et
1533 1809 1687 1869 decrevis-

419 1920 494 1986 sent,
519 1915 602 1989 quod
627 1931 665 1974 ex
688 1915 848 1990 premissis
871 1913 1016 1974 omnibus
1047 1919 1077 1971 et
1110 1913 1242 1987 singulis
1278 1916 1426 1988 pecuniis,
1461 1921 1527 1974 tam
1561 1916 1686 1976 racione

419 2021 628 2096 dampnorum
653 2020 864 2096 predictorum
889 2020 1007 2078 civium
1030 2027 1060 2078 et
1082 2020 1245 2078 hominum
1276 2021 1427 2095 ipsorum,
1461 2037 1555 2096 quam
1587 2023 1686 2081 eciam

418 2128 637 2203 homagiomm
662 2133 692 2186 et
706 2128 873 2186 vulnerum
897 2127 973 2201 ipsis
996 2127 1117 2185 civibus
1140 2131 1171 2184 et
1200 2127 1380 2186 hominibus
1403 2143 1510 2187 eorum
1540 2131 1686 2204 proveni-

418 2235 549 2304 entibus,
573 2235 678 2308 primo
700 2239 852 2292 trecentos
886 2233 1018 2291 florenos
1050 2233 1120 2291 auri
1155 2233 1388 2308 quintodecimo
1418 2234 1509 2294 diea
1544 2235 1684 2310 predicto

419 2345 529 2400 octavo
552 2340 602 2399 die
625 2340 696 2399 testi
719 2340 812 2398 Pasce
836 2339 964 2410 domini,
995 2339 1137 2414 proxime
1160 2340 1309 2413 preteriti,
1344 2341 1523 2400 immediate
1556 2357 1685 2417 compu-

417 2446 512 2505 tando
535 2447 651 2506 eisdem
675 2446 814 2516 solvere;
836 2447 912 2504 item
936 2445 1016 2503 alios
1039 2451 1192 2504 trecentos
1227 2444 1360 2504 florenos
1392 2449 1460 2506 auri
1492 2455 1603 2507 octavo
1634 2449 1684 2508 die

418 2553 489 2612 sesti
510 2553 680 2612 nativitatis
703 2553 786 2611 beati
819 2553 969 2634 Johannis
992 2552 1136 2626 baptiste,
1170 2568 1251 2610 nunc
1286 2553 1422 2625 affuturi,
1445 2554 1520 2612 item
1544 2554 1684 2614 residuos

417 2658 565 2718 ducentos
588 2666 618 2718 et
641 2657 839 2734 quadriginta
858 2673 913 2716 sex
935 2657 1067 2716 florenos
1090 2659 1158 2717 auri
1181 2664 1293 2717 octavo
1309 2659 1359 2717 die
1374 2658 1445 2718 festi
1462 2661 1545 2719 beati
1573 2662 1684 2744 Jacobi

417 2766 561 2839 apostoli,
583 2765 728 2824 similiter
749 2781 831 2823 nuuc
853 2765 984 2836 venturi,
1008 2764 1166 2838 Zagrabie‚
1189 2781 1314 2840 semper
1336 2781 1442 2824 coram
1466 2771 1573 2825 nostro
1597 2768 1682 2827 testi·

417 2873 521 2930 monio
545 2872 662 2931 eisdem
684 2872 805 2930 civibus
829 2887 865 2930 ac
886 2871 1075 2943 hominibus,
1098 2873 1226 2946 populis
1249 2877 1279 2931 et
1302 2871 1510 2932 familiaribus
1541 2874 1682 2947 ipsorum

416 2980 475 3037 sub
498 2981 586 3054 penis
610 2985 639 3038 et
662 2979 908 3052 obligaminibus
930 2979 961 3036 in
983 2978 1102 3037 eisdem
1125 2979 1237 3038 litteris
1259 2984 1362 3038 vestre
1385 2980 1558 3038 serenitatis
1583 2985 1681 3039 trans·

415 3085 524 3160 criptis
546 3101 577 3144 et
599 3083 784 3161 specificatis
806 3085 929 3142 solvere
952 3083 1084 3143 debeant
1108 3089 1138 3142 et
1160 3088 1330 3153 teneantur,
1360 3085 1398 3143 Et
1433 3087 1507 3160 quia
1542 3085 1681 3161 prefatus

416 3207 520 3250 comes
543 3192 668 3250 Vlricus
690 3193 722 3250 in
745 3191 919 3265 prescripto
942 3192 1075 3249 termino
1095 3189 1163 3248 sola
1185 3207 1240 3249 sua
1263 3193 1295 3250 in
1319 3207 1450 3266 persona
1473 3199 1580 3252 contra
1613 3207 1682 3256 eos·

414 3295 486 3354 dem
510 3298 592 3356 cives
614 3313 706 3355 suum
728 3295 937 3373 juramentum
953 3295 1107 3369 deponere
1130 3296 1255 3368 debens,
1279 3313 1341 3356 non
1365 3296 1519 3373 deposuit,
1535 3304 1565 3359 et
1580 3315 1680 3374 neque

415 3403 604 3478 prescriptas
627 3403 813 3478 quantitates
836 3403 1037 3478 pecuniarum
1060 3403 1183 3461 racione
1198 3402 1351 3462 dictorum
1376 3405 1586 3480 dampnorum
1610 3421 1681 3480 per·

414 3509 537 3568 solvere
559 3516 588 3568 et
617 3510 772 3584 deponere
807 3509 973 3579 debendas‚
1003 3525 1066 3568 non
1098 3511 1306 3584 persolvisset,
1342 3511 1411 3570 ideo
1445 3513 1505 3586 ipsi
1540 3512 1680 3572 eiusdem

414 3623 516 3675 vestre
539 3617 709 3675 serenitatis
732 3622 761 3675 et
793 3615 948 3674 dictorum
980 3617 1135 3674 banorum
1169 3617 1310 3675 homines
1344 3619 1430 3692 ipsus
1453 3618 1596 3676 Vlricum
1630 3633 1680 3677 co·

414 3723 522 3781 mitem
546 3724 577 3782 in
599 3721 752 3782 universis
775 3722 935 3796 premissis
959 3723 1029 3780 aliis
1052 3722 1191 3780 articulis
1215 3724 1247 3780 in
1271 3725 1417 3797 pretactis
1440 3723 1552 3784 litteris
1578 3733 1679 3785 vestre

413 3830 584 3888 serenitatis
607 3829 789 3904 conscriptis
813 3835 843 3886 et
870 3844 926 3903 per
956 3828 1082 3888 eosdem
1115 3829 1198 3887 cives
1230 3828 1456 3890 sufficientibus
1486 3831 1679 3890 documentis

413 3948 518 3992 coram
542 3934 659 3994 eisdem
683 3936 895 4010 comprobatis
918 3935 1118 3995 commissent
1139 3933 1326 4010 judicialiter
1349 3936 1415 3996 iore
1439 3938 1617 3997 convictum
1647 3942 1678 3996 et

411 4046 625 4114 aggravatum.
648 4039 919 4115 Quorumquidem
946 4042 1086 4099 omnium
1111 4043 1333 4116 premissorum
1360 4043 1472 4102 seriem
1487 4045 1572 4102 iuxta
1589 4059 1675 4102 man·

413 4147 521 4206 datum
553 4148 691 4207 eiusdem
723 4156 825 4207 vestre
859 4149 1032 4207 serenitatis
1062 4163 1195 4208 unacum
1226 4149 1373 4223 predictis
1402 4149 1559 4226 judicibus
1588 4151 1677 4210 nobi·

413 4255 492 4314 lium
526 4255 600 4314 dicti
634 4255 799 4313 comitatus
833 4255 1040 4329 zagrabiensis
1070 4255 1171 4314 eidem
1204 4263 1307 4315 vestre
1341 4258 1497 4315 serenitati
1529 4257 1676 4317 duximus

411 4362 653 4421 rescribendum.
678 4363 712 4420 ln
735 4363 822 4421 cuius
845 4362 891 4420 rei
923 4363 1107 4420 memoriam
1140 4367 1169 4420 et
1204 4361 1417 4422 testimonium
1451 4365 1676 4438 premissorum

410 4470 605 4542 presentibus
628 4469 767 4542 sigillum
784 4476 924 4526 nostrum
947 4466 1094 4526 duximus
1109 4469 1357 4543 appendendum.
1382 4471 1499 4529 Datum
1522 4475 1609 4530 sexto
1626 4471 1676 4530 die

411 4575 473 4635 diei
495 4575 689 4635 execucionis
722 4576 955 4650 premissorum.
990 4577 1080 4634 Anno
1117 4575 1235 4634 domini
1269 4576 1438 4635 millesimo
1470 4577 1676 4651 quadringen-

410 4683 521 4741 tesimo
541 4683 697 4741 tricesimo
720 4685 839 4746 octavo,
864 4680 1050 4756 supradicto.

516 4835 649 4900 originale
666 4836 694 4885 in
713 4836 867 4888 membrana.
886 4838 956 4886 Zona
975 4836 1071 4886 sericea
1088 4835 1180 4886 viridis
1204 4835 1297 4886 coloris
1315 4837 1445 4902 appendet
1463 4837 1561 4903 absque
1578 4836 1675 4903 sigillo.

409 4927 441 4980 Iu
459 4926 574 4976 archivio
590 4925 636 4978 lib.
655 4941 707 4994 reg.
726 4925 795 4976 civit.
813 4925 986 4992 ragrabieusis
