3948 5804
753 550 826 609 Doc.
851 561 901 625 42·
926 581 967 591 —
991 547 1160 624 Am1425.
1325 631 1328 640 ι
1420 557 1423 562 ·
1551 569 1589 624 51

325 763 421 823 refert
444 764 617 837 capitulum
642 769 857 838 conquestum,
881 763 965 838 quod
989 764 1099 822 civitas
1122 763 1296 838 plurimum
1324 765 1404 822 inter
1426 770 1525 824 metas
1549 783 1594 825 ca-

324 869 476 945 pitulares
500 885 600 944 prope
623 869 808 943 Zagrabiam
831 885 848 927 a
872 870 1019 943 pluribus
1041 870 1129 927 annis
1153 877 1363 946 occupassent,
1387 875 1418 930 et
1441 873 1526 930 omni
1542 872 1592 932 die

325 976 456 1034 ulterius
479 981 605 1051 serpent
628 983 659 1032 et
682 981 886 1050 occuparent;
910 981 940 1033 et
963 976 1036 1034 licet
1058 976 1090 1034 id
1113 992 1169 1034 rex
1190 976 1268 1034 alias
1298 978 1457 1036 Hermann
1488 978 1593 1038 Cileae

324 1087 354 1139 et
376 1081 524 1156 Zagoriae
547 1083 665 1156 comiti,
689 1082 872 1141 Sclaveniae
895 1082 984 1156 bano,
1009 1095 1115 1140 socero
1143 1097 1208 1153 suo,
1240 1090 1270 1142 et
1301 1083 1491 1156 quibusdam
1523 1086 1592 1144 aliis

323 1187 491 1260 nobilibus,
514 1193 548 1248 ut
571 1193 669 1246 metas
693 1188 870 1261 rectificent,
894 1186 1040 1264 jussisset,
1064 1187 1095 1246 id
1120 1193 1224 1247 tamen
1256 1188 1406 1263 perficere
1436 1192 1592 1264 nequivis-

324 1299 406 1365 sent;
431 1293 505 1353 dicit
528 1294 640 1353 deinde
661 1310 693 1352 se
716 1295 846 1370 capituli
870 1299 1004 1353 tutorem
1027 1301 1057 1352 et
1080 1301 1289 1368 protectorem
1313 1311 1379 1354 esse
1411 1297 1590 1371 specialem,

323 1417 380 1460 nec
407 1399 487 1459 illud
524 1416 581 1475 per
616 1401 797 1474 quempiam
832 1403 957 1474 gravari
990 1401 1074 1458 velle
1108 1402 1297 1475 permittere,
1331 1407 1361 1460 et
1396 1401 1524 1462 mandat
1553 1404 1592 1462 iis

324 1506 455 1579 duobus,
479 1512 513 1564 ut
536 1507 602 1565 sine
625 1507 767 1565 ulteriori
790 1507 845 1565 lite
868 1515 966 1566 terras
990 1513 1205 1565 controversas
1227 1523 1285 1582 per
1312 1509 1457 1582 antiquas
1494 1516 1593 1568 metas

323 1611 499 1671 litterarum
522 1613 554 1670 in
577 1611 656 1670 facie
678 1612 739 1670 loci
762 1627 820 1686 per
841 1619 955 1688 partes,
985 1613 1018 1671 in
1051 1617 1135 1670 certo
1159 1614 1292 1672 termino
1314 1615 1358 1672 eis
1380 1614 1592 1690 praefigendo,

323 1718 355 1776 in
378 1719 482 1793 specie
505 1717 788 1792 monstrandamm,
812 1718 1019 1777 reambnlent.

428 1855 535 1918 Georgii
554 1854 726 1904 Marcelovid:
746 1856 864 1919 Regesta
881 1853 1024 1920 Diplomat.
1043 1854 1203 1918 aliorumque
1223 1857 1450 1908 Documentorum.
1476 1859 1542 1911 Msc.
1562 1861 1590 1910 in

323 1943 483 1994 bibliotheca
500 1943 655 1996 archidioec.
673 1944 775 2008 zagrab

923 2122 986 2188 42.

428 2281 509 2330 Anno
530 2292 605 2346 1425,
626 2291 667 2345 25.
685 2279 759 2344 Julii.
781 2279 928 2343 Zagrabiae.
982 2269 987 2278 ’

330 2409 523 2468 Commumtas
544 2408 672 2468 civitatis
696 2408 804 2466 montis
826 2406 976 2466 Grecensis
991 2408 1095 2482 acepit
1107 2404 1295 2482 condiciones,
1318 2409 1420 2482 quibus
1436 2407 1589 2486 Johannis

322 2517 429 2575 Albani
437 2517 508 2574 bani
517 2517 641 2590 laganam
654 2515 684 2572 in
696 2533 778 2572 usum
794 2516 993 2594 aagrabiensis
1010 2516 1177 2572 monasterii
1189 2534 1211 2572 s.
1224 2516 1377 2572 Francisci
1391 2516 1525 2573 collatum
1541 2523 1588 2574 est.

431 2660 494 2718 Nos
518 2659 667 2730 Andreas,
702 2658 787 2716 filius
810 2659 901 2730 Petri,
936 2656 1037 2733 judex,
1072 2659 1200 2733 Caspar,
1234 2660 1394 2731 Martinus,
1426 2649 1590 2731 Antonius,

322 2765 512 2838 Benedictus,
536 2765 696 2836 Martinus,
719 2765 910 2836 DominicuS,
935 2765 1122 2823 Laurencius
1145 2771 1175 2822 et
1191 2763 1344 2838 Georgius
1367 2762 1470 2840 jurati,
1488 2765 1585 2823 consi-

321 2871 405 2930 liarii
428 2877 458 2930 et
479 2871 618 2930 universi
642 2871 725 2928 cives
749 2869 883 2927 civitatis
906 2871 1020 2927 montis
1037 2869 1232 2929 Grechensis.
1257 2870 1406 2927 Memorie
1432 2884 1589 2961 commen-

322 2977 433 3036 damus
456 2983 562 3036 tenore
585 2977 782 3051 presencium
805 2975 1021 3048 significantes,
1046 2977 1160 3050 quibus
1177 2975 1303 3051 expedit
1318 2976 1480 3048 universis,
1503 2974 1588 3049 quod

322 3083 397 3142 dum
422 3082 607 3156 magnificus
630 3081 762 3140 condam
785 3081 843 3153 vir,
867 3081 1012 3140 dominus
1027 3083 1193 3165 Johannes,
1216 3081 1300 3140 filins
1316 3081 1483 3155 Rodolphi,
1507 3081 1586 3140 olim

322 3191 410 3264 regni
432 3189 594 3247 Dalmacie
616 3189 724 3259 banus,
748 3188 799 3261 pie
828 3189 988 3259 memorie,
1000 3162 1044 3246 'in
1072 3189 1219 3248 extremis
1242 3190 1305 3246 vite
1328 3204 1382 3245 sue
1406 3188 1587 3260 laborasset,

321 3301 395 3354 tunc
417 3297 484 3371 ipse
508 3297 588 3354 inter
611 3301 727 3352 ceteras
749 3309 821 3352 snas
844 3295 1090 3352 testamentarias
1112 3295 1287 3368 legaciones
1310 3300 1341 3352 et
1363 3293 1586 3368 disposiciones

320 3402 493 3462 reverendo
516 3402 548 3460 in
571 3401 695 3459 Christo
730 3401 813 3474 patri
847 3400 974 3459 domino
1005 3402 1141 3459 Henrico
1172 3401 1223 3460 dei
1246 3406 1277 3460 et
1310 3399 1481 3474 apostolice
1503 3399 1586 3458 sedis

320 3509 424 3581 gracia
451 3509 598 3582 episcopo
633 3507 964 3580 qninqueecclesiensi,
998 3506 1067 3564 filio
1095 3507 1213 3564 scilicet
1243 3506 1378 3564 annotati
1414 3504 1582 3580 Rodolphi,

320 3613 409 3672 fratri
432 3629 488 3672 suo
512 3614 632 3672 uterino
655 3617 688 3670 et
709 3613 834 3684 carnali,
850 3629 906 3672 nec
925 3627 987 3671 non
1010 3613 1173 3686 sagacibus
1197 3618 1227 3670 et
1250 3612 1482 3684 circumspectis
1506 3612 1582 3670 viris

319 3719 429 3802 Joanni
452 3721 597 3790 litterato,
614 3719 743 3777 officiali
766 3719 805 3777 de
828 3719 978 3778 Rakonok
1001 3725 1031 3778 et
1054 3719 1203 3778 familiari
1226 3718 1388 3778 reverendi
1412 3718 1443 3776 in
1460 3716 1585 3776 Christo

319 3826 417 3898 patris
441 3833 471 3884 et
494 3825 621 3896 domini,
645 3825 764 3884 domini
788 3826 938 3908 Johannis
968 3825 1017 3884 dei
1041 3831 1071 3884 et
1094 3826 1265 3899 apostolice
1289 3824 1370 3882 sedis
1393 3825 1498 3898 gracia
1521 3824 1585 3898 epi·

319 3932 406 4004 scopi
429 3932 557 3990 ecclesie
581 3932 790 4006 zagrabiensis
813 3947 849 3990 ac
872 3934 950 3990 sacri
973 3931 1095 3990 romani
1126 3932 1251 4005 imperii
1274 3945 1413 3988 necnon
1444 3929 1528 4002 regie
1552 3936 1583 3988 et

317 4037 466 4109 reginalis
500 4038 639 4111 snmpmi
675 4037 862 4108 cancellarii,
887 4038 992 4096 fratris
1025 4037 1170 4096 similiter
1204 4043 1422 4096 annotatorum
1455 4036 1583 4119 Joannis
1637 4097 1640 4102 ,

317 4142 391 4202 bani
412 4148 442 4200 et
465 4143 584 4202 domini
606 4144 734 4202 Henrici
756 4144 896 4217 episcopi
920 4144 1047 4201 ecclesie
1071 4149 1241 4220 prenotate,
1264 4158 1300 4200 ac
1330 4142 1480 4214 magistro
1503 4141 1583 4200 Wil-

317 4247 397 4306 kano
420 4250 549 4322 phisic0,
586 4250 648 4307 civi
679 4250 813 4308 civitatis
848 4253 1016 4322 prenotate,
1052 4249 1273 4308 commissoriis
1308 4253 1338 4304 et
1367 4249 1584 4306 executoribus

317 4355 502 4426 testamenti,
525 4355 632 4412 ultimi
651 4355 699 4413 sni
723 4355 849 4427 eulogii,
873 4359 990 4412 certam
1025 4355 1227 4429 pecuniarum
1252 4354 1455 4426 quantitatem
1478 4354 1510 4411 in
1533 4369 1584 4412 eo-

317 4457 390 4518 dem
412 4464 597 4518 testamenio
629 4467 842 4538 expressatam
866 4461 897 4519 in
928 4461 1075 4520 emendas
1086 4461 1305 4536 ,possessiones
1331 4460 1496 4518 conventui
1520 4457 1580 4518 fra·

315 4569 400 4623 trum
423 4566 641 4625 claustralium
671 4567 789 4626 ordinis
812 4583 848 4626 ac
879 4568 1007 4626 ecclesie
1038 4569 1136 4626 sancti
1158 4565 1313 4626 Francisci
1346 4563 1531 4624 confessoris
1551 4566 1583 4624 in
1675 4598 1680 4607 ·

316 4669 398 4730 dicta
420 4669 573 4744 Zagrabia
608 4672 744 4746 fundate,
777 4689 836 4749 pro
859 4673 998 4732 remedio
1029 4675 1132 4733 anime
1155 4689 1210 4731 sue
1240 4671 1371 4732 salutari
1394 4667 1508 4747 jugiter
1531 4670 1585 4730 de·

314 4776 484 4835 servientes
505 4778 639 4851 legasset
661 4783 692 4836 et
715 4779 894 4854 dimisisset,
918 4779 956 4838 de
979 4781 1066 4839 cuius
1088 4779 1273 4854 certitudine
1297 4777 1437 4854 plurimo
1461 4791 1582 4834 eorum-

314 4881 387 4941 dem
411 4884 697 4942 commissariorum
722 4885 820 4959 ipsius
843 4885 963 4946 domini
984 4887 1112 4970 Joannis
1135 4887 1210 4944 bani
1233 4884 1370 4944 evidenti
1397 4881 1584 4940 documento

313 4987 406 5062 plene
429 5005 537 5047 sumus
561 4989 662 5049 edocti
684 4997 714 5049 et
737 4991 906 5064 informati,
930 4991 1088 5066 iidemque
1105 4992 1312 5050 commissarii
1335 4988 1434 5066 ipsius
1458 4987 1588 5070 Joannis
