3932 5806
389 519 448 594 238
811 518 974 594 Doc.174.
1002 549 1038 558 -
1065 517 1121 575 An.
1145 529 1234 594 1453.

386 733 507 790 statutis
529 733 641 790 nostris
658 731 844 804 huiusmodi,
867 725 966 789 immo
988 733 1092 790 verius
1115 733 1295 805 apostolicis
1317 735 1407 792 nobis
1431 736 1462 792 in
1485 731 1542 790 hac
1558 741 1646 808 parte

385 839 558 897 commissis
583 882 776 900 .......
800 837 927 896 domino
949 839 1097 913 episcopo
1120 839 1312 911 zagrabiensi
1328 840 1359 898 in
1375 840 1516 898 futurum
1537 842 1648 898 consti-

386 949 453 1002 tuto
477 951 507 1002 et
529 922 686 1014 existente,
710 944 759 1000 cui
785 943 826 1000 ob
849 944 1057 1002 reverenciam
1082 943 1239 1016 dignitatis
1264 943 1411 1003 duximus
1428 944 1645 1005 deterrendum

384 1049 524 1124 predicta
546 1050 730 1108 auctoritate
753 1050 924 1123 apostolica
945 1050 1035 1108 nobis
1059 1051 1090 1106 in
1113 1051 1171 1108 hac
1194 1055 1283 1123 parte
1316 1052 1474 1124 attributa,
1499 1054 1643 1110 canonica

382 1157 557 1214 monicione
593 1156 752 1230 premissa,
789 1161 861 1230 post
894 1171 948 1213 sex
981 1155 1102 1213 dierum
1135 1157 1275 1230 spacium
1310 1157 1438 1215 ecclesie
1461 1150 1647 1235 (ingressum

383 1253 598 1339 prohibemus)
633 1267 662 1318 et
685 1261 950 1320 interdicimus-in
973 1262 1032 1320 hiis
1055 1263 1179 1336 scriptis
1203 1308 1209 1320 .
1232 1308 1238 1320 .
1261 1307 1267 1320 .
1291 1269 1361 1337 post
1393 1264 1573 1322 huiusmodi
1595 1281 1648 1322 sex

381 1357 503 1426 die'rum
526 1368 596 1426 aliis
619 1384 672 1425 sex
696 1366 806 1426 diebus
828 1367 1006 1426 immediate
1029 1369 1229 1441 sequentibus
1251 1361 1301 1446 (si)
1317 1370 1420 1427 animo
1441 1370 1646 1429 sustinueritis

381 1473 524 1532 indurato
548 1473 656 1532 eadem
680 1475 826 1532 canonica
849 1475 1024 1532 monicione
1046 1475 1197 1548 premissa
1221 1473 1439 1548 suspendimus
1469 1491 1487 1532 a
1522 1475 1646 1534 divinis.
1722 1461 1728 1470 ’

381 1581 500 1639 Verum
524 1581 623 1639 eciam
646 1582 672 1638 si
694 1580 824 1654 pretatis
843 1580 997 1640 interdicti
1014 1587 1044 1638 et
1067 1582 1276 1655 suspensionis
1300 1583 1469 1639 sentencias
1493 1598 1549 1656 per
1569 1583 1648 1640 alios

388 1703 443 1745 sex
466 1687 541 1760 dies,
563 1686 692 1762 prefatis
716 1686 879 1745 duodecim
904 1686 1013 1744 diebus
1037 1687 1216 1746 immediate
1232 1688 1439 1761 sequentibus,
1463 1687 1548 1761 quod
1570 1688 1648 1746 alias

386 1794 490 1852 animo
514 1794 720 1854 sustinueritis
743 1792 894 1865 indurato,
919 1807 975 1850 vos
999 1799 1129 1868 propter
1150 1793 1329 1852 huiusmodi
1345 1799 1558 1868 contemptum
1575 1809 1645 1852 nos·

384 1904 477 1971 trum,
496 1899 615 1974 prelata
632 1900 777 1958 canoniea
789 1900 963 1958 monicione
978 1900 1137 1973 premissa,
1149 1900 1480 1958 excommunicacionis
1496 1901 1648 1958 sentencie

386 2007 512 2064 vinculo
535 2005 721 2064 innodamus
744 2007 776 2064 in
806 2007 865 2064 hiis
888 2007 1018 2080 scriptis.
1041 2007 1076 2065 In
1110 2021 1167 2064 vos
1201 2022 1276 2066 vero
1311 2006 1485 2080 capitulum
1519 2006 1646 2064 ecclesie
1673 2069 1675 2074 ,

381 2113 597 2185 zagrabiensis,
620 2117 673 2170 aut
696 2112 789 2170 illum
823 2113 875 2169 vel
906 2112 978 2170 illos
1014 2093 1193 2170 huiusmodi
1227 2113 1411 2186 presentatis
1443 2117 1473 2170 et
1503 2111 1647 2170 admissis

381 2234 435 2277 seu
457 2219 604 2277 institutis
628 2217 869 2276 contradictores
892 2233 946 2276 seu
969 2217 1104 2276 rebelles
1128 2219 1285 2292 quoslibet
1309 2217 1486 2277 huiusmodi
1523 2224 1647 2277 nostras

382 2324 639 2396 confirmacionis,
664 2324 885 2382 declaracionis
909 2339 944 2382 ac
967 2329 1080 2383 statuta
1103 2324 1345 2398 impedientibus
1368 2340 1463 2398 super
1485 2325 1646 2398 premissis

381 2431 434 2490 vel
457 2433 563 2505 aliquo
584 2431 808 2506 premissorum
832 2433 1013 2490 auctoritate
1037 2431 1208 2505 apostolica
1231 2447 1288 2506 per
1309 2445 1366 2489 uos
1389 2430 1471 2488 edita
1503 2438 1558 2489 aut
1585 2432 1643 2488 im·

381 2538 548 2613 pedientes,
572 2537 679 2596 dantes
701 2538 863 2609 auxilium,
888 2537 1051 2596 consilium
1076 2537 1127 2594 vel
1150 2536 1293 2596 favorem
1315 2538 1441 2611 publice
1463 2543 1493 2595 et
1516 2538 1645 2609 occulte,

382 2644 497 2703 directe
519 2645 570 2704 vel
592 2644 751 2716 indirecte,
767 2644 992 2718 cuiuscumque
1014 2649 1121 2716 status,
1144 2643 1340 2717 condicionis,
1363 2643 1488 2717 gradus,
1511 2644 1643 2718 preemi-

380 2752 494 2824 nencie,
519 2750 684 2824 dignitatis,
706 2751 896 2808 auctoritatis
912 2756 965 2809 aut
988 2749 1176 2809 condicionis
1199 2752 1338 2822 existant,
1363 2752 1546 2810 auctoritate
1568 2765 1645 2825 apo·

383 2858 503 2930 stolica,
526 2858 672 2916 canonica
694 2859 868 2916 monicione
898 2859 1059 2932 premissa,
1083 2859 1295 2932 suspensimus
1319 2859 1358 2915 ab
1395 2859 1534 2930 ingressu
1566 2856 1646 2915 dicte

381 2963 509 3024 ecclesie
543 2964 751 3036 zagrabiensis
785 2971 815 3022 et
848 2964 1004 3023 interdicti
1038 2965 1207 3024 sentencias
1242 2965 1481 3038 promulgamus
1515 2964 1547 3021 in
1584 2963 1644 3020 hiis

380 3072 511 3145 scriptis.
536 3069 779 3128 Absolucionem
803 3086 878 3129 vero
903 3072 1043 3128 omniurn
1069 3079 1098 3128 et
1120 3071 1315 3144 singulorum
1339 3069 1572 3143 premissorum,
1591 3070 1645 3144 qui

380 3175 516 3252 prefatas
538 3181 659 3236 nostras
682 3179 851 3237 sentencias
875 3179 926 3236 vel
949 3193 1018 3234 eam
1050 3178 1189 3250 aliquam
1213 3175 1436 3250 quoquomodo
1451 3177 1642 3236 incurreritis

380 3299 433 3342 seu
457 3285 629 3355 incurrerit,
652 3285 743 3342 nobis
766 3291 819 3342 aut
842 3285 1120 3342 sucoessossoribus
1143 3290 1263 3342 tantum
1287 3283 1400 3341 nostris
1435 3297 1639 3348 reservamus.

380 3391 414 3448 In
438 3405 571 3465 quorum
596 3392 737 3449 omnium
760 3397 790 3448 et
806 3391 1001 3462 singulorum
1023 3389 1119 3447 fidem
1135 3397 1165 3448 et
1182 3389 1395 3448 testimonium
1417 3389 1643 3462 premissorum

379 3504 536 3571 presentes
559 3496 678 3554 litteras
700 3501 820 3555 nostras
844 3512 897 3554 seu
921 3511 1047 3569 presens
1071 3496 1234 3569 publicum
1266 3496 1506 3554 instrumentum
1531 3494 1640 3553 exinde

378 3603 447 3662 fieri
469 3611 500 3662 et
522 3619 579 3678 per
600 3605 756 3662 notarium
779 3602 1199 3681 publicumqintrascriptum
1231 3603 1386 3661 subscribi
1418 3607 1448 3660 et
1483 3602 1642 3676 publicari

378 3708 605 3780 mandavimus,
630 3711 788 3783 sigillique
812 3703 921 3788 (nostri
936 3702 1093 3787 jussimus)
1110 3709 1297 3783 appensione
1313 3709 1508 3769 communiri.
1524 3708 1638 3766 Datum

379 3821 528 3875 ctactum
552 3817 584 3874 in
607 3815 701 3874 domo
734 3815 860 3873 estuarii
894 3831 948 3874 seu
980 3817 1069 3872 stube
1093 3815 1206 3889 prefati
1229 3815 1392 3889 hospitalis
1415 3829 1496 3873 anno
1520 3813 1638 3872 domini

377 3923 546 3981 millesimo
569 3921 873 3995 quadringentesimo
897 3922 1154 3996 quinquagesimo
1177 3923 1282 3994 tercio,
1317 3921 1489 3979 indiccione
1525 3921 1639 3994 prima,

378 4029 428 4088 die
451 4030 566 4100 Martis,
592 4029 668 4086 hora
692 4028 858 4086 terciarum
881 4029 933 4086 vel
957 4029 1054 4101 quasi.
1079 4027 1277 4086 Pontificatus
1315 4033 1419 4086 autem
1454 4027 1638 4088 sanctissimi

375 4137 408 4194 in
431 4136 532 4196 Cristo
556 4135 653 4209 patris
677 4143 706 4192 et
730 4135 855 4206 domini,
888 4134 1006 4192 domini
1030 4134 1149 4192 Nicolai
1181 4134 1287 4194 divina
1320 4132 1521 4208 providencia
1559 4149 1640 4206 pape

376 4243 483 4316 quinti,
505 4256 585 4299 anno
608 4241 673 4298 eius
698 4241 832 4314 septimo
855 4239 1006 4314 predicto.
1041 4240 1237 4298 Presentibus
1275 4239 1394 4298 ibidem
1430 4239 1569 4298 discretis
1604 4245 1633 4295 et

376 4349 511 4406 honestis
545 4346 629 4419 viriS,
660 4345 794 4405 dominis
827 4347 966 4430 Johanue
1001 4345 1039 4403 de
1079 4347 1210 4418 Kachys,
1238 4347 1456 4419 aquilegiensis
1488 4345 1640 4418 dyocesis,

375 4439 537 4513 Dominico
560 4453 597 4512 de
620 4454 753 4512 Chasma
788 4445 970 4532 senttlelek),
994 4453 1151 4528 Stephano
1183 4452 1221 4511 de
1255 4453 1452 4525 Rakytnycra
1496 4459 1526 4510 et
1565 4455 1641 4509 Am-

378 4563 480 4620 brosio
503 4567 606 4620 sancte
629 4561 729 4620 crucis
752 4561 790 4618 de
814 4561 970 4633 Hwthyna
993 4561 1194 4618 ecclesiarum
1217 4559 1369 4632 plebanis,
1394 4558 1484 4616 Petro
1507 4559 1638 4632 prebeu·

376 4669 463 4727 dario
486 4670 572 4726 chori
596 4669 723 4726 ecclesie
745 4668 952 4740 zagrabiensis
987 4666 1124 4740 predicte
1155 4671 1185 4723 et
1219 4665 1344 4723 Andrea
1379 4664 1417 4722 de
1452 4663 1639 4736 Zthwbycza

376 4775 556 4851 presbiteris
579 4775 786 4848 zagrabiensis
811 4773 951 4846 dyocesis
983 4779 1013 4831 et
1046 4773 1114 4830 aliis
1150 4771 1391 4846 quampluribus
1428 4771 1558 4829 testibus
1596 4769 1637 4828 ad

374 4883 525 4956 premissa
549 4883 665 4940 vocatis
682 4883 796 4955 pariter
820 4889 849 4939 et
872 4874 1025 4960 (rogatis).
1043 4881 1079 4938 Et
1095 4896 1152 4952 ego
1169 4878 1343 4953 Stephanus
1359 4878 1490 4938 Emerici
1508 4877 1547 4935 de
1561 4877 1638 4949 Wy·

374 4989 448 5048 zolra
472 4989 601 5048 clericus
622 4989 828 5062 zagrabiensis
849 4987 987 5058 diocesis,
1011 4987 1157 5060 publicus
1188 5001 1275 5044 sacra
1310 4984 1467 5058 imperiali
1502 4983 1636 5042 auctori·
