<?xml version="1.0" encoding="UTF-8"?>
<!DOCTYPE html PUBLIC "-//W3C//DTD XHTML 1.0 Transitional//EN"
    "http://www.w3.org/TR/xhtml1/DTD/xhtml1-transitional.dtd">
<html xmlns="http://www.w3.org/1999/xhtml" xml:lang="en" lang="en">
 <head>
  <title>
</title>
<meta http-equiv="Content-Type" content="text/html;charset=utf-8" />
  <meta name='ocr-system' content='tesseract 3.04.00' />
  <meta name='ocr-capabilities' content='ocr_page ocr_carea ocr_par ocr_line ocrx_word'/>
</head>
<body>
  <div class='ocr_page' id='page_1' title='image "./monumentahistor20laszgoog_0526.png"; bbox 0 0 3932 5806; ppageno 0'>
   <div class='ocr_carea' id='block_1_1' title="bbox 260 764 1576 1366">
    <p class='ocr_par' dir='ltr' id='par_1_1' title="bbox 260 764 1576 1366">
     <span class='ocr_line' id='line_1_1' title="bbox 312 764 1571 840; baseline 0.002 -19"><span class='ocrx_word' id='word_1_1' title='bbox 312 765 420 822; x_wconf 92' lang='lat' dir='ltr'>mitem</span> <span class='ocrx_word' id='word_1_2' title='bbox 455 764 535 822; x_wconf 90' lang='lat' dir='ltr'>Cilie</span> <span class='ocrx_word' id='word_1_3' title='bbox 569 771 624 822; x_wconf 91' lang='lat' dir='ltr'>etc.</span> <span class='ocrx_word' id='word_1_4' title='bbox 652 765 731 822; x_wconf 85' lang='lat' dir='ltr'>facte</span> <span class='ocrx_word' id='word_1_5' title='bbox 766 771 796 822; x_wconf 92' lang='lat' dir='ltr'>et</span> <span class='ocrx_word' id='word_1_6' title='bbox 832 771 942 838; x_wconf 85' lang='lat' dir='ltr'>expost</span> <span class='ocrx_word' id='word_1_7' title='bbox 977 783 1038 824; x_wconf 94' lang='lat' dir='ltr'>non</span> <span class='ocrx_word' id='word_1_8' title='bbox 1074 767 1247 824; x_wconf 79' lang='lat' dir='ltr'>voluntarie</span> <span class='ocrx_word' id='word_1_9' title='bbox 1282 765 1336 823; x_wconf 92' lang='lat' dir='ltr'>sed</span> <span class='ocrx_word' id='word_1_10' title='bbox 1360 783 1416 840; x_wconf 91' lang='lat' dir='ltr'>per</span> <span class='ocrx_word' id='word_1_11' title='bbox 1439 767 1571 824; x_wconf 91' lang='lat' dir='ltr'>eundem</span> 
     </span>
     <span class='ocr_line' id='line_1_2' title="bbox 260 870 1576 946; baseline 0.003 -20"><span class='ocrx_word' id='word_1_12' title='bbox 260 883 265 891; x_wconf 90' lang='lat'>·</span> <span class='ocrx_word' id='word_1_13' title='bbox 311 870 442 927; x_wconf 91' lang='lat' dir='ltr'>condam</span> <span class='ocrx_word' id='word_1_14' title='bbox 467 871 608 928; x_wconf 89' lang='lat' dir='ltr'>Vlricum</span> <span class='ocrx_word' id='word_1_15' title='bbox 632 872 778 928; x_wconf 88' lang='lat' dir='ltr'>comitem</span> <span class='ocrx_word' id='word_1_16' title='bbox 803 877 832 928; x_wconf 92' lang='lat' dir='ltr'>et</span> <span class='ocrx_word' id='word_1_17' title='bbox 856 871 1024 930; x_wconf 81' lang='lat' dir='ltr'>familiares</span> <span class='ocrx_word' id='word_1_18' title='bbox 1047 887 1119 930; x_wconf 90' lang='lat' dir='ltr'>suos</span> <span class='ocrx_word' id='word_1_19' title='bbox 1142 880 1172 930; x_wconf 92' lang='lat' dir='ltr'>et</span> <span class='ocrx_word' id='word_1_20' title='bbox 1195 871 1235 929; x_wconf 90' lang='lat' dir='ltr'>ad</span> <span class='ocrx_word' id='word_1_21' title='bbox 1257 873 1363 946; x_wconf 89' lang='lat' dir='ltr'>ipsum</span> <span class='ocrx_word' id='word_1_22' title='bbox 1386 874 1576 946; x_wconf 77' lang='lat' dir='ltr'>pertinentes</span> 
     </span>
     <span class='ocr_line' id='line_1_3' title="bbox 307 976 1567 1049; baseline 0.002 -17"><span class='ocrx_word' id='word_1_23' title='bbox 307 976 463 1049; x_wconf 89' lang='lat' dir='ltr'>compulsi</span> <span class='ocrx_word' id='word_1_24' title='bbox 493 981 523 1034; x_wconf 91' lang='lat' dir='ltr'>et</span> <span class='ocrx_word' id='word_1_25' title='bbox 553 979 683 1034; x_wconf 88' lang='lat' dir='ltr'>coactati</span> <span class='ocrx_word' id='word_1_26' title='bbox 715 977 872 1035; x_wconf 89' lang='lat' dir='ltr'>nobilibus</span> <span class='ocrx_word' id='word_1_27' title='bbox 896 985 925 1034; x_wconf 87' lang='lat' dir='ltr'>et</span> <span class='ocrx_word' id='word_1_28' title='bbox 957 979 1084 1036; x_wconf 91' lang='lat' dir='ltr'>alterius</span> <span class='ocrx_word' id='word_1_29' title='bbox 1108 980 1244 1036; x_wconf 90' lang='lat' dir='ltr'>cuiusvis</span> <span class='ocrx_word' id='word_1_30' title='bbox 1268 984 1364 1036; x_wconf 87' lang='lat' dir='ltr'>status</span> <span class='ocrx_word' id='word_1_31' title='bbox 1387 978 1567 1036; x_wconf 89' lang='lat' dir='ltr'>hominibus</span> 
     </span>
     <span class='ocr_line' id='line_1_4' title="bbox 311 1081 1576 1158; baseline 0.002 -19"><span class='ocrx_word' id='word_1_32' title='bbox 311 1083 580 1156; x_wconf 83' lang='lat' dir='ltr'>qualitercumque</span> <span class='ocrx_word' id='word_1_33' title='bbox 610 1084 794 1152; x_wconf 83' lang='lat' dir='ltr'>intulissent,</span> <span class='ocrx_word' id='word_1_34' title='bbox 825 1084 905 1140; x_wconf 88' lang='lat' dir='ltr'>intra</span> <span class='ocrx_word' id='word_1_35' title='bbox 928 1083 980 1140; x_wconf 85' lang='lat' dir='ltr'>vel</span> <span class='ocrx_word' id='word_1_36' title='bbox 1003 1089 1089 1140; x_wconf 84' lang='lat' dir='ltr'>extra</span> <span class='ocrx_word' id='word_1_37' title='bbox 1113 1081 1272 1158; x_wconf 84' lang='lat' dir='ltr'>judicium,</span> <span class='ocrx_word' id='word_1_38' title='bbox 1303 1083 1472 1142; x_wconf 89' lang='lat' dir='ltr'>secundum</span> <span class='ocrx_word' id='word_1_39' title='bbox 1492 1083 1576 1157; x_wconf 90' lang='lat' dir='ltr'>quod</span> 
     </span>
     <span class='ocr_line' id='line_1_5' title="bbox 308 1187 1575 1263; baseline 0.001 -18"><span class='ocrx_word' id='word_1_40' title='bbox 308 1187 452 1246; x_wconf 89' lang='lat' dir='ltr'>dominus</span> <span class='ocrx_word' id='word_1_41' title='bbox 475 1205 531 1246; x_wconf 83' lang='lat' dir='ltr'>rex</span> <span class='ocrx_word' id='word_1_42' title='bbox 555 1188 718 1246; x_wconf 91' lang='lat' dir='ltr'>Ladislaus</span> <span class='ocrx_word' id='word_1_43' title='bbox 735 1188 937 1262; x_wconf 85' lang='lat' dir='ltr'>predecessor</span> <span class='ocrx_word' id='word_1_44' title='bbox 952 1195 1057 1247; x_wconf 89' lang='lat' dir='ltr'>noster</span> <span class='ocrx_word' id='word_1_45' title='bbox 1080 1191 1142 1247; x_wconf 93' lang='lat' dir='ltr'>suis</span> <span class='ocrx_word' id='word_1_46' title='bbox 1159 1190 1271 1248; x_wconf 88' lang='lat' dir='ltr'>litteris</span> <span class='ocrx_word' id='word_1_47' title='bbox 1295 1192 1415 1263; x_wconf 90' lang='lat' dir='ltr'>quietos</span> <span class='ocrx_word' id='word_1_48' title='bbox 1439 1196 1468 1248; x_wconf 90' lang='lat' dir='ltr'>et</span> <span class='ocrx_word' id='word_1_49' title='bbox 1485 1207 1575 1263; x_wconf 83' lang='lat' dir='ltr'>expe-</span> 
     </span>
     <span class='ocr_line' id='line_1_6' title="bbox 307 1292 1576 1366; baseline 0.003 -16"><span class='ocrx_word' id='word_1_50' title='bbox 307 1292 387 1351; x_wconf 91' lang='lat' dir='ltr'>ditos</span> <span class='ocrx_word' id='word_1_51' title='bbox 412 1293 591 1352; x_wconf 85' lang='lat' dir='ltr'>reddiderat</span> <span class='ocrx_word' id='word_1_52' title='bbox 615 1297 883 1366; x_wconf 87' lang='lat' dir='ltr'>etcommisserat,</span> <span class='ocrx_word' id='word_1_53' title='bbox 901 1295 989 1352; x_wconf 90' lang='lat' dir='ltr'>itaet</span> <span class='ocrx_word' id='word_1_54' title='bbox 1011 1309 1067 1353; x_wconf 88' lang='lat' dir='ltr'>nos</span> <span class='ocrx_word' id='word_1_55' title='bbox 1091 1295 1284 1354; x_wconf 84' lang='lat' dir='ltr'>reddidimus</span> <span class='ocrx_word' id='word_1_56' title='bbox 1308 1303 1337 1354; x_wconf 90' lang='lat' dir='ltr'>et</span> <span class='ocrx_word' id='word_1_57' title='bbox 1361 1297 1576 1354; x_wconf 91' lang='lat' dir='ltr'>commisimus</span> 
     </span>
    </p>
   </div>
   <div class='ocr_carea' id='block_1_2' title="bbox 217 1400 1577 1474">
    <p class='ocr_par' dir='ltr' id='par_1_2' title="bbox 217 1400 1577 1474">
     <span class='ocr_line' id='line_1_7' title="bbox 217 1400 1577 1474; baseline 0.002 -17"><span class='ocrx_word' id='word_1_58' title='bbox 217 1403 220 1410; x_wconf 85' lang='lat'>&#39;</span> <span class='ocrx_word' id='word_1_59' title='bbox 306 1401 503 1473; x_wconf 90' lang='lat' dir='ltr'>presencium</span> <span class='ocrx_word' id='word_1_60' title='bbox 535 1402 643 1474; x_wconf 86' lang='lat' dir='ltr'>vigore</span> <span class='ocrx_word' id='word_1_61' title='bbox 667 1407 697 1458; x_wconf 89' lang='lat' dir='ltr'>et</span> <span class='ocrx_word' id='word_1_62' title='bbox 720 1401 896 1458; x_wconf 88' lang='lat' dir='ltr'>testimonio</span> <span class='ocrx_word' id='word_1_63' title='bbox 921 1400 1086 1459; x_wconf 89' lang='lat' dir='ltr'>mediante.</span> <span class='ocrx_word' id='word_1_64' title='bbox 1110 1401 1227 1460; x_wconf 90' lang='lat' dir='ltr'>Datum</span> <span class='ocrx_word' id='word_1_65' title='bbox 1251 1403 1336 1460; x_wconf 87' lang='lat' dir='ltr'>Bude</span> <span class='ocrx_word' id='word_1_66' title='bbox 1360 1403 1491 1461; x_wconf 88' lang='lat' dir='ltr'>sabbato</span> <span class='ocrx_word' id='word_1_67' title='bbox 1508 1408 1577 1460; x_wconf 91' lang='lat' dir='ltr'>ante</span> 
     </span>
    </p>
   </div>
   <div class='ocr_carea' id='block_1_3' title="bbox 307 1505 1576 1686">
    <p class='ocr_par' dir='ltr' id='par_1_3' title="bbox 307 1505 1576 1686">
     <span class='ocr_line' id='line_1_8' title="bbox 307 1505 1576 1582; baseline 0.003 -20"><span class='ocrx_word' id='word_1_68' title='bbox 307 1505 421 1563; x_wconf 90' lang='lat' dir='ltr'>festum</span> <span class='ocrx_word' id='word_1_69' title='bbox 452 1513 554 1565; x_wconf 90' lang='lat' dir='ltr'>sancte</span> <span class='ocrx_word' id='word_1_70' title='bbox 590 1508 757 1566; x_wconf 89' lang='lat' dir='ltr'>Trinitatis.</span> <span class='ocrx_word' id='word_1_71' title='bbox 793 1509 884 1564; x_wconf 85' lang='lat' dir='ltr'>Anno</span> <span class='ocrx_word' id='word_1_72' title='bbox 916 1506 1034 1564; x_wconf 92' lang='lat' dir='ltr'>domini</span> <span class='ocrx_word' id='word_1_73' title='bbox 1068 1509 1238 1566; x_wconf 89' lang='lat' dir='ltr'>millesimo</span> <span class='ocrx_word' id='word_1_74' title='bbox 1269 1509 1576 1582; x_wconf 87' lang='lat' dir='ltr'>quadringentesimo</span> 
     </span>
     <span class='ocr_line' id='line_1_9' title="bbox 310 1613 708 1686; baseline 0.003 -17"><span class='ocrx_word' id='word_1_75' title='bbox 310 1613 566 1686; x_wconf 86' lang='lat' dir='ltr'>quinquagesimo</span> <span class='ocrx_word' id='word_1_76' title='bbox 590 1618 708 1671; x_wconf 86' lang='lat' dir='ltr'>octavo.</span> 
     </span>
    </p>
   </div>
   <div class='ocr_carea' id='block_1_4' title="bbox 310 1729 1575 1866">
    <p class='ocr_par' dir='ltr' id='par_1_4' title="bbox 310 1729 1575 1866">
     <span class='ocr_line' id='line_1_10' title="bbox 413 1729 1575 1795; baseline -0.003 -16"><span class='ocrx_word' id='word_1_77' title='bbox 413 1730 546 1794; x_wconf 85' lang='lat' dir='ltr'>Originale</span> <span class='ocrx_word' id='word_1_78' title='bbox 564 1732 592 1780; x_wconf 92' lang='lat' dir='ltr'>in</span> <span class='ocrx_word' id='word_1_79' title='bbox 610 1732 764 1788; x_wconf 85' lang='lat' dir='ltr'>membrana,</span> <span class='ocrx_word' id='word_1_80' title='bbox 784 1733 811 1780; x_wconf 91' lang='lat' dir='ltr'>in</span> <span class='ocrx_word' id='word_1_81' title='bbox 830 1733 944 1795; x_wconf 85' lang='lat' dir='ltr'>margine</span> <span class='ocrx_word' id='word_1_82' title='bbox 962 1729 1078 1778; x_wconf 79' lang='lat' dir='ltr'>inferiori</span> <span class='ocrx_word' id='word_1_83' title='bbox 1091 1731 1243 1794; x_wconf 89' lang='lat' dir='ltr'>impressum</span> <span class='ocrx_word' id='word_1_84' title='bbox 1257 1739 1296 1782; x_wconf 88' lang='lat' dir='ltr'>est</span> <span class='ocrx_word' id='word_1_85' title='bbox 1310 1731 1434 1794; x_wconf 81' lang='lat' dir='ltr'>sigillum.</span> <span class='ocrx_word' id='word_1_86' title='bbox 1454 1733 1486 1780; x_wconf 87' lang='lat' dir='ltr'>In</span> <span class='ocrx_word' id='word_1_87' title='bbox 1507 1731 1575 1779; x_wconf 83' lang='lat' dir='ltr'>arch.</span> 
     </span>
     <span class='ocr_line' id='line_1_11' title="bbox 310 1799 616 1866; baseline 0.003 -17"><span class='ocrx_word' id='word_1_88' title='bbox 310 1799 356 1852; x_wconf 83' lang='lat' dir='ltr'>lib.</span> <span class='ocrx_word' id='word_1_89' title='bbox 376 1817 429 1864; x_wconf 86' lang='lat' dir='ltr'>reg.</span> <span class='ocrx_word' id='word_1_90' title='bbox 448 1803 496 1854; x_wconf 79' lang='lat' dir='ltr'>civ.</span> <span class='ocrx_word' id='word_1_91' title='bbox 516 1802 616 1866; x_wconf 84' lang='lat' dir='ltr'>zagrab.</span> 
     </span>
    </p>
   </div>
   <div class='ocr_carea' id='block_1_5' title="bbox 895 1981 981 2046">
    <p class='ocr_par' dir='ltr' id='par_1_5' title="bbox 895 1981 981 2046">
     <span class='ocr_line' id='line_1_12' title="bbox 895 1981 981 2046; baseline -0.012 -1"><span class='ocrx_word' id='word_1_92' title='bbox 895 1981 981 2046; x_wconf 85' lang='lat'>208.</span> 
     </span>
    </p>
   </div>
   <div class='ocr_carea' id='block_1_6' title="bbox 413 2104 857 2168">
    <p class='ocr_par' dir='ltr' id='par_1_6' title="bbox 413 2104 857 2168">
     <span class='ocr_line' id='line_1_13' title="bbox 413 2104 857 2168; baseline 0.005 -16"><span class='ocrx_word' id='word_1_93' title='bbox 413 2104 494 2152; x_wconf 88' lang='lat' dir='ltr'>Auno</span> <span class='ocrx_word' id='word_1_94' title='bbox 516 2105 590 2168; x_wconf 88' lang='lat'>1458,</span> <span class='ocrx_word' id='word_1_95' title='bbox 611 2116 651 2166; x_wconf 84' lang='lat'>30.</span> <span class='ocrx_word' id='word_1_96' title='bbox 671 2104 740 2155; x_wconf 91' lang='lat' dir='ltr'>maii.</span> <span class='ocrx_word' id='word_1_97' title='bbox 760 2105 857 2155; x_wconf 88' lang='lat' dir='ltr'>Budae.</span> 
     </span>
    </p>
   </div>
   <div class='ocr_carea' id='block_1_7' title="bbox 310 2194 1575 2444">
    <p class='ocr_par' dir='ltr' id='par_1_7' title="bbox 310 2194 1575 2444">
     <span class='ocr_line' id='line_1_14' title="bbox 316 2194 1575 2272; baseline 0.002 -20"><span class='ocrx_word' id='word_1_98' title='bbox 316 2194 420 2252; x_wconf 85' lang='lat' dir='ltr'>Coram</span> <span class='ocrx_word' id='word_1_99' title='bbox 452 2195 574 2253; x_wconf 81' lang='lat' dir='ltr'>Mathia</span> <span class='ocrx_word' id='word_1_100' title='bbox 607 2215 690 2269; x_wconf 82' lang='lat' dir='ltr'>rege,</span> <span class='ocrx_word' id='word_1_101' title='bbox 725 2199 932 2254; x_wconf 82' lang='lat' dir='ltr'>communitatis</span> <span class='ocrx_word' id='word_1_102' title='bbox 965 2197 1090 2254; x_wconf 69' lang='lat' dir='ltr'>civitates</span> <span class='ocrx_word' id='word_1_103' title='bbox 1125 2197 1236 2270; x_wconf 78' lang='lat' dir='ltr'>legatus</span> <span class='ocrx_word' id='word_1_104' title='bbox 1263 2196 1297 2254; x_wconf 88' lang='lat' dir='ltr'>de</span> <span class='ocrx_word' id='word_1_105' title='bbox 1327 2198 1440 2272; x_wconf 76' lang='lat' dir='ltr'>injuria</span> <span class='ocrx_word' id='word_1_106' title='bbox 1476 2198 1575 2268; x_wconf 69' lang='lat' dir='ltr'>(anti,</span> 
     </span>
     <span class='ocr_line' id='line_1_15' title="bbox 310 2283 1574 2361; baseline 0.004 -21"><span class='ocrx_word' id='word_1_107' title='bbox 310 2284 417 2341; x_wconf 68' lang='lat' dir='ltr'>emtus</span> <span class='ocrx_word' id='word_1_108' title='bbox 445 2283 543 2354; x_wconf 75' lang='lat' dir='ltr'>ciliae,</span> <span class='ocrx_word' id='word_1_109' title='bbox 573 2303 631 2358; x_wconf 83' lang='lat' dir='ltr'>qua</span> <span class='ocrx_word' id='word_1_110' title='bbox 662 2285 768 2343; x_wconf 81' lang='lat' dir='ltr'>multoc</span> <span class='ocrx_word' id='word_1_111' title='bbox 801 2287 926 2343; x_wconf 68' lang='lat' dir='ltr'>repetatis</span> <span class='ocrx_word' id='word_1_112' title='bbox 950 2287 1144 2358; x_wconf 81' lang='lat' dir='ltr'>possessiones</span> <span class='ocrx_word' id='word_1_113' title='bbox 1166 2287 1196 2342; x_wconf 87' lang='lat' dir='ltr'>in</span> <span class='ocrx_word' id='word_1_114' title='bbox 1220 2287 1332 2343; x_wconf 82' lang='lat' dir='ltr'>alz&#39;cnos</span> <span class='ocrx_word' id='word_1_115' title='bbox 1355 2305 1458 2344; x_wconf 86' lang='lat' dir='ltr'>manus</span> <span class='ocrx_word' id='word_1_116' title='bbox 1477 2296 1574 2361; x_wconf 75' lang='lat' dir='ltr'>perue-</span> 
     </span>
     <span class='ocr_line' id='line_1_16' title="bbox 817 2381 1071 2444; baseline -0.004 -13"><span class='ocrx_word' id='word_1_117' title='bbox 817 2382 930 2444; x_wconf 83' lang='lat' dir='ltr'>nerunt,</span> <span class='ocrx_word' id='word_1_118' title='bbox 953 2381 1071 2432; x_wconf 82' lang='lat' dir='ltr'>recusat.</span> 
     </span>
    </p>
   </div>
   <div class='ocr_carea' id='block_1_8' title="bbox 307 2497 1574 2891">
    <p class='ocr_par' dir='ltr' id='par_1_8' title="bbox 307 2497 1574 2891">
     <span class='ocr_line' id='line_1_17' title="bbox 414 2497 1572 2572; baseline 0.005 -18"><span class='ocrx_word' id='word_1_119' title='bbox 414 2497 478 2555; x_wconf 92' lang='lat' dir='ltr'>Nos</span> <span class='ocrx_word' id='word_1_120' title='bbox 509 2499 640 2558; x_wconf 90' lang='lat' dir='ltr'>Mathias</span> <span class='ocrx_word' id='word_1_121' title='bbox 672 2501 722 2557; x_wconf 90' lang='lat' dir='ltr'>dei</span> <span class='ocrx_word' id='word_1_122' title='bbox 752 2501 855 2572; x_wconf 86' lang='lat' dir='ltr'>gracia</span> <span class='ocrx_word' id='word_1_123' title='bbox 886 2516 940 2558; x_wconf 85' lang='lat' dir='ltr'>rex</span> <span class='ocrx_word' id='word_1_124' title='bbox 971 2500 1138 2572; x_wconf 84' lang='lat' dir='ltr'>Hungarie,</span> <span class='ocrx_word' id='word_1_125' title='bbox 1174 2500 1343 2571; x_wconf 89' lang='lat' dir='ltr'>Dalmacie‚</span> <span class='ocrx_word' id='word_1_126' title='bbox 1368 2499 1496 2560; x_wconf 89' lang='lat' dir='ltr'>Croacie</span> <span class='ocrx_word' id='word_1_127' title='bbox 1518 2511 1572 2560; x_wconf 87' lang='lat' dir='ltr'>ete.</span> 
     </span>
     <span class='ocr_line' id='line_1_18' title="bbox 309 2605 1574 2682; baseline 0.005 -22"><span class='ocrx_word' id='word_1_128' title='bbox 309 2605 457 2662; x_wconf 91' lang='lat' dir='ltr'>Memorie</span> <span class='ocrx_word' id='word_1_129' title='bbox 479 2606 733 2666; x_wconf 88' lang='lat' dir='ltr'>commendamus</span> <span class='ocrx_word' id='word_1_130' title='bbox 757 2624 812 2682; x_wconf 91' lang='lat' dir='ltr'>per</span> <span class='ocrx_word' id='word_1_131' title='bbox 835 2614 1001 2682; x_wconf 88' lang='lat' dir='ltr'>presentes,</span> <span class='ocrx_word' id='word_1_132' title='bbox 1026 2607 1110 2682; x_wconf 93' lang='lat' dir='ltr'>quod</span> <span class='ocrx_word' id='word_1_133' title='bbox 1132 2609 1254 2665; x_wconf 89' lang='lat' dir='ltr'>Marcus</span> <span class='ocrx_word' id='word_1_134' title='bbox 1279 2607 1316 2664; x_wconf 92' lang='lat' dir='ltr'>de</span> <span class='ocrx_word' id='word_1_135' title='bbox 1347 2608 1471 2680; x_wconf 84' lang='lat' dir='ltr'>Chawa,</span> <span class='ocrx_word' id='word_1_136' title='bbox 1503 2624 1574 2682; x_wconf 91' lang='lat' dir='ltr'>per·</span> 
     </span>
     <span class='ocr_line' id='line_1_19' title="bbox 307 2710 1573 2787; baseline 0.002 -19"><span class='ocrx_word' id='word_1_137' title='bbox 307 2711 455 2769; x_wconf 89' lang='lat' dir='ltr'>sonaliter</span> <span class='ocrx_word' id='word_1_138' title='bbox 477 2717 618 2770; x_wconf 89' lang='lat' dir='ltr'>nostram</span> <span class='ocrx_word' id='word_1_139' title='bbox 641 2714 766 2771; x_wconf 91' lang='lat' dir='ltr'>veniens</span> <span class='ocrx_word' id='word_1_140' title='bbox 790 2715 821 2771; x_wconf 90' lang='lat' dir='ltr'>in</span> <span class='ocrx_word' id='word_1_141' title='bbox 844 2715 1035 2787; x_wconf 86' lang='lat' dir='ltr'>presenciam</span> <span class='ocrx_word' id='word_1_142' title='bbox 1059 2715 1090 2770; x_wconf 92' lang='lat' dir='ltr'>in</span> <span class='ocrx_word' id='word_1_143' title='bbox 1113 2727 1168 2769; x_wconf 88' lang='lat' dir='ltr'>sua</span> <span class='ocrx_word' id='word_1_144' title='bbox 1192 2727 1227 2769; x_wconf 91' lang='grc'>30</span> <span class='ocrx_word' id='word_1_145' title='bbox 1250 2711 1368 2785; x_wconf 82' lang='lat' dir='ltr'>judicis,</span> <span class='ocrx_word' id='word_1_146' title='bbox 1391 2710 1573 2787; x_wconf 86' lang='lat' dir='ltr'>juratorum,</span> 
     </span>
     <span class='ocr_line' id='line_1_20' title="bbox 307 2803 1569 2891; baseline 0.001 -17"><span class='ocrx_word' id='word_1_147' title='bbox 307 2803 542 2891; x_wconf 79' lang='lat' dir='ltr'>ceterorumque</span> <span class='ocrx_word' id='word_1_148' title='bbox 573 2819 688 2876; x_wconf 86' lang='lat' dir='ltr'>civium</span> <span class='ocrx_word' id='word_1_149' title='bbox 719 2828 749 2878; x_wconf 90' lang='lat' dir='ltr'>et</span> <span class='ocrx_word' id='word_1_150' title='bbox 779 2821 877 2877; x_wconf 89' lang='lat' dir='ltr'>tocius</span> <span class='ocrx_word' id='word_1_151' title='bbox 912 2819 1141 2877; x_wconf 86' lang='lat' dir='ltr'>communitatis</span> <span class='ocrx_word' id='word_1_152' title='bbox 1172 2819 1305 2877; x_wconf 87' lang='lat' dir='ltr'>civitatis</span> <span class='ocrx_word' id='word_1_153' title='bbox 1329 2825 1432 2876; x_wconf 89' lang='lat' dir='ltr'>nostre</span> <span class='ocrx_word' id='word_1_154' title='bbox 1457 2821 1569 2876; x_wconf 89' lang='lat' dir='ltr'>montis</span> 
     </span>
    </p>
   </div>
   <div class='ocr_carea' id='block_1_9' title="bbox 305 2922 1574 4907">
    <p class='ocr_par' dir='ltr' id='par_1_9' title="bbox 305 2922 1574 4907">
     <span class='ocr_line' id='line_1_21' title="bbox 308 2922 1572 2999; baseline 0.002 -19"><span class='ocrx_word' id='word_1_155' title='bbox 308 2922 469 2982; x_wconf 90' lang='lat' dir='ltr'>Grecensis</span> <span class='ocrx_word' id='word_1_156' title='bbox 505 2922 543 2981; x_wconf 90' lang='lat' dir='ltr'>de</span> <span class='ocrx_word' id='word_1_157' title='bbox 578 2925 663 2982; x_wconf 86' lang='lat' dir='ltr'>iuxta</span> <span class='ocrx_word' id='word_1_158' title='bbox 699 2925 891 2998; x_wconf 84' lang='lat' dir='ltr'>Zagrabiam,</span> <span class='ocrx_word' id='word_1_159' title='bbox 927 2925 1075 2999; x_wconf 90' lang='lat' dir='ltr'>personis,</span> <span class='ocrx_word' id='word_1_160' title='bbox 1100 2941 1156 2998; x_wconf 90' lang='lat' dir='ltr'>per</span> <span class='ocrx_word' id='word_1_161' title='bbox 1176 2924 1305 2982; x_wconf 90' lang='lat' dir='ltr'>modum</span> <span class='ocrx_word' id='word_1_162' title='bbox 1338 2925 1572 2998; x_wconf 90' lang='lat' dir='ltr'>protestacionis</span> 
     </span>
     <span class='ocr_line' id='line_1_22' title="bbox 305 3029 1573 3104; baseline 0.002 -19"><span class='ocrx_word' id='word_1_163' title='bbox 305 3029 396 3086; x_wconf 91' lang='lat' dir='ltr'>nobis</span> <span class='ocrx_word' id='word_1_164' title='bbox 420 3029 594 3102; x_wconf 86' lang='lat' dir='ltr'>significare</span> <span class='ocrx_word' id='word_1_165' title='bbox 617 3031 738 3088; x_wconf 88' lang='lat' dir='ltr'>curavit</span> <span class='ocrx_word' id='word_1_166' title='bbox 771 3046 807 3088; x_wconf 93' lang='lat' dir='ltr'>eo</span> <span class='ocrx_word' id='word_1_167' title='bbox 839 3031 942 3102; x_wconf 92' lang='lat' dir='ltr'>modo,</span> <span class='ocrx_word' id='word_1_168' title='bbox 980 3030 1138 3104; x_wconf 92' lang='lat' dir='ltr'>quomodo</span> <span class='ocrx_word' id='word_1_169' title='bbox 1174 3029 1250 3088; x_wconf 92' lang='grc'><strong>31135</strong></span> <span class='ocrx_word' id='word_1_170' title='bbox 1281 3030 1412 3088; x_wconf 90' lang='lat' dir='ltr'>condam</span> <span class='ocrx_word' id='word_1_171' title='bbox 1449 3031 1573 3088; x_wconf 91' lang='lat' dir='ltr'>Vlricus</span> 
     </span>
     <span class='ocr_line' id='line_1_23' title="bbox 307 3134 1573 3209; baseline 0.004 -19"><span class='ocrx_word' id='word_1_172' title='bbox 307 3149 410 3192; x_wconf 91' lang='lat' dir='ltr'>comes</span> <span class='ocrx_word' id='word_1_173' title='bbox 434 3134 512 3192; x_wconf 90' lang='lat' dir='ltr'>Cilie</span> <span class='ocrx_word' id='word_1_174' title='bbox 535 3141 589 3194; x_wconf 92' lang='lat' dir='ltr'>etc.</span> <span class='ocrx_word' id='word_1_175' title='bbox 613 3137 714 3209; x_wconf 89' lang='lat' dir='ltr'>ipsam</span> <span class='ocrx_word' id='word_1_176' title='bbox 738 3138 896 3195; x_wconf 89' lang='lat' dir='ltr'>civitatem</span> <span class='ocrx_word' id='word_1_177' title='bbox 918 3143 1055 3195; x_wconf 90' lang='lat' dir='ltr'>nostram</span> <span class='ocrx_word' id='word_1_178' title='bbox 1079 3137 1193 3195; x_wconf 90' lang='lat' dir='ltr'>montis</span> <span class='ocrx_word' id='word_1_179' title='bbox 1216 3134 1377 3194; x_wconf 87' lang='lat' dir='ltr'>Grecensis</span> <span class='ocrx_word' id='word_1_180' title='bbox 1401 3143 1511 3194; x_wconf 90' lang='lat' dir='ltr'>eotunc</span> <span class='ocrx_word' id='word_1_181' title='bbox 1541 3139 1573 3195; x_wconf 92' lang='lat' dir='ltr'>in</span> 
     </span>
     <span class='ocr_line' id='line_1_24' title="bbox 307 3240 1574 3318; baseline 0.004 -22"><span class='ocrx_word' id='word_1_182' title='bbox 307 3240 451 3298; x_wconf 90' lang='lat' dir='ltr'>manibus</span> <span class='ocrx_word' id='word_1_183' title='bbox 466 3242 529 3299; x_wconf 91' lang='lat' dir='ltr'>suis</span> <span class='ocrx_word' id='word_1_184' title='bbox 544 3242 693 3313; x_wconf 87' lang='lat' dir='ltr'>habitam,</span> <span class='ocrx_word' id='word_1_185' title='bbox 706 3243 929 3301; x_wconf 91' lang='lat' dir='ltr'>nonnullorum</span> <span class='ocrx_word' id='word_1_186' title='bbox 952 3245 1119 3318; x_wconf 90' lang='lat' dir='ltr'>hospitum,</span> <span class='ocrx_word' id='word_1_187' title='bbox 1143 3245 1258 3302; x_wconf 86' lang='lat' dir='ltr'>civium</span> <span class='ocrx_word' id='word_1_188' title='bbox 1281 3244 1418 3318; x_wconf 90' lang='lat' dir='ltr'>predicte</span> <span class='ocrx_word' id='word_1_189' title='bbox 1441 3244 1574 3301; x_wconf 85' lang='lat' dir='ltr'>civitatis</span> 
     </span>
     <span class='ocr_line' id='line_1_25' title="bbox 306 3347 1573 3424; baseline 0.004 -23"><span class='ocrx_word' id='word_1_190' title='bbox 306 3352 409 3403; x_wconf 91' lang='lat' dir='ltr'>nostre</span> <span class='ocrx_word' id='word_1_191' title='bbox 442 3348 554 3404; x_wconf 90' lang='lat' dir='ltr'>montis</span> <span class='ocrx_word' id='word_1_192' title='bbox 589 3347 750 3406; x_wconf 88' lang='lat' dir='ltr'>Grecensis</span> <span class='ocrx_word' id='word_1_193' title='bbox 782 3351 989 3422; x_wconf 88' lang='lat' dir='ltr'>possessiones</span> <span class='ocrx_word' id='word_1_194' title='bbox 1019 3348 1246 3424; x_wconf 87' lang='lat' dir='ltr'>jobagionales,</span> <span class='ocrx_word' id='word_1_195' title='bbox 1278 3359 1341 3406; x_wconf 91' lang='lat' dir='ltr'>tam</span> <span class='ocrx_word' id='word_1_196' title='bbox 1372 3349 1573 3407; x_wconf 91' lang='lat' dir='ltr'>hereditarias</span> 
     </span>
     <span class='ocr_line' id='line_1_26' title="bbox 310 3453 1572 3530; baseline 0.003 -22"><span class='ocrx_word' id='word_1_197' title='bbox 310 3467 404 3524; x_wconf 87' lang='lat' dir='ltr'>quam</span> <span class='ocrx_word' id='word_1_198' title='bbox 429 3453 701 3526; x_wconf 83' lang='lat' dir='ltr'>impignoraticias,</span> <span class='ocrx_word' id='word_1_199' title='bbox 725 3469 842 3512; x_wconf 90' lang='lat' dir='ltr'>necnon</span> <span class='ocrx_word' id='word_1_200' title='bbox 861 3455 978 3526; x_wconf 91' lang='lat' dir='ltr'>domos,</span> <span class='ocrx_word' id='word_1_201' title='bbox 1003 3455 1188 3527; x_wconf 90' lang='lat' dir='ltr'>molendina,</span> <span class='ocrx_word' id='word_1_202' title='bbox 1212 3457 1325 3525; x_wconf 74' lang='lat' dir='ltr'>vineas</span> <span class='ocrx_word' id='word_1_203' title='bbox 1342 3455 1455 3526; x_wconf 88' lang='lat' dir='ltr'>senilia,</span> <span class='ocrx_word' id='word_1_204' title='bbox 1475 3463 1572 3530; x_wconf 89' lang='lat' dir='ltr'>prata,</span> 
     </span>
     <span class='ocr_line' id='line_1_27' title="bbox 308 3559 1573 3636; baseline 0.003 -22"><span class='ocrx_word' id='word_1_205' title='bbox 308 3563 401 3628; x_wconf 88' lang='grc'><strong>01105,</strong></span> <span class='ocrx_word' id='word_1_206' title='bbox 424 3563 523 3616; x_wconf 83' lang='grc'><strong>101135</strong></span> <span class='ocrx_word' id='word_1_207' title='bbox 546 3560 679 3618; x_wconf 90' lang='lat' dir='ltr'>arabiles</span> <span class='ocrx_word' id='word_1_208' title='bbox 704 3568 733 3618; x_wconf 92' lang='lat' dir='ltr'>et</span> <span class='ocrx_word' id='word_1_209' title='bbox 757 3561 853 3618; x_wconf 84' lang='lat' dir='ltr'>silvas</span> <span class='ocrx_word' id='word_1_210' title='bbox 877 3563 917 3618; x_wconf 87' lang='lat' dir='ltr'>ab</span> <span class='ocrx_word' id='word_1_211' title='bbox 942 3561 1056 3621; x_wconf 90' lang='lat' dir='ltr'>eisdem</span> <span class='ocrx_word' id='word_1_212' title='bbox 1081 3561 1202 3618; x_wconf 90' lang='lat' dir='ltr'>civibus</span> <span class='ocrx_word' id='word_1_213' title='bbox 1227 3562 1328 3618; x_wconf 89' lang='lat' dir='ltr'>minus</span> <span class='ocrx_word' id='word_1_214' title='bbox 1344 3559 1423 3636; x_wconf 83' lang='lat' dir='ltr'>juste</span> <span class='ocrx_word' id='word_1_215' title='bbox 1442 3567 1472 3618; x_wconf 90' lang='lat' dir='ltr'>et</span> <span class='ocrx_word' id='word_1_216' title='bbox 1489 3561 1573 3618; x_wconf 91' lang='lat' dir='ltr'>inde·</span> 
     </span>
     <span class='ocr_line' id='line_1_28' title="bbox 307 3663 1571 3740; baseline 0.002 -19"><span class='ocrx_word' id='word_1_217' title='bbox 307 3663 372 3722; x_wconf 91' lang='lat' dir='ltr'>bite</span> <span class='ocrx_word' id='word_1_218' title='bbox 403 3665 592 3740; x_wconf 91' lang='lat' dir='ltr'>occupando,</span> <span class='ocrx_word' id='word_1_219' title='bbox 624 3667 812 3739; x_wconf 89' lang='lat' dir='ltr'>quibusdam</span> <span class='ocrx_word' id='word_1_220' title='bbox 843 3668 912 3725; x_wconf 89' lang='lat' dir='ltr'>aliis</span> <span class='ocrx_word' id='word_1_221' title='bbox 942 3669 1120 3726; x_wconf 89' lang='lat' dir='ltr'>hominibus</span> <span class='ocrx_word' id='word_1_222' title='bbox 1155 3667 1380 3737; x_wconf 85' lang='lat' dir='ltr'>distribuisset,</span> <span class='ocrx_word' id='word_1_223' title='bbox 1405 3667 1571 3740; x_wconf 90' lang='lat' dir='ltr'>ipsamque</span> 
     </span>
     <span class='ocr_line' id='line_1_29' title="bbox 307 3771 1573 3842; baseline 0.001 -15"><span class='ocrx_word' id='word_1_224' title='bbox 307 3773 561 3830; x_wconf 88' lang='lat' dir='ltr'>communitatem</span> <span class='ocrx_word' id='word_1_225' title='bbox 584 3773 661 3830; x_wconf 90' lang='lat' dir='ltr'>adeo</span> <span class='ocrx_word' id='word_1_226' title='bbox 684 3779 851 3831; x_wconf 90' lang='lat' dir='ltr'>coartasset</span> <span class='ocrx_word' id='word_1_227' title='bbox 874 3779 904 3832; x_wconf 91' lang='lat' dir='ltr'>et</span> <span class='ocrx_word' id='word_1_228' title='bbox 927 3773 1127 3842; x_wconf 85' lang='lat' dir='ltr'>astrinxisset,</span> <span class='ocrx_word' id='word_1_229' title='bbox 1159 3778 1193 3829; x_wconf 91' lang='lat' dir='ltr'>ut</span> <span class='ocrx_word' id='word_1_230' title='bbox 1223 3771 1331 3829; x_wconf 90' lang='lat' dir='ltr'>eadem</span> <span class='ocrx_word' id='word_1_231' title='bbox 1368 3773 1573 3830; x_wconf 89' lang='lat' dir='ltr'>communitas</span> 
     </span>
     <span class='ocr_line' id='line_1_30' title="bbox 308 3877 1573 3952; baseline 0.002 -20"><span class='ocrx_word' id='word_1_232' title='bbox 308 3877 423 3934; x_wconf 88' lang='lat' dir='ltr'>civium</span> <span class='ocrx_word' id='word_1_233' title='bbox 455 3893 548 3952; x_wconf 90' lang='lat' dir='ltr'>super</span> <span class='ocrx_word' id='word_1_234' title='bbox 579 3878 758 3937; x_wconf 90' lang='lat' dir='ltr'>huiusmodi</span> <span class='ocrx_word' id='word_1_235' title='bbox 788 3895 843 3936; x_wconf 91' lang='lat' dir='ltr'>sua</span> <span class='ocrx_word' id='word_1_236' title='bbox 865 3879 1002 3937; x_wconf 90' lang='lat' dir='ltr'>indebita</span> <span class='ocrx_word' id='word_1_237' title='bbox 1034 3885 1063 3935; x_wconf 92' lang='lat' dir='ltr'>et</span> <span class='ocrx_word' id='word_1_238' title='bbox 1086 3879 1222 3936; x_wconf 87' lang='lat' dir='ltr'>violenta</span> <span class='ocrx_word' id='word_1_239' title='bbox 1247 3879 1453 3950; x_wconf 89' lang='lat' dir='ltr'>occupacione</span> <span class='ocrx_word' id='word_1_240' title='bbox 1476 3883 1505 3936; x_wconf 93' lang='lat' dir='ltr'>et</span> <span class='ocrx_word' id='word_1_241' title='bbox 1528 3878 1573 3935; x_wconf 89' lang='lat' dir='ltr'>di·</span> 
     </span>
     <span class='ocr_line' id='line_1_31' title="bbox 307 3982 1573 4058; baseline 0.002 -19"><span class='ocrx_word' id='word_1_242' title='bbox 307 3982 495 4041; x_wconf 88' lang='lat' dir='ltr'>stribucione</span> <span class='ocrx_word' id='word_1_243' title='bbox 519 3985 636 4042; x_wconf 86' lang='lat' dir='ltr'>litteras</span> <span class='ocrx_word' id='word_1_244' title='bbox 659 3986 717 4041; x_wconf 92' lang='lat' dir='ltr'>sub</span> <span class='ocrx_word' id='word_1_245' title='bbox 741 3985 845 4058; x_wconf 84' lang='lat' dir='ltr'>sigillo</span> <span class='ocrx_word' id='word_1_246' title='bbox 868 3985 965 4058; x_wconf 89' lang='lat' dir='ltr'>ipsius</span> <span class='ocrx_word' id='word_1_247' title='bbox 989 3985 1220 4042; x_wconf 88' lang='lat' dir='ltr'>communitatis</span> <span class='ocrx_word' id='word_1_248' title='bbox 1244 3985 1369 4052; x_wconf 88' lang='lat' dir='ltr'>civium,</span> <span class='ocrx_word' id='word_1_249' title='bbox 1399 3999 1457 4057; x_wconf 91' lang='lat' dir='ltr'>pro</span> <span class='ocrx_word' id='word_1_250' title='bbox 1486 3990 1573 4056; x_wconf 88' lang='lat' dir='ltr'>parte</span> 
     </span>
     <span class='ocr_line' id='line_1_32' title="bbox 307 4089 1573 4164; baseline 0.001 -19"><span class='ocrx_word' id='word_1_251' title='bbox 307 4089 426 4160; x_wconf 89' lang='lat' dir='ltr'>talium,</span> <span class='ocrx_word' id='word_1_252' title='bbox 451 4091 564 4162; x_wconf 91' lang='lat' dir='ltr'>quibus</span> <span class='ocrx_word' id='word_1_253' title='bbox 588 4090 766 4148; x_wconf 89' lang='lat' dir='ltr'>huiusmodi</span> <span class='ocrx_word' id='word_1_254' title='bbox 789 4091 997 4164; x_wconf 90' lang='lat' dir='ltr'>possessiones</span> <span class='ocrx_word' id='word_1_255' title='bbox 1022 4095 1051 4149; x_wconf 90' lang='lat' dir='ltr'>et</span> <span class='ocrx_word' id='word_1_256' title='bbox 1074 4091 1135 4148; x_wconf 90' lang='lat' dir='ltr'>alia</span> <span class='ocrx_word' id='word_1_257' title='bbox 1159 4091 1240 4148; x_wconf 87' lang='lat' dir='ltr'>bona</span> <span class='ocrx_word' id='word_1_258' title='bbox 1272 4091 1485 4164; x_wconf 89' lang='lat' dir='ltr'>prenominata</span> <span class='ocrx_word' id='word_1_259' title='bbox 1517 4105 1573 4162; x_wconf 92' lang='lat' dir='ltr'>per</span> 
     </span>
     <span class='ocr_line' id='line_1_33' title="bbox 307 4195 1573 4269; baseline 0 -18"><span class='ocrx_word' id='word_1_260' title='bbox 307 4195 410 4268; x_wconf 90' lang='lat' dir='ltr'>ipsum</span> <span class='ocrx_word' id='word_1_261' title='bbox 434 4195 577 4254; x_wconf 90' lang='lat' dir='ltr'>Vlricum</span> <span class='ocrx_word' id='word_1_262' title='bbox 601 4197 746 4254; x_wconf 91' lang='lat' dir='ltr'>comitem</span> <span class='ocrx_word' id='word_1_263' title='bbox 771 4197 937 4255; x_wconf 88' lang='lat' dir='ltr'>distributa</span> <span class='ocrx_word' id='word_1_264' title='bbox 961 4204 1069 4268; x_wconf 87' lang='lat' dir='ltr'>essent,</span> <span class='ocrx_word' id='word_1_265' title='bbox 1102 4197 1237 4253; x_wconf 90' lang='lat' dir='ltr'>emanari</span> <span class='ocrx_word' id='word_1_266' title='bbox 1271 4195 1399 4262; x_wconf 83' lang='lat' dir='ltr'>fecisset,</span> <span class='ocrx_word' id='word_1_267' title='bbox 1431 4197 1573 4269; x_wconf 91' lang='lat' dir='ltr'>potencia</span> 
     </span>
     <span class='ocr_line' id='line_1_34' title="bbox 307 4301 1573 4376; baseline -0.001 -18"><span class='ocrx_word' id='word_1_268' title='bbox 307 4301 471 4372; x_wconf 89' lang='lat' dir='ltr'>mediante,</span> <span class='ocrx_word' id='word_1_269' title='bbox 506 4304 537 4358; x_wconf 92' lang='lat' dir='ltr'>in</span> <span class='ocrx_word' id='word_1_270' title='bbox 566 4303 706 4375; x_wconf 89' lang='lat' dir='ltr'>ipsorum</span> <span class='ocrx_word' id='word_1_271' title='bbox 730 4303 846 4360; x_wconf 84' lang='lat' dir='ltr'>civium</span> <span class='ocrx_word' id='word_1_272' title='bbox 879 4309 1055 4360; x_wconf 90' lang='lat' dir='ltr'>nostrorum</span> <span class='ocrx_word' id='word_1_273' title='bbox 1088 4301 1164 4376; x_wconf 89' lang='lat' dir='ltr'>juris</span> <span class='ocrx_word' id='word_1_274' title='bbox 1195 4318 1290 4375; x_wconf 86' lang='lat' dir='ltr'>grave</span> <span class='ocrx_word' id='word_1_275' title='bbox 1314 4301 1518 4374; x_wconf 90' lang='lat' dir='ltr'>preiudicium</span> <span class='ocrx_word' id='word_1_276' title='bbox 1544 4307 1573 4357; x_wconf 92' lang='lat' dir='ltr'>et</span> 
     </span>
     <span class='ocr_line' id='line_1_35' title="bbox 307 4406 1572 4481; baseline 0 -17"><span class='ocrx_word' id='word_1_277' title='bbox 307 4407 495 4480; x_wconf 87' lang='lat' dir='ltr'>derogamen</span> <span class='ocrx_word' id='word_1_278' title='bbox 527 4423 562 4464; x_wconf 89' lang='lat' dir='ltr'>ac</span> <span class='ocrx_word' id='word_1_279' title='bbox 596 4408 768 4481; x_wconf 90' lang='lat' dir='ltr'>dampnum</span> <span class='ocrx_word' id='word_1_280' title='bbox 801 4411 874 4466; x_wconf 91' lang='lat' dir='ltr'>satis</span> <span class='ocrx_word' id='word_1_281' title='bbox 908 4410 1021 4480; x_wconf 83' lang='lat' dir='ltr'>ingens.</span> <span class='ocrx_word' id='word_1_282' title='bbox 1055 4410 1089 4465; x_wconf 94' lang='lat' dir='ltr'>ln</span> <span class='ocrx_word' id='word_1_283' title='bbox 1120 4408 1205 4465; x_wconf 92' lang='lat' dir='ltr'>cuius</span> <span class='ocrx_word' id='word_1_284' title='bbox 1237 4406 1469 4481; x_wconf 88' lang='lat' dir='ltr'>protestacionis</span> <span class='ocrx_word' id='word_1_285' title='bbox 1490 4407 1572 4464; x_wconf 91' lang='lat' dir='ltr'>testi·</span> 
     </span>
     <span class='ocr_line' id='line_1_36' title="bbox 308 4512 1572 4588; baseline -0.002 -18"><span class='ocrx_word' id='word_1_286' title='bbox 308 4515 448 4570; x_wconf 90' lang='lat' dir='ltr'>monium</span> <span class='ocrx_word' id='word_1_287' title='bbox 481 4519 638 4588; x_wconf 86' lang='lat' dir='ltr'>presentes</span> <span class='ocrx_word' id='word_1_288' title='bbox 675 4515 795 4570; x_wconf 88' lang='lat' dir='ltr'>litteras</span> <span class='ocrx_word' id='word_1_289' title='bbox 830 4521 949 4572; x_wconf 87' lang='lat' dir='ltr'>nostras</span> <span class='ocrx_word' id='word_1_290' title='bbox 984 4520 1123 4587; x_wconf 87' lang='lat' dir='ltr'>patentes</span> <span class='ocrx_word' id='word_1_291' title='bbox 1158 4512 1273 4570; x_wconf 88' lang='lat' dir='ltr'>eisdem</span> <span class='ocrx_word' id='word_1_292' title='bbox 1305 4512 1425 4569; x_wconf 89' lang='lat' dir='ltr'>civibus</span> <span class='ocrx_word' id='word_1_293' title='bbox 1459 4513 1572 4569; x_wconf 90' lang='lat' dir='ltr'>nostris</span> 
     </span>
     <span class='ocr_line' id='line_1_37' title="bbox 308 4616 1571 4692; baseline -0.003 -15"><span class='ocrx_word' id='word_1_294' title='bbox 308 4619 454 4678; x_wconf 82' lang='lat' dir='ltr'>duximus</span> <span class='ocrx_word' id='word_1_295' title='bbox 478 4621 698 4679; x_wconf 89' lang='lat' dir='ltr'>concedendas.</span> <span class='ocrx_word' id='word_1_296' title='bbox 724 4622 838 4678; x_wconf 88' lang='lat' dir='ltr'>Datum</span> <span class='ocrx_word' id='word_1_297' title='bbox 863 4621 947 4678; x_wconf 90' lang='lat' dir='ltr'>Bude</span> <span class='ocrx_word' id='word_1_298' title='bbox 980 4620 1057 4678; x_wconf 83' lang='lat' dir='ltr'>seria</span> <span class='ocrx_word' id='word_1_299' title='bbox 1080 4620 1174 4677; x_wconf 89' lang='lat' dir='ltr'>tercia</span> <span class='ocrx_word' id='word_1_300' title='bbox 1198 4619 1341 4692; x_wconf 87' lang='lat' dir='ltr'>proxima</span> <span class='ocrx_word' id='word_1_301' title='bbox 1365 4623 1434 4674; x_wconf 90' lang='lat' dir='ltr'>ante</span> <span class='ocrx_word' id='word_1_302' title='bbox 1458 4616 1571 4674; x_wconf 87' lang='lat' dir='ltr'>festum</span> 
     </span>
     <span class='ocr_line' id='line_1_38' title="bbox 306 4723 1572 4800; baseline -0.003 -17"><span class='ocrx_word' id='word_1_303' title='bbox 306 4727 506 4784; x_wconf 87' lang='lat' dir='ltr'>sacratissimi</span> <span class='ocrx_word' id='word_1_304' title='bbox 537 4727 676 4800; x_wconf 89' lang='lat' dir='ltr'>corporis</span> <span class='ocrx_word' id='word_1_305' title='bbox 700 4725 823 4784; x_wconf 86' lang='lat' dir='ltr'>Christi.</span> <span class='ocrx_word' id='word_1_306' title='bbox 848 4729 937 4784; x_wconf 85' lang='lat' dir='ltr'>Anno</span> <span class='ocrx_word' id='word_1_307' title='bbox 961 4725 1099 4784; x_wconf 91' lang='lat' dir='ltr'>eiusdem</span> <span class='ocrx_word' id='word_1_308' title='bbox 1133 4725 1304 4782; x_wconf 90' lang='lat' dir='ltr'>millesimo</span> <span class='ocrx_word' id='word_1_309' title='bbox 1336 4723 1572 4796; x_wconf 81' lang='lat' dir='ltr'>quadringente-</span> 
     </span>
     <span class='ocr_line' id='line_1_39' title="bbox 307 4833 809 4907; baseline 0 -17"><span class='ocrx_word' id='word_1_310' title='bbox 307 4833 386 4890; x_wconf 89' lang='lat' dir='ltr'>simo</span> <span class='ocrx_word' id='word_1_311' title='bbox 410 4833 667 4907; x_wconf 88' lang='lat' dir='ltr'>quinquagesimo</span> <span class='ocrx_word' id='word_1_312' title='bbox 691 4837 809 4890; x_wconf 89' lang='lat' dir='ltr'>octavo.</span> 
     </span>
    </p>
   </div>
   <div class='ocr_carea' id='block_1_10' title="bbox 309 4947 1571 5086">
    <p class='ocr_par' dir='ltr' id='par_1_10' title="bbox 309 4947 1571 5086">
     <span class='ocr_line' id='line_1_40' title="bbox 414 4947 1571 5014; baseline -0.005 -14"><span class='ocrx_word' id='word_1_313' title='bbox 414 4951 547 5014; x_wconf 85' lang='lat' dir='ltr'>Originale</span> <span class='ocrx_word' id='word_1_314' title='bbox 567 4951 594 4999; x_wconf 88' lang='lat' dir='ltr'>in</span> <span class='ocrx_word' id='word_1_315' title='bbox 613 4951 712 5001; x_wconf 84' lang='lat' dir='ltr'>charta.</span> <span class='ocrx_word' id='word_1_316' title='bbox 731 4953 762 4998; x_wconf 92' lang='lat' dir='ltr'>ln</span> <span class='ocrx_word' id='word_1_317' title='bbox 783 4952 896 5013; x_wconf 79' lang='lat' dir='ltr'>margine</span> <span class='ocrx_word' id='word_1_318' title='bbox 915 4951 1031 5000; x_wconf 81' lang='grc'><strong>1111011011</strong></span> <span class='ocrx_word' id='word_1_319' title='bbox 1049 4953 1202 5014; x_wconf 87' lang='lat' dir='ltr'>impressum</span> <span class='ocrx_word' id='word_1_320' title='bbox 1215 4957 1252 4997; x_wconf 87' lang='lat' dir='ltr'>est</span> <span class='ocrx_word' id='word_1_321' title='bbox 1267 4949 1388 5012; x_wconf 87' lang='lat' dir='ltr'>sigillum.</span> <span class='ocrx_word' id='word_1_322' title='bbox 1407 4949 1439 4996; x_wconf 88' lang='lat' dir='ltr'>In</span> <span class='ocrx_word' id='word_1_323' title='bbox 1457 4947 1571 4996; x_wconf 83' lang='lat' dir='ltr'>archivio</span> 
     </span>
     <span class='ocr_line' id='line_1_41' title="bbox 309 5021 716 5086; baseline -0.002 -16"><span class='ocrx_word' id='word_1_324' title='bbox 309 5021 363 5072; x_wconf 94' lang='lat' dir='ltr'>lib..</span> <span class='ocrx_word' id='word_1_325' title='bbox 384 5037 436 5086; x_wconf 86' lang='lat' dir='ltr'>reg.</span> <span class='ocrx_word' id='word_1_326' title='bbox 456 5023 524 5074; x_wconf 87' lang='lat' dir='ltr'>civit.</span> <span class='ocrx_word' id='word_1_327' title='bbox 544 5022 716 5086; x_wconf 83' lang='lat' dir='ltr'>zagrabiensis</span> 
     </span>
    </p>
   </div>
   <div class='ocr_carea' id='block_1_11' title="bbox 0 0 1970 5806">
    <p class='ocr_par' dir='ltr' id='par_1_11' title="bbox 0 0 1970 5806">
     <span class='ocr_line' id='line_1_42' title="bbox 0 0 1970 5806; baseline 0 0"><span class='ocrx_word' id='word_1_328' title='bbox 0 0 1970 5806; x_wconf 95' lang='lat' dir='ltr'> </span> 
     </span>
    </p>
   </div>
  </div>
 </body>
</html>
