3828 5822
389 561 451 636 ³64
814 562 888 619 Duc.
913 573 982 637 295.
1006 597 1047 606 -
1072 565 1237 641 An.1475.

387 792 607 866 procedemus,
637 793 763 852 alterius
795 795 893 868 partis
916 797 1060 854 absencia
1090 813 1143 854 seu
1176 799 1368 856 contumacia
1400 799 1430 858 in
1461 801 1566 875 aliquo
1589 817 1651 861 non

386 900 542 970 obsianie;
566 904 596 956 et
626 899 751 957 tandem
784 904 886 958 vestre
909 901 1088 969 huiusmodi
1112 903 1269 962 ciracionis
1292 910 1322 962 et
1345 906 1578 966 certificacionis
1604 925 1650 966 se·

386 1005 464 1063 riem
488 1021 558 1062 curn
589 1005 721 1063 termino
752 1007 916 1079 assignato,
939 1015 968 1064 et
989 1010 1184 1081 presentibus
1209 1010 1241 1067 in
1262 1012 1366 1085 specie
1388 1011 1534 1084 remissis,
1558 1014 1649 1072 nobis

386 1112 610 1170 conscienciose
643 1113 830 1171 rescribatis.
872 1113 989 1170 Datum
1026 1115 1176 1188 Zagrabie
1218 1116 1267 1174 die
1302 1116 1443 1191 Saturni,
1486 1119 1650 1178 undecima

386 1219 501 1277 mensis
524 1219 640 1276 marcii.
665 1220 755 1277 Anno
776 1218 894 1278 domini
908 1221 1076 1278 millesimo
1101 1222 1406 1296 quadringentesimo
1427 1219 1509 1282 LXX
1533 1226 1649 1299 quinto.

387 1319 434 1404 u.
466 1315 509 1402 si

491 1431 633 1488 Matheus
656 1430 799 1504 Gregorii
823 1432 861 1490 de
884 1439 990 1490 sancto
1014 1432 1150 1506 Georgio
1173 1435 1310 1492 notarius
1333 1435 1366 1492 in
1389 1437 1559 1510 premissis.

492 1543 587 1603 (Tener
612 1541 796 1606 executionis).
833 1539 898 1611 Ego
921 1538 1102 1596 Benedictus
1126 1539 1278 1612 plebanus
1301 1541 1449 1600 Omnium
1473 1549 1648 1602 sanctorum

385 1642 443 1703 feci
466 1647 647 1705 mandatum
665 1663 692 1706 v.
717 1664 744 1704 v.
769 1648 856 1706 iuxta
879 1651 1058 1703 contentum
1082 1650 1256 1703 vestrarum
1280 1647 1464 1704 litterarum.
1536 1689 1538 1692 -

491 1754 556 1826 Ego
587 1752 739 1826 Georgius
770 1753 923 1828 plebanus
954 1751 1081 1808 ecclesie
1104 1752 1201 1809 sancii
1225 1753 1349 1810 Martini
1371 1759 1401 1810 et
1424 1755 1556 1813 Mathias
1579 1754 1645 1829 ple·

389 1859 487 1916 banus
511 1859 645 1918 civitatis
667 1861 781 1918 montis
812 1859 972 1918 Grecensis
1003 1857 1080 1915 feria
1103 1858 1209 1930 quinta
1233 1864 1304 1931 post
1328 1857 1441 1917 festum
1465 1861 1548 1919 beati
1570 1860 1647 1919 Gre-

385 1965 464 2036 gorii
487 1980 568 2038 pape
592 1966 756 2024 citavimus
778 1965 972 2040 supradictos
993 1965 1025 2023 in
1048 1964 1159 2022 litteris
1182 1965 1293 2022 vestris
1316 1965 1401 2023 iuxta
1425 1951 1647 2025 continenciam

386 2070 562 2130 litterarum
585 2077 688 2130 vestre
712 2073 911 2146 paternitatis.
931 2073 933 2077 ’

505 2181 538 2242 (A
556 2183 645 2245 tergo).
694 2179 848 2238 Dominus
882 2175 977 2253 judex
1011 2176 1226 2249 intrascriptus
1260 2177 1293 2235 in
1326 2179 1476 2236 tribunali
1510 2178 1549 2236 ad
1579 2177 1646 2255 jura

384 2282 542 2342 reddenda
576 2283 713 2342 decrevit
748 2284 787 2342 ad
818 2283 1049 2357 quindecimum
1082 2281 1165 2340 diem
1196 2283 1318 2342 exsolvi
1350 2291 1484 2357 quatuor
1514 2284 1647 2344 florenos

384 2389 519 2448 dominis
539 2389 655 2448 decano
678 2395 708 2449 et
722 2389 936 2465 prebendariis
952 2388 1205 2460 zagrabiensibus
1228 2404 1286 2463 per
1308 2389 1495 2464 Gregorium
1518 2390 1646 2450 fratrem

386 2494 504 2556 domini
533 2497 659 2556 Martini
689 2497 816 2572 plebani
848 2496 887 2554 de
917 2494 1030 2554 Bakva
1063 2495 1226 2568 expositis,
1259 2511 1336 2569 quos
1368 2496 1452 2556 idem
1475 2496 1644 2571 Gregorius

386 2600 485 2660 fassus
515 2607 562 2662 est
591 2619 624 2661 se
654 2604 869 2677 obligaturum
899 2601 1017 2660 eisdem
1041 2599 1175 2659 dominis
1197 2602 1421 2675 prebendariis.
1450 2603 1646 2662 Presentibus

384 2708 502 2766 ibidem
524 2711 755 2768 venerabilibus
779 2709 911 2767 dominis
935 2707 1155 2766 Bartholomeo
1178 2712 1309 2782 cantore,
1326 2709 1476 2768 Michaele
1491 2709 1647 2783 Rayinicz,

383 2814 520 2874 Fabiano
551 2815 589 2874 de
612 2815 751 2888 Zernche,
783 2815 935 2874 canonicis
958 2813 1086 2872 ecclesie
1115 2814 1332 2888 zagrabiensis,
1356 2816 1487 2874 testibus
1516 2815 1556 2874 ad
1586 2818 1646 2875 hoc

383 2921 559 2994 specialiter
581 2922 706 2994 rogatis.

488 3028 566 3085 Item
596 3028 690 3086 XXII.
723 3027 772 3085 die
803 3027 916 3088 mensis
947 3026 1056 3101 aprilis
1086 3025 1230 3084 dominus
1261 3027 1475 3087 locumtenens
1499 3029 1644 3102 decrevit,

384 3137 418 3190 ut
449 3133 497 3191 illi
528 3138 692 3192 causemur
722 3149 794 3191 curn
825 3132 940 3190 decano
975 3131 1256 3206 prebendariorum
1286 3133 1325 3192 ad
1357 3133 1467 3193 feriam
1501 3143 1644 3210 quartam

384 3239 526 3312 proxime
557 3244 729 3311 venturam,
761 3238 800 3296 de
822 3242 941 3314 septem
965 3238 1088 3296 florenis
1111 3241 1179 3297 auri
1200 3247 1435 3314 componantur,
1459 3241 1537 3300 alias
1560 3241 1644 3300 idem

385 3342 528 3402 dominus
558 3345 771 3403 locumtenens
794 3349 846 3402 aut
869 3359 906 3403 eo
936 3346 1062 3404 absente
1091 3347 1233 3420 superior
1263 3347 1379 3405 eisdem
1402 3347 1582 3422 providebit
1605 3347 1643 3406 de

384 3450 525 3509 ulteriori
547 3449 623 3526 juris
646 3450 786 3509 remedio
818 3457 1004 3525 opportuno.
1034 3453 1232 3510 Presentibus
1262 3453 1419 3526 magistris
1442 3453 1579 3512 Fabiano
1603 3453 1643 3512 de

382 3556 521 3628 Zemcbe,
545 3557 621 3630 Elye
645 3557 683 3615 de
708 3559 843 3632 Achnya,
868 3559 1028 3617 canonicis.

486 3710 620 3775 Originale
637 3712 665 3760 in
683 3712 778 3764 charta.
799 3713 822 3762 A
846 3719 918 3776 tergo
930 3712 1067 3776 vestigium
1080 3711 1198 3775 impressi
1211 3711 1300 3774 sigilii.
1320 3713 1353 3760 In
1365 3712 1461 3765 archiv.
1474 3712 1565 3765 honor.
1585 3713 1644 3766 coll.

380 3799 525 3852 Praebend.
542 3800 643 3864 zagrab.

973 3977 1056 4044 295.

485 4119 566 4168 Anno
587 4130 662 4184 1475,
686 4131 724 4185 15.
743 4119 812 4168 maii.
834 4103 999 4182 Galrtomjae.

385 4245 606 4321 christophorus
635 4247 834 4321 Hockburger,
863 4247 1030 4321 capitaneus
1051 4246 1175 4306 civetates
1197 4247 1299 4304 montis
1328 4243 1489 4318 Greccnsis,
1511 4247 1636 4321 capitulo

445 4353 633 4428 zagrabiensi
652 4353 780 4423 mandat,
803 4372 839 4412 ne
861 4353 935 4412 cives
957 4371 977 4410 a
1000 4352 1176 4412 dsedves'r‘ak
1200 4355 1265 4410 rivo
1287 4351 1391 4412 utendo
1413 4353 1575 4427 impediant.

484 4507 684 4567 Venerabiles
708 4508 776 4580 viri,
799 4507 917 4566 domini
939 4499 1128 4566 honorandi!
1151 4501 1304 4565 Venerunt
1327 4505 1367 4564 ad
1388 4523 1444 4565 nos
1460 4508 1543 4566 cives
1566 4507 1641 4566 civi-

377 4613 448 4671 tatis
471 4613 678 4687 zagrabiensis
710 4614 742 4672 in
773 4614 868 4672 modo
898 4614 1002 4686 gravis
1034 4612 1169 4686 querele,
1201 4611 1359 4685 quomodo
1383 4629 1479 4686 aquas
1501 4614 1578 4688 ipsis
1600 4613 1641 4671 ab

376 4721 504 4795 antiquo
527 4725 679 4796 spectatas
702 4719 832 4778 violenti
854 4734 948 4778 manu
972 4719 1172 4793 occupandis,
1205 4715 1288 4790 quod
1319 4726 1426 4777 nostra
1458 4719 1640 4778 credulitate

376 4825 415 4884 de
438 4828 529 4885 vobis
552 4841 613 4886 non
636 4824 801 4884 fuissemus
825 4826 1001 4900 spectaturi,
1030 4839 1100 4884 cum
1132 4829 1163 4882 et
1192 4823 1254 4881 alia
1286 4823 1443 4898 colloquia
1473 4826 1641 4884 habuimus

375 4933 480 5005 simul,
503 4933 534 4992 in
557 4932 671 5006 quibus
692 4932 767 4991 talia
790 4933 918 4991 minime
940 4931 1066 4990 inerunt
1087 4935 1274 5004 perpetrata,
1305 4931 1396 4990 sicuti
1426 4931 1553 4990 domino
1581 4932 1641 4991 Ge·

375 5041 464 5113 orgio
495 5039 533 5098 de
567 5037 671 5115 Bexin,
708 5039 784 5098 bene
817 5045 927 5104 notum
960 5044 1014 5111 est,
1050 5036 1135 5111 quod
1167 5035 1257 5094 nulla
1279 5037 1422 5112 parcium
1444 5039 1536 5098 alteri
1557 5039 1640 5113 parti
