3804 5858
653 559 726 618 Doc.
744 572 823 637 349.
846 593 889 603 -
912 560 968 618 An.
993 555 1089 638 1488.
1434 562 1495 635 467

231 776 316 836 beati
337 776 419 849 regis
442 774 590 850 Stephani
614 780 645 835 et
660 773 866 834 dedicacionis
881 775 973 834 huius
989 774 1073 832 alme
1088 774 1223 844 ecclesie
1240 775 1317 833 item
1332 774 1371 832 ad
1387 774 1502 834 festum

234 881 382 940 Omnium
406 886 584 940 sanctorum
608 881 700 940 etad
724 880 800 940 festa
830 881 1001 939 nativitatis
1031 880 1147 939 Christi
1178 886 1210 947 et
1240 880 1505 954 Epiphaniarum;

234 987 321 1059 alias,
344 988 399 1061 qui
421 1001 483 1045 non
506 985 631 1046 fuerunt
653 987 807 1060 legittime
828 987 974 1059 excusati,
997 986 1113 1061 privati
1135 986 1196 1044 sint
1218 987 1423 1059 proventibus
1447 987 1500 1046 be·

234 1092 416 1151 nefieiorum
451 1107 586 1166 suorum,
621 1109 682 1167 que
712 1107 771 1167 pro
806 1098 879 1151 tunc
910 1092 1000 1150 solita
1036 1097 1107 1150 sunt
1131 1090 1351 1164 administrari,
1375 1092 1500 1162 tociens,

235 1199 390 1272 quociens,
413 1199 473 1257 nisi
496 1198 753 1257 reverendissima
776 1199 945 1272 paternitas
968 1212 1023 1255 sua
1039 1213 1110 1256 cum
1126 1196 1243 1270 aliquo,
1260 1203 1313 1256 aut
1328 1198 1502 1272 capitulum

234 1319 382 1377 generose
402 1303 602 1379 dispensabit,
619 1309 746 1378 pensata
762 1310 865 1362 tamen
881 1304 1004 1362 racione
1020 1317 1112 1361 cause
1127 1307 1158 1361 et
1174 1303 1347 1376 quantitate
1359 1318 1500 1378 persone.

339 1411 405 1468 Hee
428 1424 486 1482 ego
510 1409 658 1482 Andreas,
682 1411 801 1471 arcium
825 1415 855 1468 et
885 1409 1082 1468 decretorum
1113 1407 1231 1480 doctor,
1263 1409 1499 1468 archidiaconus

234 1515 425 1574 kathedralis
449 1521 479 1573 et
501 1517 665 1574 canonicus
690 1515 809 1589 prefate
832 1515 962 1574 ecclesie
984 1514 1193 1588 zagrabiensis
1218 1515 1328 1590 scripsi
1351 1531 1390 1574 ex
1414 1531 1500 1574 man·

234 1621 308 1680 dato
343 1622 422 1680 mihi
457 1622 664 1697 personaliter
697 1620 779 1680 facto
815 1620 926 1696 prefati
961 1619 1213 1692 reverendissimi
1249 1620 1368 1680 domini
1401 1623 1500 1680 nostri

233 1728 451 1801 zagrabiensis.

338 1863 419 1913 Liber
436 1863 532 1913 rubeus
549 1879 608 1918 ren,
627 1862 735 1930 capituli
753 1861 816 1913 eccl.
835 1861 1016 1926 zagrabiensis.
1036 1863 1068 1912 In
1085 1863 1200 1914 archivio
1219 1861 1279 1915 incl.
1298 1863 1384 1918 Acad.
1403 1863 1499 1916 Scient.

233 1952 331 2006 Slavor.
350 1953 440 2003 merid.
1329 1951 1331 1956 '

821 2148 910 2215 349.

336 2289 417 2342 Anno
439 2291 513 2355 1488,
534 2301 557 2356 5.
574 2291 657 2355 Junii.
677 2290 803 2340 Viennae.

230 2436 375 2507 Matln'ar,
397 2435 575 2509 Hungan'ae
596 2441 644 2492 etc.
667 2452 730 2504 rex,
753 2433 951 2492 communitati
970 2433 1099 2492 civitatis
1118 2435 1222 2492 ntonn's
1251 2433 1497 2511 Grecensisprae·

229 2543 305 2617 cipit,
334 2549 368 2600 ut
403 2541 490 2600 Galli
517 2535 649 2598 Kudelil
672 2541 800 2614 infamia
830 2541 860 2597 in
882 2541 1009 2598 civitatis
1031 2540 1138 2598 tabulis
1159 2541 1338 2614 conregnaret,
1360 2542 1497 2603 deleatur.

335 2687 467 2745 Mathias
493 2685 544 2744 dei
567 2685 673 2759 gracia
696 2686 864 2758 Hungarie,
888 2685 1035 2744 Bohemie
1057 2690 1111 2744 etc.
1135 2701 1198 2758 rex,
1223 2684 1348 2760 duxque
1364 2689 1496 2747 Austrie.

229 2791 389 2850 Fidelibus
410 2792 524 2850 nostris
547 2791 788 2865 circumspectis,
811 2789 908 2866 judici
923 2795 954 2850 et
975 2788 1085 2866 juratis
1109 2791 1230 2850 civibus
1245 2792 1380 2851 civitatis
1394 2799 1497 2853 nostre

229 2898 342 2956 montis
376 2897 546 2970 Grecensis,
580 2897 715 2956 salutem
750 2902 781 2954 et
811 2897 957 2970 graciam.
994 2897 1178 2971 Expositum
1202 2898 1302 2956 extitit
1323 2899 1415 2958 nobis
1438 2914 1496 2974 pro

228 3008 317 3079 parte
339 3007 369 3061 et
399 3003 431 3062 in
461 3019 595 3078 persona
625 3003 728 3062 fidelis
758 3003 857 3062 nostri
881 3003 1097 3078 circumspecti
1120 3001 1206 3063 Galli
1228 3003 1402 3078 Kudelycb,
1426 3019 1496 3064 con·

228 3109 305 3167 civis
328 3109 432 3181 vestri,
460 3109 544 3183 quod
568 3110 641 3168 licet
665 3109 714 3168 his
736 3109 951 3184 superioribus
974 3109 1061 3167 annis
1084 3124 1142 3183 per
1164 3109 1242 3167 alias
1264 3115 1393 3182 nostras,
1424 3117 1496 3171 tunc

227 3213 323 3291 judici
357 3220 387 3273 et
421 3211 531 3290 ju'ratis
565 3215 688 3274 civibus
721 3214 863 3274 eiusdem
898 3215 1033 3274 civitatis
1069 3219 1173 3274 nostre
1196 3216 1310 3274 montis
1333 3215 1495 3276 Grecensis

228 3321 492 3393 mandaverimus,
514 3326 549 3379 ut
572 3320 729 3395 quandam
753 3320 924 3394 infamiam,
941 3337 1001 3395 que
1016 3325 1121 3380 contra
1145 3322 1295 3380 honorem
1312 3321 1385 3381 dicti
1401 3339 1496 3398 expo·

227 3428 327 3486 nentis
359 3430 489 3502 propter
524 3427 682 3502 quandam
715 3427 820 3486 levem
850 3442 976 3486 causam
1005 3428 1037 3486 in
1060 3427 1228 3500 registrum
1252 3427 1333 3487 dicte
1360 3429 1494 3490 civitatis

227 3539 331 3593 nostre
354 3534 489 3608 ascripta
512 3533 629 3606 fuisset
662 3551 701 3592 ex
731 3533 841 3593 eodem
874 3535 1007 3608 registro
1041 3533 1169 3592 abolere
1198 3533 1361 3606 deberent;
1391 3540 1494 3595 tamen

230 3641 274 3698 uti
298 3657 337 3698 ex
359 3639 587 3713 significacione
610 3639 749 3699 eiusdem
772 3641 954 3715 exponentis
977 3639 1190 3712 intelligimus,
1212 3637 1340 3699 infamia
1356 3640 1493 3699 eiusdem

227 3745 367 3804 nondum
391 3761 429 3804 ex
452 3745 561 3804 eodem
586 3748 717 3820 registro
741 3747 867 3805 aboleta
889 3751 977 3818 esset,
1000 3745 1234 3821 propterquod
1258 3747 1357 3805 eciam
1377 3748 1409 3806 in
1423 3763 1494 3822 pre-

230 3853 400 3910 sentiarum
423 3852 639 3926 circumspecti
661 3852 844 3910 Valentinus
867 3857 954 3910 sutor
977 3857 1007 3910 et
1029 3853 1128 3910 Lucas
1150 3851 1327 3926 Rybarych,
1350 3854 1494 3913 similiter

227 3957 370 4015 concives
393 3957 498 4032 vestri,
513 3958 618 4032 ipsum
642 3963 848 4033 exponentem
872 3963 1015 4032 pretextu
1038 3957 1120 4016 dicte
1142 3957 1269 4017 infamie
1284 3958 1493 4020 diversimode

233 4063 428 4137 impedirent,
451 4063 649 4123 diffamarent
672 4069 702 4122 et
725 4069 876 4122 tortorem
899 4065 1103 4136 nominarent,
1120 4069 1260 4139 preterea
1276 4063 1378 4123 eidem
1394 4065 1493 4125 eciam

230 4169 330 4228 minas
353 4170 463 4227 mortis
486 4169 682 4244 imponerent
705 4171 737 4228 in
758 4169 966 4244 preiudicium
981 4169 1121 4228 eiusdem
1138 4171 1319 4244 exponentis
1336 4175 1365 4228 et
1381 4165 1492 4245 oppre

226 4276 345 4334 sionem
380 4289 442 4333 non
472 4274 677 4347 mediocrem;
709 4276 782 4351 quia
805 4291 881 4335 vero
904 4290 960 4334 nos
983 4291 1182 4351 nequaquam
1205 4277 1366 4350 paciemur
1388 4276 1492 4350 ipsum

228 4386 434 4454 exponentem
457 4380 561 4438 taliter
584 4382 731 4455 opprimi,
755 4381 941 4440 mandamus
972 4382 1087 4440 idcirco
1116 4381 1260 4440 fidelitati
1290 4387 1393 4440 vestre
1423 4399 1492 4457 pre·

225 4486 364 4544 sencium
398 4487 477 4544 serie
511 4486 713 4556 strictissime,
749 4495 900 4560 quatenus
931 4489 1036 4546 statim
1059 4493 1089 4545 et
1111 4487 1143 4546 in
1166 4489 1333 4547 continenti
1357 4489 1491 4564 acceptis

225 4593 428 4666 presentibus,
451 4592 593 4650 ulteriori
628 4592 775 4650 mandato
809 4599 917 4651 nostro
951 4593 1120 4668 superinde
1153 4594 1283 4652 minime
1319 4601 1490 4669 expectato,

224 4697 404 4756 huiusmodi
427 4696 597 4770 infamiam,
621 4698 717 4758 modo
731 4700 883 4774 premisso
907 4699 946 4757 ad
971 4699 1147 4774 predictum
1170 4701 1339 4773 registrum
1362 4701 1492 4776 inserip-

225 4808 303 4876 tam,
325 4803 391 4861 sine
425 4803 567 4862 ulteriori
597 4803 750 4863 dilacione
781 4812 810 4864 et
834 4805 946 4879 quovis
975 4806 1034 4864 sub
1065 4807 1185 4880 quesito
1207 4806 1312 4864 colore
1334 4804 1439 4866 delere
1461 4809 1492 4865 et

223 4908 350 4967 abolere
374 4913 403 4966 et
426 4909 552 4983 insuper
582 4911 698 4968 vocatis
729 4925 835 4968 coram
867 4911 958 4970 vobis
980 4915 1045 4970 tam
1068 4911 1151 4970 dicto
1182 4916 1363 4986 exponente,
1395 4927 1490 4987 quam

224 5015 322 5074 eciam
346 5013 476 5089 prefatis
499 5015 667 5075 Valentino
689 5021 795 5076 sutore
816 5023 846 5076 et
869 5017 952 5075 Luca
974 5018 1143 5092 Rybarych
1165 5017 1361 5092 adversariis,
1373 5019 1491 5080 scilicet

1367 5119 1385 5159 a
