3828 5822
745 466 819 524 Dm.
836 479 908 542 311.
927 479 999 541 312.
1025 498 1065 508 -
1088 464 1146 524 An.
1171 459 1261 543 1478.

954 780 1030 846 311.

482 930 555 976 Anno
577 924 651 987 1478,
673 935 712 987 17.
732 921 863 974 februarii.
882 920 1030 984 Zagrabiae.

378 1047 527 1108 Stamtum
550 1049 584 1107 dc
606 1049 733 1106 domibus
755 1049 784 1105 in
808 1049 879 1118 uico,
910 1065 990 1122 quem
1021 991 1178 1120 cassitulum
1209 1053 1303 1119 nuper
1331 1047 1466 1104 concessit
1494 1046 1537 1104 ad
1559 1045 1640 1106 habi-

700 1155 828 1225 tandum,
843 1161 903 1228 per
923 1149 1099 1227 capitulares
1121 1152 1315 1216 aedificandos.

482 1301 572 1358 Anno
596 1298 716 1357 domini
738 1295 962 1356 MCCCCLXX
984 1302 1103 1368 octavo,
1127 1295 1205 1355 feria
1229 1296 1324 1354 tercia
1347 1301 1419 1370 post
1449 1295 1639 1354 dominicam

376 1405 593 1476 Reminiscere,
624 1403 664 1462 ad
695 1420 806 1462 sonum
838 1404 965 1462 maioris
996 1418 1156 1476 campane,
1189 1403 1306 1460 domini
1331 1402 1545 1476 capitulariter
1568 1417 1639 1460 con·

375 1511 504 1586 gregati,
541 1509 766 1582 concluserunt,
798 1507 882 1584 quod
907 1508 1048 1583 quilibet
1073 1507 1275 1567 dominorum
1296 1513 1350 1566 aut
1373 1523 1429 1582 per
1451 1524 1485 1566 se
1508 1513 1562 1566 aut
1584 1522 1641 1580 per

377 1616 504 1674 colonos
527 1615 628 1690 predii
651 1617 699 1674 sui
721 1611 866 1691 disponat
889 1612 1002 1672 do'mus
1025 1614 1103 1672 duas
1133 1622 1164 1673 et
1193 1613 1367 1688 pretorium
1398 1619 1578 1688 competens
1608 1613 1641 1672 in

376 1723 448 1780 loco
467 1721 528 1784 sibi
551 1721 699 1796 deputato
722 1723 755 1780 in
777 1722 846 1780 vico
876 1722 1000 1780 noviter
1029 1735 1086 1794 per
1117 1720 1290 1795 capitulum
1321 1733 1380 1794 pro
1410 1717 1640 1778 habitatoribus

377 1827 535 1902 deputato,
560 1833 590 1886 et
612 1828 672 1886 hoc
694 1843 792 1901 usque
815 1826 855 1884 ad
879 1826 993 1885 festum
1016 1827 1100 1885 beati
1130 1825 1256 1884 Martini
1286 1825 1430 1899 proxime
1459 1824 1638 1884 affuturum.

376 1933 458 1992 Pena
480 1947 543 1992 non
564 1933 720 1999 facientis:
744 1934 886 2008 privetur
909 1933 1019 2007 predio
1041 1947 1098 1992 suo
1130 1938 1159 1990 et
1190 1933 1395 2006 proventibus
1425 1931 1496 1990 testi
1527 1931 1637 1989 nativi·

376 2040 449 2098 tatis
470 2040 605 2099 Domini.
628 2040 755 2099 Robora
777 2045 881 2097 autem
904 2039 1083 2098 huiusmodi
1106 2037 1272 2098 domorum
1295 2038 1491 2097 succidantur
1505 2039 1536 2096 in
1552 2037 1639 2096 silvis

377 2146 594 2204 communibus
616 2145 814 2218 ubicumque.

481 2279 561 2330 Liber
578 2279 673 2329 rubeus
689 2295 747 2332 ven.
766 2279 843 2345 Capit
870 2279 970 2344 cagrab.
996 2279 1029 2328 In
1047 2278 1143 2331 archiv.
1161 2277 1222 2332 incl.
1241 2279 1326 2332 Acad.
1345 2278 1441 2332 Scient.
1460 2278 1530 2329 Slar.
1550 2275 1641 2332 merid.

969 2508 1047 2574 312.

482 2651 563 2700 Anno
583 2650 658 2714 1478,
678 2662 721 2714 23.
739 2649 838 2715 aprilis.
855 2649 953 2700 Eudae.

377 2779 521 2850 Mattius,
544 2777 721 2851 Hungorr'ae
743 2785 790 2838 etc.
814 2795 877 2847 rex,
901 2777 1043 2835 Lamrlao
1064 2776 1099 2834 de
1124 2777 1294 2852 Egmwaro
1323 2779 1451 2850 mandat,
1481 2787 1516 2838 ut
1542 2797 1640 2850 causa,

376 2887 534 2962 quaejam
563 2881 674 2943 dudum
704 2885 806 2958 agr'lur
834 2885 911 2942 inter
938 2885 1167 2943 communitatem
1198 2883 1326 2944 civitates
1358 2892 1387 2943 et
1406 2887 1571 2960 capimlum,
1595 2882 1643 2945 ad

855 2992 948 3066 finem
963 2991 1154 3065 perducam.

482 3135 614 3194 Mathias
649 3133 698 3192 dei
732 3134 837 3207 gracia
867 3150 924 3192 rex
954 3133 1123 3208 Hungarie,
1156 3133 1303 3194 Bohemie
1325 3142 1380 3194 etc.
1403 3135 1504 3195 Fideli
1533 3140 1639 3196 nostro

376 3242 542 3316 magnifico
574 3239 720 3299 Ladislao
750 3239 789 3298 de
822 3240 996 3313 Egerwara‚
1027 3255 1195 3312 regnorum
1226 3246 1404 3300 nostrorum
1425 3243 1588 3302 Dalmacie
1610 3247 1641 3301 et

377 3349 505 3407 Croacie
528 3363 564 3405 ac
587 3347 685 3405 tocius
708 3345 872 3404 Sclauonie
895 3346 985 3418 bano,
1008 3346 1142 3404 salutem
1170 3353 1200 3404 et
1223 3347 1367 3420 graciam.
1398 3348 1508 3408 Plures
1537 3349 1640 3424 queri·

376 3456 480 3514 monle
502 3470 559 3529 per
582 3453 692 3512 fideles
721 3459 842 3512 nostros
873 3453 1073 3512 honorabiles
1104 3453 1247 3512 dominos
1276 3453 1315 3513 de
1345 3455 1482 3529 capitulo
1512 3456 1640 3514 ecclesie

376 3561 583 3635 zagrabiensis
606 3574 642 3617 ac
665 3560 905 3634 circumspectos
927 3557 1062 3634 judicem
1086 3562 1116 3618 et
1137 3558 1263 3634 juratos,
1287 3565 1465 3635 ceterosque
1485 3563 1568 3620 cives
1598 3563 1639 3620 ci·

382 3669 486 3727 vitatis
508 3671 613 3725 nostre
636 3665 750 3724 montis
774 3665 934 3724 Grecensis
958 3671 1063 3723 contra
1088 3681 1154 3724 sese
1176 3666 1208 3724 in
1230 3665 1362 3725 diversis
1379 3667 1517 3726 articulis
1533 3683 1639 3727 coram

376 3775 536 3832 maiestate
558 3777 664 3831 nostra
687 3773 847 3846 proposite
869 3775 949 3845 sunt,
970 3772 1001 3829 in
1025 3772 1139 3845 quibus
1162 3787 1219 3845 per
1240 3777 1406 3847 utramque
1429 3781 1550 3848 partem
1566 3791 1640 3849 sup·

376 3881 552 3955 plicabatur
577 3895 634 3953 per
663 3885 803 3937 nostram
836 3878 1029 3935 maiestatem
1061 3877 1210 3936 iudicium
1233 3883 1263 3936 et
1285 3879 1438 3937 iusticiam
1461 3881 1639 3942 ministrari.

376 3986 454 4044 Cum
476 3991 581 4044 autem
603 3999 660 4042 nos
682 3985 713 4042 in
737 3983 966 4058 presenciarum
990 3983 1059 4042 aliis
1083 3984 1195 4042 nostris
1217 3985 1353 4058 negociis
1377 3991 1407 4043 et
1429 3988 1518 4059 regni
1540 3989 1639 4047 nostri

376 4109 483 4152 sumus
519 4091 670 4165 occupati,
704 4089 881 4164 iudicioque
911 4089 1090 4148 huiusmodi
1124 4090 1390 4163 querimoniarum
1422 4098 1527 4166 partes
1560 4095 1640 4153 inter

375 4199 501 4258 easdem
524 4197 629 4256 debito
652 4195 746 4255 modo
770 4212 880 4254 vacare
902 4211 964 4254 non
988 4211 1163 4274 possumus,
1186 4197 1230 4255 ob
1252 4197 1312 4256 hoc
1328 4197 1444 4256 iactum
1459 4200 1639 4260 huiusmodi

375 4306 639 4382 querimoniarum
668 4303 810 4377 parcium
841 4302 1021 4361 earumdem
1052 4303 1142 4361 vobis
1166 4303 1312 4362 duximus
1335 4305 1579 4365 commitendum
1607 4313 1638 4366 et

374 4411 587 4470 commitimus
603 4425 659 4483 per
674 4417 838 4484 presentes.
852 4407 1037 4468 Mandamus
1052 4415 1218 4485 propterea
1233 4410 1376 4470 fidelitati
1401 4419 1502 4470 vestre
1525 4415 1637 4472 harum

374 4519 453 4578 serie
475 4517 619 4588 firmiter,
643 4523 792 4590 quatenus
818 4517 933 4574 habitis
956 4517 1159 4592 presentibus,
1183 4517 1295 4589 statim,
1319 4533 1413 4590 quam
1437 4519 1576 4592 primum
1598 4519 1639 4579 ad

375 4624 492 4682 dietum
516 4638 648 4696 regnum
675 4627 815 4681 nostrum
844 4622 1007 4681 Sclauonie
1030 4623 1226 4696 intraveritis,
1250 4629 1312 4682 tam
1346 4624 1474 4699 prefatis
1505 4625 1639 4686 dominis

375 4729 413 4788 de
448 4730 586 4804 capitulo
620 4746 716 4804 quam
748 4729 837 4787 dictis
868 4729 989 4787 civibus
1024 4731 1145 4802 nostris,
1178 4730 1273 4789 vestri
1296 4731 1328 4789 in
1351 4733 1546 4806 presenciam
1568 4749 1640 4792 con·

373 4837 508 4910 vocatis,
541 4836 717 4910 auditisque
752 4834 933 4894 eorumdem
971 4835 1241 4910 proposicionibus
1276 4843 1383 4896 contra
1414 4853 1497 4908 sese,
1531 4845 1562 4897 et
1591 4855 1640 4897 re·

373 4943 495 5018 sponsis
525 4944 604 5002 inter
627 4933 752 5001 eosde'm
778 4943 809 5000 in
840 4940 921 5000 sacto
945 4941 1208 5014 querimoniarum
1242 4947 1335 5016 atque
1359 4945 1639 5003 controversiarum
