3828 5822
591 567 665 629 Dec.
689 561 763 624 268.
786 559 860 641 269.
883 599 926 608 -
949 567 1005 624 An.
1028 578 1118 646 1471.

812 881 897 949 268.

325 1027 407 1076 Anno
427 1037 503 1092 1471,
523 1037 547 1078 2.
564 1024 684 1091 januarii.
701 1024 799 1076 Budne.

325 1154 508 1228 Capitulum
531 1154 671 1228 queritur
694 1153 828 1212 Mathiae
847 1153 923 1226 regi,
947 1151 1032 1228 quod
1054 1151 1087 1210 in
1110 1152 1251 1226 ipsorum
1273 1155 1304 1210 et
1333 1153 1487 1227 praeben·

224 1260 384 1320 dariorum
415 1259 561 1318 domibus
590 1265 621 1318 et
651 1259 744 1318 curiis
773 1274 810 1317 ac
834 1259 923 1317 bonis
946 1257 1180 1332 capitularibus,
1204 1273 1261 1332 per
1284 1259 1485 1333 saepissimos

221 1366 385 1425 descensus
408 1365 608 1438 exercituum,
626 1380 756 1438 magnae
778 1365 984 1423 desolationes
1007 1361 1105 1422 factae
1121 1365 1198 1435 sint;
1220 1379 1277 1422 rex
1292 1365 1397 1438 itaque
1413 1381 1486 1439 pro·

221 1473 309 1531 hibet
339 1471 428 1530 banis
461 1477 490 1530 et
521 1471 690 1545 capitaneis
719 1471 816 1544 regni,
848 1474 883 1528 ut
914 1451 1010 1528 etiarn
1040 1470 1073 1527 in
1092 1470 1341 1544 possessionibus
1364 1472 1487 1530 canoni·

221 1593 329 1637 corum
353 1585 384 1636 et
406 1577 704 1652 praebendariorum
727 1583 834 1636 contra
856 1575 1053 1634 voluntatem
1075 1590 1185 1634 eorum
1216 1591 1288 1633 curn
1320 1577 1488 1638 comitibus

223 1683 409 1743 descendere
431 1683 572 1744 audeant.

328 1818 436 1883 Georgii
453 1818 624 1870 Marcelorid:
643 1819 769 1884 Regestn,
787 1823 817 1868 ut
835 1833 921 1885 supra.

816 2047 906 2113 269.

328 2187 410 2236 Anno
430 2197 506 2251 1471,
526 2197 569 2252 25.
587 2186 680 2239 martii.
699 2171 863 2252 Caktornjae.

154 2293 156 2296 Ι
230 2313 336 2373 Coram
359 2315 474 2372 notario
490 2313 607 2388 publico
629 2313 728 2372 delecti
748 2313 870 2387 capituli
888 2312 1084 2388 ragrabr‘ensis
1099 2314 1261 2388 posttrlant,
1283 2321 1318 2372 ut
1329 2324 1397 2392 713.
1408 2315 1490 2392 flor„

224 2437 296 2496 quos
329 2419 496 2478 Fridm'crrr
527 2418 707 2494 Lamberger
737 2419 861 2496 legavit,
890 2419 1020 2478 ecclesiae
1052 2419 1216 2478 cathedrali
1245 2437 1333 2494 quam
1362 2422 1491 2496 pn'rrrum

774 2525 940 2584 tradantur.

296 2721 297 2725 ,
329 2670 511 2730 innomine
535 2670 661 2730 domini.
684 2663 794 2730 Arnen
820 2671 908 2730 Anno
932 2670 1070 2730 eiusdem
1089 2671 1259 2731 millesimo
1282 2673 1489 2749 quadringen-

224 2776 336 2836 tesimo
364 2779 595 2850 septuagesimo
625 2777 737 2852 primo,
764 2777 937 2838 indiccione
967 2784 1085 2852 quarta,
1110 2777 1160 2838 die
1190 2793 1265 2838 vero
1287 2769 1371 2852 lunej·
1400 2780 1489 2854 rige·

224 2883 304 2942 sima
326 2883 434 2958 quinta
457 2884 572 2942 mensis
595 2884 712 2955 marcii,
735 2884 813 2942 hora
833 2882 1018 2942 duodecima
1034 2884 1084 2943 vel
1103 2885 1201 2959 quasi,
1217 2885 1249 2944 in
1264 2892 1365 2944 castro
1381 2885 1491 2946 Cstha·

225 2988 358 3048 kenturn
389 2989 448 3046 sub
471 2993 572 3060 turre,
605 2989 754 3048 dioecesis
783 2990 1008 3063 zagrabiensis,
1038 2989 1238 3065 pontificatus
1271 2997 1376 3049 autern
1404 3007 1491 3052 sanc·

225 3094 337 3153 tissimi
359 3094 392 3152 in
414 3093 540 3152 Christo
564 3095 661 3168 patris
685 3109 721 3152 ac
744 3093 863 3154 domini
878 3095 984 3166 nostri,
1008 3095 1129 3153 domini
1151 3093 1239 3166 sixti,
1263 3096 1368 3156 divina
1385 3099 1490 3172 provi·

227 3199 336 3258 dencia
358 3215 440 3274 pape
463 3200 575 3272 quarti,
591 3214 671 3258 anno
687 3199 753 3258 eius
769 3199 881 3274 primo,
899 3200 930 3258 in
946 3201 1008 3258 mel
1023 3200 1136 3258 notarii
1151 3200 1281 3274 publici,
1304 3203 1493 3277 testiumque

226 3303 496 3378 infrascriptorum
520 3306 679 3380 presencia
709 3306 866 3364 constituti
898 3306 1102 3380 personaliter
1124 3307 1319 3365 venerabiles
1342 3308 1411 3381 viri,
1438 3308 1493 3367 do·

151 3389 154 3395 Δ
227 3410 320 3469 mini:
350 3409 589 3468 Bartholomeus
613 3416 727 3482 cantor,
751 3409 969 3484 sigismundus
998 3411 1139 3485 Topnaw
1161 3411 1193 3469 in
1216 3411 1337 3470 Varosd
1361 3419 1390 3471 et
1412 3415 1499 3474 Mars

229 3515 312 3574 tinus
335 3514 374 3573 de
389 3515 507 3574 Waska
529 3516 738 3576 archidiaconi
755 3521 785 3574 et
800 3516 940 3576 canonici
954 3516 1082 3575 ecclesie
1103 3517 1320 3589 zagrabiensis,
1343 3519 1490 3579 omnibus

227 3620 413 3680 melioribus
436 3621 540 3690 modo,
564 3622 624 3694 via,
648 3621 759 3694 forma,
780 3619 849 3698 jure
871 3627 902 3680 et
924 3637 1024 3693 causa,
1049 3622 1164 3695 quibus
1186 3621 1218 3681 id
1242 3623 1354 3682 melius
1375 3631 1405 3683 et
1421 3625 1487 3685 eili-

227 3727 329 3785 cacius
360 3726 534 3786 debuerunt
563 3733 593 3785 et
624 3733 799 3801 potuerunt,
822 3728 1052 3802 requisiverunt
1085 3743 1142 3802 per
1173 3729 1278 3787 omnia
1300 3729 1333 3788 in
1355 3745 1489 3804 persona

228 3832 358 3906 capituli
371 3832 500 3890 ecclesie
511 3833 718 3905 zagrabiensis
730 3833 852 3892 nobiles
862 3833 947 3892 viros
958 3833 1109 3906 Vlricum,
1122 3833 1317 3893 Fledericum
1334 3841 1363 3894 et
1376 3835 1495 3911 Caspar

227 3938 437 4010 Lamberger,
468 3937 579 3996 fratres
602 3937 735 3996 condam
757 3938 914 3997 Frederici
938 3939 1143 4012 lamberger,
1175 3944 1337 4013 tamquam
1372 3942 1496 4024 dispen-

228 4047 345 4102 satores
374 4043 441 4102 sive
470 4048 628 4102 curatores
659 4045 774 4116 uxoris,
796 4043 1010 4118 heredumque
1043 4058 1171 4102 suorum
1202 4059 1239 4102 ac
1261 4047 1415 4106 bonorum
1439 4065 1497 4123 per

228 4149 334 4224 ipsum
357 4148 556 4208 Fredericum
579 4149 770 4220 relictorum,
794 4154 944 4224 quatenus
967 4150 1177 4224 septingentos
1198 4150 1347 4210 tredecim
1363 4152 1495 4212 florenos

229 4255 297 4312 auri
326 4255 408 4328 puri,
440 4252 514 4331 justi
544 4260 575 4313 et
604 4255 680 4313 boni
710 4255 866 4329 ponderis.
897 4255 936 4314 de
965 4256 1059 4314 rebus
1082 4262 1112 4314 et
1135 4257 1224 4314 bonis
1247 4272 1304 4330 per
1326 4257 1496 4318 Henricum

230 4359 362 4418 condam
392 4359 575 4420 Eutresdorf
602 4362 634 4420 in
664 4362 776 4420 ultima
799 4377 855 4420 sua
877 4363 1038 4420 voluntate
1060 4362 1099 4420 ad
1123 4361 1275 4420 fabricam
1297 4363 1426 4422 ecclesie
1449 4379 1495 4422 za·

229 4466 401 4538 grabiensis
431 4466 571 4541 predicte
602 4467 721 4540 legatos
749 4473 780 4525 et
809 4468 1066 4526 testamentaliter
1096 4468 1273 4540 ordinatos,
1304 4484 1383 4542 quos
1412 4469 1497 4528 idem

230 4571 361 4630 condam
378 4571 554 4630 Fridericus
570 4565 786 4652 (Lamberger)
809 4589 842 4630 se
865 4575 1029 4632 tenebatur
1052 4573 1138 4632 dicte·
1154 4575 1283 4633 ecclesie
1306 4574 1499 4648 zagrabiensi

231 4677 413 4736 exolverent
428 4694 464 4736 ac
480 4677 518 4735 de
534 4674 916 4738 eisdem'satisfaccionem
931 4679 1148 4753 impenderent
1159 4695 1218 4754 pro
1231 4681 1328 4754 ipsius
1342 4681 1498 4738 testatoris

230 4783 333 4841 anime
348 4784 490 4843 salutem.
511 4783 702 4858 Quiquidem
722 4785 855 4857 Vlricus,
870 4784 1051 4844 Fledericus
1065 4801 1101 4843 ae
1116 4785 1235 4860 Caspar
1250 4786 1443 4858 Lamberger
1457 4785 1498 4844 ad

232 4889 472 4962 requisitionem
495 4889 676 4952 huiusmodi
698 4889 812 4949 tactam
835 4890 1078 4965 responderunt,
1107 4890 1190 4965 quod
1210 4891 1374 4965 pecuniam
1396 4892 1500 4978 inexe-

230 4999 336 5052 cutam
361 5037 492 5054 .....
516 4996 673 5071 predictos
696 4997 907 5070 septingentos
930 4996 1078 5055 tredecim
1102 4996 1234 5056 florenos
1259 4998 1327 5056 auri
1342 4997 1499 5072 assignare
