3804 5858
660 621 732 684 Duc.
749 633 826 701 347.
851 659 893 668 —
911 576 974 683 ¹ein.
998 621 1091 704 1487.
1435 642 1495 705 451

231 839 391 896 Michaelis
414 839 545 913 palatini
567 841 760 914 presenciam
783 839 925 912 legitime
947 845 1112 898 evocatum
1132 840 1201 898 tore
1216 842 1418 914 comperisset
1434 857 1499 900 ma·

229 943 347 1003 niteste.
370 945 420 1003 Ad
444 961 523 1019 quas
540 944 667 1019 quidem
690 951 816 1003 octavas
840 943 910 1002 festi
933 945 1018 1004 beati
1034 945 1195 1002 Michaelis
1210 947 1388 1018 archangeli
1405 962 1499 1005 anno·

230 1043 330 1108 tatu'm
354 1051 529 1125 capitutum
550 1051 680 1110 ecclesie
702 1051 910 1123 zagrabiensis
930 1065 987 1124 per
1016 1056 1198 1109 annotatum
1228 1051 1413 1123 magistrum
1433 1052 1500 1136 'Jo-

236 1149 371 1214 hannem
397 1157 546 1229 Posegay,
572 1155 757 1214 directorem
782 1154 945 1214 causarum
968 1154 1044 1213 dicti
1074 1155 1193 1214 domini
1222 1157 1319 1213 nostri
1346 1157 1438 1229 regis,
1468 1157 1500 1216 in

232 1277 365 1336 persona
388 1262 527 1320 eiusdem
550 1263 695 1334 congruis
719 1261 829 1320 diebus
852 1262 993 1336 ipsarum
1016 1267 1198 1320 octavarum
1222 1277 1329 1319 coram
1353 1262 1422 1335 ipso
1445 1262 1499 1320 do·

230 1369 316 1425 mino
340 1361 492 1425 Michaele
516 1368 655 1442 palatino
678 1367 820 1440 legitime
842 1373 1049 1440 expectatum,
1073 1369 1242 1441 premissas
1265 1368 1385 1426 litteras
1400 1374 1431 1426 et
1446 1369 1498 1427 lit·

227 1475 340 1532 teraria
363 1489 420 1530 sua
443 1473 647 1532 instrumenta
670 1473 895 1544 exhibiturum,
919 1488 954 1530 ac
978 1473 1017 1531 de
1040 1473 1123 1531 dicto
1146 1472 1262 1555 judicio
1292 1474 1397 1533 trium.
1415 1489 1497 1532 mar·

228 1595 336 1636 carum
360 1577 461 1636 eidem
486 1578 614 1636 domino
637 1579 782 1636 Michaeli
805 1579 945 1653 palatino
968 1585 998 1638 et
1021 1579 1105 1653 parti
1120 1579 1251 1638 adverse
1266 1579 1498 1638 satisfacturum

226 1686 258 1743 in
282 1685 469 1760 presentiam
500 1684 640 1743 eiusdem
671 1684 791 1743 domini
819 1686 979 1743 Michaelis
1003 1685 1133 1760 palatini
1156 1701 1220 1744 non
1240 1693 1366 1744 venerat
1390 1701 1498 1760 neque

227 1792 364 1864 miserat,
393 1806 426 1850 se
449 1787 660 1850 mediantibus
689 1791 761 1849 aliis
784 1791 896 1850 litteris
920 1792 1059 1850 eiusdem
1082 1793 1216 1851 condam
1239 1791 1358 1850 domini
1381 1792 1497 1851 Micha-

226 1897 283 1955 elis
306 1897 437 1970 palatini
466 1895 668 1974 judicialibus
699 1896 812 1955 exinde
846 1897 993 1964 contectis
1025 1912 1083 1972 pro
1114 1913 1170 1956 sua
1199 1913 1262 1957 non
1284 1899 1440 1956 venientia
1462 1899 1496 1957 in

225 2000 341 2078 judicio
363 2009 511 2061 consveto
533 2007 566 2060 et
586 2017 644 2076 pro
666 2018 729 2062 non
752 2003 911 2062 solucione
934 2003 1009 2062 dicti
1030 2001 1140 2080 judicii
1161 2005 1193 2062 in
1217 2003 1340 2078 dupplo
1355 2003 1496 2062 eiusdem

226 2109 392 2182 aggravari
425 2110 638 2183 permittente,
673 2109 837 2183 postulans
872 2109 1011 2184 prefatus
1045 2115 1231 2184 procurator
1265 2109 1341 2168 dicti
1375 2109 1495 2168 domini

225 2216 325 2273 nostri
346 2216 438 2288 regis,
461 2215 583 2288 actoris,
606 2214 709 2274 eidem
731 2231 770 2274 ex
792 2223 882 2290 parte
904 2217 1069 2275 memorati
1091 2217 1123 2274 ih
1145 2231 1272 2274 causam
1288 2217 1412 2274 attracti
1438 2232 1495 2290 per

227 2321 361 2392 eundem
385 2321 549 2381 dominum
571 2323 756 2380 Michaelem
779 2324 955 2397 palatinum
985 2324 1018 2382 in
1040 2324 1201 2397 premissis
1222 2321 1300 2399 juris
1323 2323 1493 2396 equitatem

224 2429 387 2504 impertiri.
421 2428 459 2486 Et
489 2429 563 2502 quia
592 2427 679 2487 idem
710 2429 893 2504 capitulum,
916 2429 948 2488 in
970 2445 1097 2488 causam
1127 2435 1302 2500 attractum,
1323 2427 1426 2486 adhuc
1449 2427 1490 2486 ad

225 2531 378 2609 preinissa
401 2535 434 2592 in
456 2534 557 2592 tribus
580 2533 657 2592 toris
679 2535 998 2610 comprovincialibus
1024 2535 1214 2610 proclamari
1238 2533 1397 2606 debuerat,
1431 2549 1492 2609 pro

224 2655 262 2698 eo
294 2640 378 2698 idem
413 2639 559 2699 dominus
592 2641 726 2700 Michael
762 2641 919 2716 palatinus
954 2642 1128 2701 amiciciam
1162 2641 1329 2716 prescripti
1363 2641 1494 2715 capituli

225 2747 355 2805 ecclesie
385 2747 574 2806 chasmensis
607 2749 792 2807 litteratorie
821 2750 953 2822 petierat
975 2748 1149 2822 diligenter,
1173 2754 1325 2822 quatenus
1347 2747 1493 2822 ipsorum

228 2853 365 2911 mitteret
387 2853 547 2912 hominem
570 2869 628 2928 pro
652 2855 828 2912 testimonio
850 2853 1053 2928 fidedignum,
1070 2870 1133 2928 quo
1149 2860 1291 2928 presente
1307 2853 1402 2912 homo
1418 2869 1492 2913 suus

223 2959 414 3033 palatinalis,
437 2958 733 3032 infradeclarandus,
757 2967 968 3018 memoratum
999 2960 1172 3034 capitulum
1194 2959 1323 3018 ecclesie
1352 2960 1493 3032 zagrabi-

222 3067 303 3124 ensis
326 3065 514 3140 prescriptae
539 3065 659 3124 litteras
683 3071 713 3123 et
736 3066 887 3124 litteralia
907 3081 964 3124 sua
979 3067 1183 3125 instrumenta
1199 3065 1425 3132 exhibiturum,
1440 3080 1496 3124 ac-

222 3173 261 3230 de
281 3171 405 3248 judiciis
424 3187 538 3230 novem
561 3187 737 3230 marcarum
761 3172 823 3246 ipsi
853 3172 980 3230 domino
1011 3171 1156 3230 Michaeli
1179 3170 1317 3245 palatino
1352 3177 1382 3228 et
1412 3168 1496 3244 parti

221 3279 353 3337 adverse
365 3277 594 3336 satisfacturum
619 3285 725 3336 contra
748 3283 931 3336 annotatum
954 3277 1116 3336 dominum
1139 3283 1282 3334 nostrum
1304 3291 1420 3349 regern,
1443 3292 1493 3335 ac·

222 3389 331 3454 torem,
355 3383 394 3442 ad
418 3389 544 3442 octavas
567 3382 639 3442 festi
665 3385 749 3443 beati
765 3383 892 3458 Georgii
915 3367 1051 3442 martiris
1074 3389 1149 3441 tunc
1170 3387 1316 3440 venturas
1339 3383 1373 3442 in
1393 3383 1494 3442 tribus

222 3489 299 3548 ioris
324 3489 642 3564 comprovincialibus
664 3491 792 3566 publice
815 3495 846 3548 et
868 3489 1031 3548 manifeste
1054 3503 1144 3546 suam
1157 3488 1360 3564 palatinalem
1377 3487 1491 3547 faceret

223 3597 413 3670 proclamari
436 3597 468 3654 in
488 3597 690 3670 presenciam,
707 3597 864 3658 insinuans
887 3595 1006 3654 ibidem
1030 3593 1141 3666 eidem,
1164 3599 1199 3652 ut
1223 3595 1250 3652 si
1272 3594 1400 3666 veniret,
1424 3610 1494 3668 pre-

223 3702 416 3775 scriptasque
439 3701 558 3759 litteras
581 3709 611 3760 et
634 3702 784 3760 litteralia
806 3716 861 3762 sua
884 3702 1088 3759 instrumenta
1111 3700 1280 3771 exhiberet,
1296 3714 1334 3758 ac
1348 3699 1387 3757 de
1403 3698 1493 3758 dictis

225 3805 349 3882 judiciis
372 3806 495 3880 pretato
518 3807 645 3866 domino
669 3808 812 3866 Michaeli
836 3807 975 3882 palatino
999 3813 1029 3864 et
1051 3807 1134 3880 parti
1149 3804 1279 3863 adverse
1294 3805 1493 3877 satisfaceret,

226 3914 305 3971 bene
328 3913 465 3987 quidem,
481 3913 621 3987 alioquin
642 3929 703 3972 non
725 3915 867 3972 obstante
890 3913 988 3986 ipsius
1011 3913 1153 3972 absencia
1168 3917 1199 3970 et
1213 3911 1395 3984 rebellione,
1409 3911 1493 3969 idem

227 4019 372 4078 dominus
396 4019 530 4078 Michael
552 4020 709 4093 palatinus
732 4020 828 4078 finem
850 4019 1009 4077 decisurus
1032 4025 1063 4076 et
1079 4017 1245 4078 indilatum
1261 4017 1377 4076 faceret
1399 4031 1493 4076 causa

225 4125 257 4183 in
279 4125 433 4198 premissa
465 4131 560 4199 prout
589 4125 719 4184 dictaret
751 4125 829 4184 ordo
859 4123 945 4200 juris,
968 4131 999 4183 et
1022 4129 1094 4198 post
1115 4124 1173 4182 hec
1196 4121 1374 4184 huiusmodi
1398 4123 1492 4181 trine·

226 4227 355 4288 forensis
385 4231 645 4304 proclamacionis
676 4232 789 4289 seriem
818 4247 890 4288 curn
926 4231 1051 4288 nomine
1082 4229 1269 4304 proclamati
1304 4234 1429 4288 octavas
1452 4227 1493 4286 ad

225 4336 388 4410 predictas,
411 4343 445 4394 ut
467 4336 556 4395 fieret
579 4336 755 4411 expediens,
772 4336 910 4411 sepefato
933 4337 1061 4394 domino
1085 4335 1230 4394 Michaeli
1251 4335 1392 4410 palatino
1414 4335 1491 4394 ami-

225 4442 367 4500 cabiliter
389 4443 573 4500 rescriberet
588 4443 762 4516 capitulum
778 4444 957 4501 chasmense
972 4447 1179 4517 prenotatum.
1203 4443 1231 4498 A
1247 4439 1491 4514 quibusquidem

225 4548 344 4605 octavis
367 4546 438 4605 festi
460 4547 543 4606 beati
565 4546 692 4620 Georgii
716 4549 852 4606 martiris
875 4550 1028 4622 premissa
1060 4547 1304 4606 instrumentalis
1335 4546 1490 4605 exhibicio

224 4657 328 4725 partes
349 4654 429 4710 inter
452 4652 577 4710 easdem
599 4654 738 4711 seriebus
762 4654 938 4712 litterarum
968 4653 1083 4728 prefati
1105 4653 1225 4710 domini
1254 4652 1413 4710 Michaelis
1436 4667 1491 4726 pa·

224 4757 313 4816 latini
334 4759 624 4831 prorogatoriarum
648 4758 857 4818 diversimode
881 4759 1052 4830 ventillata‚
1083 4765 1209 4816 octavas
1232 4757 1305 4817 festi
1327 4759 1410 4816 beati
1434 4759 1491 4816 Mi·

225 4863 343 4921 chaelis
365 4865 545 4937 archangeli
568 4865 599 4922 in
621 4879 701 4923 anno
725 4865 845 4924 domini
866 4866 1036 4924 millesimo
1059 4864 1362 4938 quadringentesimo
1386 4869 1490 4922 octua-

223 4963 343 5042 gesimo
382 4971 477 5028 tercio
506 4971 649 5044 preteriti
679 4971 852 5031 celebratas
886 4973 1017 5031 dilative
1049 4973 1215 5045 attigisset;
1246 4971 1323 5046 ipsis
1358 4970 1491 5044 denique

223 5076 341 5133 octavis
361 5073 547 5136 instantibus
570 5075 711 5150 prefatus
732 5078 880 5152 magister
910 5079 1066 5162 Johannes
1096 5077 1235 5151 Posegay
1265 5091 1324 5152 pro
1354 5074 1509 5138 antefato,

1385 5177 1403 5216 it
