3828 5822
389 445 452 508 390
815 430 888 486 Duc.
906 442 975 504 309
1009 461 1045 470 -
1073 430 1129 486 An.
1152 423 1244 506 1478.

387 658 495 704 eorum
519 644 618 703 altero
649 645 816 702 solucionis
839 643 994 702 ordinarie
1017 643 1155 717 amplius
1185 643 1388 717 requiremus,
1420 645 1474 703 sed
1496 659 1549 704 eos
1569 659 1652 704 corn·

386 753 504 810 morari
529 749 568 808 ad
591 744 742 808 ho'norem
766 749 816 808 dei
838 755 868 808 et
885 749 968 806 beati
983 749 1065 821 regis
1089 747 1237 822 Stephani
1260 749 1291 807 in
1315 765 1370 807 sua
1393 750 1538 809 libertate
1553 751 1652 810 libere

387 857 613 933 permittemus
647 856 815 928 Postremo,
846 857 918 929 quia
950 855 1107 928 propositi
1137 855 1235 913 nostri
1265 860 1311 914 est
1343 856 1441 914 eciam
1466 856 1545 914 alios
1566 857 1652 915 vicos

389 972 421 1022 et
444 965 564 1038 plateas
586 964 618 1020 in
642 961 763 1036 prefata
793 977 864 1020 area
893 967 1000 1019 nostra
1031 977 1069 1019 ex
1100 962 1198 1020 causis
1221 967 1251 1020 et
1281 962 1459 1022 racionibus
1489 963 1652 1038 prelibatis

387 1085 448 1144 pro
481 1069 622 1144 plurium
656 1067 816 1142 hospitum
846 1071 876 1124 et
907 1067 1151 1126 inhabitatorum
1173 1083 1231 1125 usu
1263 1069 1435 1126 successive
1458 1073 1651 1142 sequestrare

386 1182 417 1235 et
440 1175 600 1250 deputare,
622 1189 726 1248 quare,
742 1179 776 1231 ut
792 1173 866 1231 dum
880 1179 1092 1247 etepostqua'm
1109 1173 1141 1232 id
1165 1174 1281 1232 tociens
1303 1175 1449 1248 quociens
1472 1179 1651 1249 temporum

385 1283 417 1340 in
441 1297 587 1356 processu
611 1281 782 1354 fecerimus,
816 1286 949 1340 extunc
983 1281 1069 1338 vicos
1093 1283 1122 1338 et
1151 1281 1270 1355 plateas
1292 1279 1470 1340 huiusmodi
1492 1297 1565 1338 cum
1587 1281 1650 1338 suis

384 1388 561 1462 hospitibus
584 1391 614 1446 et
637 1387 897 1447 inhabitatoribus
920 1386 1051 1460 singulis
1074 1392 1105 1444 et
1128 1387 1281 1444 universis
1314 1387 1475 1462 premissis
1506 1386 1651 1446 omnibus

384 1493 591 1569 prerogativis
614 1499 645 1552 et
677 1494 874 1552 libertatibus
897 1493 960 1552 frui
983 1499 1013 1552 et
1036 1493 1172 1566 gaudere
1193 1492 1340 1550 volumus
1364 1507 1427 1566 quo
1450 1492 1490 1550 ad
1512 1492 1649 1567 plenum,

384 1599 586 1672 adiungentes
609 1614 661 1658 eos
684 1615 722 1657 ex
745 1616 826 1658 nunc
850 1605 938 1658 etex
961 1607 1034 1658 tunc
1055 1599 1233 1673 hospitibus
1256 1604 1286 1658 et
1309 1595 1571 1657 inhabitatoribus
1600 1613 1650 1656 su·

384 1704 534 1780 pradictis
557 1711 587 1763 et
610 1706 795 1764 subicientes
817 1705 943 1764 eosdem
965 1705 1060 1781 judici
1083 1721 1136 1764 seu
1160 1703 1307 1784 judicatui
1322 1710 1502 1764 memorato.
1519 1705 1554 1762 ln
1575 1717 1650 1778 quo·

386 1827 457 1869 rurn
486 1811 628 1870 omniurn
658 1811 764 1877 fidem.
798 1813 896 1870 robur
919 1817 949 1870 et
972 1812 1183 1871 testimonium
1207 1812 1432 1886 premissorum
1456 1810 1649 1884 presentibus

383 1917 524 1990 sigillum
554 1923 695 1976 nostrum
727 1917 874 1976 duximus
905 1917 1154 1992 appendendum.
1186 1917 1303 1976 Datum
1334 1915 1470 1975 secundo
1505 1915 1554 1974 die
1578 1914 1649 1973 festi

383 2023 623 2082 circumcisionis
645 2023 779 2081 Domini.
802 2025 893 2082 Anno
909 2023 1048 2082 eiusdem
1066 2025 1235 2082 millesimo
1259 2022 1564 2096 quadringentesimo
1579 2037 1648 2095 sep·

383 2129 555 2202 tuagesimo
578 2135 696 2188 octavo.
709 2121 726 2153 ⁴*

453 2281 467 2348 ‚f
488 2228 623 2349 Origignale
640 2229 668 2278 in
686 2230 840 2288 membrana,
861 2229 976 2295 sigillum
994 2231 1067 2280 deest
1094 2231 1126 2280 In
1145 2231 1214 2282 arch.
1234 2246 1292 2282 ven.
1310 2231 1386 2296 capit.
1405 2189 1506 2294 aagrab.
1521 2229 1579 2279 Act.
1591 2244 1647 2294 cap.

383 2307 435 2352 ant.
465 2315 514 2351 asc.
538 2313 547 2348 1
571 2315 633 2352 .nr.
655 2312 696 2364 73.

488 2424 599 2472 *Anno
635 2435 709 2489 1573,
738 2423 802 2472 feria
828 2430 899 2472 sexta
928 2425 1044 2488 proxima
1069 2431 1127 2490 post
1146 2431 1249 2475 octavas
1268 2426 1330 2475 festi
1350 2425 1516 2475 sacratissimi
1534 2425 1649 2490 corporis

384 2493 483 2563 Christi
501 2513 542 2562 his
561 2511 724 2562 libertatibus
743 2519 880 2575 sequentes
899 2513 1059 2563 conditiones
1078 2530 1094 2564 a
1112 2514 1226 2579 capitulo
1244 2515 1347 2564 additae
1369 2521 1445 2564 sunt:
1463 2515 1559 2574 Primo,
1577 2511 1648 2577 quod

383 2617 429 2668 pro
449 2602 566 2651 custodia
592 2601 698 2650 firmiori
724 2601 752 2650 in
770 2601 886 2650 inferiori
911 2607 985 2666 porta
1003 2601 1154 2652 munitionis
1173 2609 1275 2653 nostrae
1297 2619 1371 2653 areae
1390 2602 1539 2668 capitularis
1558 2615 1646 2651 versus

383 2679 488 2740 fluvium
506 2691 694 2740 Meduednicza
712 2690 867 2739 transeundo
886 2690 951 2739 duos
971 2692 1106 2755 portarios,
1125 2691 1153 2742 in
1177 2693 1304 2758 superiori
1327 2699 1413 2741 autern
1437 2706 1526 2741 versus
1544 2692 1647 2740 Novam

381 2777 470 2828 villam
488 2785 602 2828 nostram
621 2778 783 2827 ascendendo
802 2793 889 2838 unum,
909 2794 974 2842 quos
992 2795 1039 2829 nos
1058 2781 1109 2845 ipsi
1127 2779 1268 2844 eligemus;
1288 2787 1365 2846 prout
1383 2787 1470 2830 autem
1483 2781 1534 2846 ipsi
1545 2778 1646 2830 incolae

383 2882 440 2918 cum
459 2867 557 2917 eisdem
576 2867 794 2924 concordaverint,
814 2869 946 2917 annuatim
965 2869 1125 2934 persolvent;
1145 2877 1260 2936 tempore
1284 2875 1370 2919 auteur
1396 2885 1510 2919 summae
1536 2869 1647 2918 necessi·

381 2956 442 3006 tatis
466 2971 544 3021 penes
572 2956 643 3020 ipsos
666 2955 792 3020 portarios
811 2955 856 3006 alii
875 2957 953 3006 etiam
971 2958 1157 3008 inhabitatores
1176 2960 1260 3009 dictae
1279 2965 1380 3008 nostrae
1398 2975 1472 3008 areae
1491 2973 1537 3024 pro
1556 2957 1646 3022 vigilia

381 3050 407 3093 et
436 3044 582 3094 municione
606 3059 636 3093 ac
661 3045 743 3108 portis
768 3046 943 3094 custodiendis
970 3047 1062 3097 armati
1087 3053 1139 3096 tam
1163 3047 1195 3095 de
1220 3047 1262 3096 die
1286 3063 1363 3110 quam
1387 3047 1420 3096 de
1441 3053 1517 3096 nocte
1540 3047 1645 3106 tamdiu,

381 3131 463 3181 donec
480 3147 585 3180 necesse
603 3131 682 3182 fuerit
694 3139 720 3180 et
736 3137 839 3181 nostrae
852 3133 976 3198 placuerit
994 3134 1122 3184 voluntati
1140 3136 1230 3185 adesse
1245 3135 1384 3188 debebunt.
1404 3136 1444 3184 De
1457 3136 1646 3185 contributione

380 3227 466 3270 autem
484 3220 621 3270 solutionis
646 3221 817 3285 portariorum
842 3223 968 3272 dictorum
993 3223 1061 3273 hunc
1079 3225 1196 3275 ordinem
1214 3225 1349 3274 observare
1367 3225 1498 3275 volumus:
1517 3225 1596 3288 idque
1615 3240 1647 3272 ex

379 3324 411 3358 eo
430 3309 491 3372 quia
509 3308 607 3358 subditi
626 3309 730 3372 quidam
749 3311 830 3360 nostri
850 3311 878 3359 in
894 3312 1023 3361 territorio
1041 3311 1166 3362 ecclesiae
1192 3313 1356 3364 beatissimae
1374 3314 1482 3378 virginis
1501 3314 1600 3364 Mariae
1618 3313 1646 3362 ln

379 3413 440 3446 area
458 3403 545 3447 nostra
562 3404 589 3447 et
607 3398 750 3447 munitione
769 3399 903 3464 capitulari
921 3401 1043 3450 fundatae
1061 3403 1193 3467 degentes,
1209 3403 1358 3468 praeposito
1369 3403 1423 3452 sive
1437 3403 1548 3469 plebano
1561 3403 1645 3452 dictae

383 3485 507 3535 ecclesiae
525 3503 571 3552 pro
590 3493 706 3551 tempore
724 3488 872 3547 constituto,
886 3497 970 3539 eertos
989 3498 1130 3555 proventus
1149 3491 1273 3542 annuales
1291 3493 1400 3557 majores
1413 3499 1438 3541 et
1452 3491 1510 3557 plus
1523 3493 1551 3541 in
1563 3490 1643 3556 duplo

385 3575 523 3624 ueletiam
542 3574 620 3640 triplo
639 3575 768 3624 faciendas
789 3577 850 3626 dant
869 3593 946 3640 quam
964 3579 1010 3628 alii
1028 3581 1126 3629 subditi
1145 3587 1171 3630 et
1188 3580 1289 3630 incolae
1314 3581 1365 3632 vici
1389 3581 1470 3630 nostri
1495 3581 1643 3646 Opatouina

379 3661 489 3722 solvunt,
508 3664 671 3726 quodamodo
689 3671 714 3713 et
727 3665 754 3713 in
767 3673 898 3729 posterum
917 3667 1034 3731 singulus
1052 3685 1084 3717 ex
1102 3669 1195 3720 incolis
1213 3669 1337 3719 ecclesiae
1355 3669 1519 3718 beatissimae
1536 3669 1644 3733 virginis

378 3753 485 3816 Mariae
502 3752 620 3802 similiter
638 3759 663 3801 et
682 3753 900 3804 inhabitatoribus
919 3757 1040 3806 domuum
1057 3758 1282 3822 prebendariarum
1300 3767 1326 3808 et
1344 3757 1500 3818 altariorum,
1519 3774 1594 3818 nunc,
1614 3765 1643 3808 ut

377 3841 530 3905 premissum
549 3846 596 3897 est,
615 3839 715 3890 clericis
733 3844 878 3893 vacantium
897 3853 1014 3910 respectu
1032 3846 1229 3897 inhabitationis
1248 3848 1311 3898 dicti
1328 3849 1379 3898 vici
1392 3849 1472 3898 nostri
1485 3847 1641 3914 Opatouina,

377 3929 541 3978 medietatem
559 3929 757 3980 contributionis
777 3947 823 3996 pro
842 3933 1020 3996 persolvendis
1036 3935 1113 3985 dictis
1132 3937 1251 4002 portariis
1269 3938 1407 4001 quotannis
1421 3938 1592 3998 contribuant,
1605 3937 1642 3988 ita

377 4017 506 4076 videlicet,
531 4023 559 4066 ut
587 4019 609 4067 si
636 4017 731 4084 aliquis
758 4036 790 4068 ex
816 4022 874 4086 ipsa
898 4024 1045 4088 Opatouiua
1063 4025 1163 4076 dicatus
1181 4027 1258 4075 fuerit
1276 4027 1310 4075 ad
1327 4027 1446 4076 denarios
1464 4026 1641 4090 quadraginta,

377 4112 496 4172 respectu
514 4107 569 4156 eius
587 4107 673 4156 incola
691 4107 814 4158 ecclesiae
834 4111 924 4160 beatae
942 4113 1049 4178 virginis
1062 4115 1162 4165 Mariae
1180 4122 1206 4164 et
1218 4115 1375 4164 inhabitator
1392 4115 1483 4164 domus
1497 4115 1642 4181 prebendae

376 4194 418 4243 sel
445 4194 551 4244 altariae
579 4195 750 4256 medietatem,
778 4197 827 4247 hoc
855 4206 894 4248 est
921 4201 1040 4250 denarios
1056 4203 1156 4276 'viginti
1184 4204 1274 4262 soluat,
1302 4209 1328 4252 et
1353 4203 1390 4253 sic
1408 4219 1454 4269 per
1472 4219 1639 4268 consequeus

377 4284 505 4347 Quodque
524 4284 580 4349 ipsa
598 4285 754 4334 contributio
772 4288 890 4338 annualis
906 4289 988 4354 judici
1007 4291 1078 4340 illius
1096 4293 1157 4342 anni
1175 4293 1208 4342 ad
1227 4309 1317 4342 manus
1335 4293 1456 4352 tradatur,
1473 4293 1518 4357 qui
1530 4293 1640 4356 siugulis

375 4372 449 4420 anuis
468 4379 493 4421 et
512 4379 626 4437 tempore
645 4379 670 4422 et
689 4374 739 4433 die,
760 4389 812 4438 quo
830 4377 895 4426 alter
913 4378 1018 4443 eligitur
1037 4379 1078 4430 vel
1097 4387 1183 4430 autem
1201 4381 1271 4431 idem
1290 4381 1453 4432 confirmatur
1472 4398 1557 4432 coram
1575 4383 1640 4448 ipsis

377 4460 488 4510 subditis
507 4463 602 4512 nostris
621 4462 653 4511 de
673 4465 781 4527 pecunia
798 4466 855 4530 ipsa
873 4469 998 4517 rationem
1017 4469 1077 4518 dare
1097 4475 1219 4521 teneatur.
1241 4473 1276 4520 Et
1296 4471 1317 4520 si
1336 4471 1399 4534 quid
1419 4472 1452 4521 de
1470 4472 1527 4537 ipsa
1545 4471 1639 4522 contri·

375 4547 482 4598 butioue
501 4551 663 4614 superfuerit,
681 4552 709 4600 id
728 4553 793 4602 alter
807 4555 887 4619 judex
906 4570 951 4621 pro
969 4558 1055 4606 futura
1073 4560 1226 4608 necessitate
1245 4559 1356 4610 fideliter
1374 4567 1493 4626 exponat.
1512 4561 1639 4626 Tempore

375 4645 470 4696 autern,
498 4653 550 4702 qno
579 4640 736 4689 contributio
764 4643 821 4707 ipsa
845 4645 992 4710 imponetur
1009 4662 1088 4696 unum
1106 4647 1148 4696 vel
1167 4649 1232 4698 duos
1250 4665 1281 4698 ex
1299 4649 1421 4699 fratribus
1437 4651 1531 4699 uostris
1549 4665 1639 4699 conca·

375 4727 475 4776 nonicis
494 4727 521 4776 in
540 4727 617 4777 domo
636 4727 681 4778 ubi
700 4729 854 4794 imponetur,
873 4749 905 4782 ne
924 4734 1036 4799 cuipiam
1054 4751 1085 4784 ex
1104 4735 1320 4787 inhabitatoribus
1339 4738 1423 4788 dictae
1447 4755 1521 4788 areae
1539 4744 1564 4787 et
1584 4753 1639 4788 mu·

374 4815 480 4865 nitionis
491 4823 593 4864 nostrae
602 4815 696 4881 injuria
706 4817 837 4878 inferatur,
848 4822 938 4870 adesse
951 4823 1077 4875 volumus.
1091 4825 1222 4874 Portarios
1234 4833 1319 4875 autern
1332 4828 1403 4892 ipsos
1416 4833 1512 4876 statuto
1524 4833 1639 4892 tempore

375 4909 400 4951 et
416 4903 500 4952 solitis
514 4905 629 4954 terminis
641 4905 720 4969 judex
735 4922 792 4956 cum
804 4909 896 4974 juratis
907 4910 1052 4974 persolvere
1066 4912 1202 4964 tenebitur.
1216 4914 1278 4964 Act.
1289 4929 1344 4979 cap.
1358 4923 1410 4964 aut.
1425 4915 1487 4968 fasc.
1504 4927 1542 4980 17.
1556 4931 1593 4966 nr.
1604 4927 1637 4980 74
