3948 5804
397 597 436 656 86
827 593 903 651 Doc.
930 587 981 666 69.
1005 625 1046 634 —
1070 591 1126 649 An.
1152 604 1239 668 1433.

392 815 561 871 woltarum
593 817 623 868 et
657 809 847 868 testudinum
878 810 960 866 intra
982 808 1085 882 ipsam
1108 807 1221 865 turrim
1245 807 1345 865 causis
1369 822 1408 864 ex
1431 806 1592 881 premissis
1615 804 1660 864 fa·

391 918 499 978 cienda
522 917 733 976 inhibuissetis
756 923 786 973 et
809 931 866 972 nec
889 912 929 970 ad
952 911 1133 971 huiusmodi
1155 912 1417 971 reformacionem
1443 917 1561 970 tecture
1576 925 1660 970 ante·

393 1025 455 1083 fate
476 1025 579 1094 turris,
606 1022 872 1082 construccionem
905 1027 934 1079 et
969 1020 1201 1078 edificacionem
1224 1019 1395 1077 woltarum
1418 1024 1449 1078 et
1470 1017 1661 1076 testudinum

392 1129 604 1204 predictarum
625 1127 837 1198 admisissetiS,
860 1142 990 1200 gravem
1014 1126 1160 1184 iniuriam
1183 1125 1244 1198 ipsi
1268 1125 1406 1199 capitulo
1437 1141 1493 1200 per
1525 1125 1584 1182 hoc
1615 1124 1660 1184 in·

394 1235 529 1294 ferendo
576 1235 693 1292 Verum
730 1234 802 1308 quia
837 1233 928 1290 nobis
962 1248 1062 1306 nuper
1096 1233 1128 1288 in
1165 1231 1244 1288 urbe
1272 1231 1413 1288 Romana
1449 1229 1659 1301 existentibus,

395 1342 523 1417 quidam
547 1343 643 1398 vestri
667 1341 818 1410 concives,
843 1347 947 1398 nostre
970 1338 1162 1397 celsitudinis
1185 1337 1363 1396 accedentes
1386 1343 1595 1411 conspectum,
1620 1334 1659 1392 de

393 1449 515 1523 prefato
539 1449 677 1522 capitulo
700 1449 731 1504 in
755 1463 790 1504 eo
808 1448 1085 1520 conquerebantur,
1102 1445 1186 1518 quod
1203 1445 1287 1503 idem
1302 1445 1475 1520 capitulum
1491 1441 1660 1501 antelatam

394 1555 506 1612 turrim
543 1568 652 1611 eorum
688 1569 759 1611 cum
794 1567 851 1611 suo
885 1554 946 1610 situ
977 1557 1007 1609 et
1030 1567 1102 1609 cum
1125 1552 1190 1608 acie
1215 1557 1244 1609 et
1267 1566 1338 1608 area
1361 1549 1401 1608 ad
1424 1551 1525 1625 ipsam
1548 1548 1661 1606 turrim

396 1660 626 1733 pertinentibus
656 1675 674 1717 a
706 1658 827 1733 prefata
858 1659 982 1717 civitate
1011 1674 1068 1733 per
1099 1658 1256 1716 elevatum
1279 1663 1310 1714 et
1331 1673 1370 1714 ex
1394 1655 1552 1730 lapidibus
1575 1654 1661 1712 edifi-

396 1773 499 1822 catum
523 1780 650 1822 murum
666 1765 786 1823 vellent
801 1765 970 1838 recludere,
987 1766 1151 1823 obstruere
1167 1769 1197 1822 et
1220 1779 1372 1838 separare,
1399 1779 1516 1846 nosque
1543 1761 1661 1820 eisdem

398 1871 579 1929 concivibus
603 1873 714 1928 vestris
737 1887 794 1946 per
817 1885 1000 1944 expressum
1023 1870 1086 1928 tale
1108 1870 1310 1929 recordamur
1332 1886 1370 1927 ex
1393 1884 1447 1927 ore
1461 1873 1568 1927 nostro
1590 1883 1663 1942 pro·

396 1977 467 2050 prio
502 1985 613 2034 eotunc
647 1976 768 2035 dedisse
803 1991 1004 2050 responsum:
1039 1975 1124 2050 quod
1154 1975 1333 2033 huiusmodi
1367 1974 1600 2033 edificacionem
1631 1980 1661 2032 et

395 2083 606 2140 elevacionem
625 2077 729 2152 muri,
761 2099 817 2158 per
845 2098 939 2156 quem
970 2083 1071 2156 ipsam
1103 2082 1216 2140 turrim
1239 2097 1311 2138 cum
1333 2095 1390 2138 suo
1413 2081 1473 2139 situ
1496 2087 1526 2138 et
1549 2095 1661 2138 areaa

397 2188 518 2262 prefata
541 2190 667 2246 civitate
689 2195 794 2248 nostra
816 2194 1014 2262 separaretur
1042 2194 1071 2246 et
1095 2189 1316 2260 obstrueretur,
1340 2186 1525 2245 nullomodo
1547 2185 1660 2244 admit·

398 2303 514 2364 temus;
537 2297 569 2352 in
593 2296 720 2353 tecturis
743 2303 845 2353 tamen
868 2301 899 2353 et
920 2296 1066 2353 omnibus
1088 2294 1159 2353 aliis
1179 2293 1458 2353 reformacionibus
1481 2297 1512 2350 et
1533 2307 1662 2368 repara·

395 2401 536 2459 cionibus
556 2400 742 2473 defectuum,
766 2405 969 2475 rupturarum
993 2407 1022 2459 et
1045 2401 1206 2459 ruinarum
1229 2399 1369 2458 eiusdem
1390 2399 1484 2458 turris
1499 2399 1560 2475 ipsi
1576 2399 1660 2472 capi·

399 2508 466 2566 tulo
489 2508 615 2580 plenam
639 2507 783 2566 dedimus
805 2507 994 2580 facultatem,
1018 2513 1111 2582 prout
1133 2507 1229 2566 iidem
1263 2507 1404 2565 concives
1427 2507 1531 2579 vestri,
1555 2520 1611 2564 vos
1633 2506 1661 2565 si

395 2613 570 2684 voluerunt,
594 2611 678 2670 clare
700 2627 795 2688 super
818 2615 877 2672 hoc
901 2614 1070 2673 informare
1093 2618 1269 2688 potuerunt.
1292 2611 1366 2670 Ideo
1389 2611 1533 2672 fidelitati
1554 2617 1657 2671 vestre

365 2709 367 2714 ’
397 2719 577 2776 firmissime
599 2719 792 2793 precipimus
816 2725 846 2778 et
869 2720 995 2778 omnino
1018 2721 1158 2778 volentes
1173 2719 1367 2790 mandamus,
1380 2725 1531 2793 quatenus
1553 2718 1659 2780 habita

394 2826 590 2899 presencium
613 2826 736 2897 noticia,
759 2831 949 2884 memoratas
972 2826 1083 2884 woltas
1114 2832 1145 2884 et
1173 2824 1345 2884 testudines
1376 2840 1412 2882 ac
1443 2825 1506 2884 alia
1536 2825 1659 2884 edificia

393 2948 450 3006 per
472 2935 683 2988 memoratum
704 2933 878 3006 capitutum
903 2946 961 3006 pro
985 2933 1096 2990 tuciori
1121 2931 1359 3006 preservacione
1375 2939 1405 2989 et
1420 2933 1659 2991 conservacione

392 3035 615 3107 clenodiorum,
640 3045 896 3095 ornamentorum
919 3053 954 3096 ac
977 3055 1083 3096 rerum
1106 3044 1137 3096 et
1171 3039 1328 3096 bonomm
1362 3037 1497 3095 antefate
1531 3040 1659 3100 ecclesie

392 3143 599 3215 zagrabiensis
622 3141 702 3201 infra
727 3144 830 3216 ipsam
854 3143 965 3200 turrim
989 3143 1134 3202 edificare
1157 3149 1187 3201 et
1210 3143 1320 3216 facere,
1352 3143 1518 3218 ipsamque
1547 3147 1660 3204 turrim

393 3251 424 3306 in
447 3264 502 3306 sua
528 3255 648 3306 tectura
670 3249 729 3306 sub
754 3249 809 3306 tali
833 3248 935 3307 forma
959 3255 989 3308 et
1012 3249 1219 3323 disposicione
1242 3251 1321 3308 sicut
1342 3265 1423 3307 nune
1446 3251 1550 3310 existit
1573 3257 1603 3311 et
1626 3255 1659 3313 in

393 3356 538 3413 omnibus
561 3356 631 3412 aliis
647 3357 711 3412 suis
726 3357 867 3429 rupturis
883 3370 918 3412 ac
935 3355 1106 3413 defectibus
1121 3355 1292 3414 reformare
1308 3357 1504 3430 permittatis,
1520 3356 1657 3434 demptis

395 3467 517 3520 tantum
540 3461 613 3520 altis
636 3467 666 3519 et
695 3462 891 3520 notabilibus
922 3463 1054 3520 extensis
1084 3461 1196 3520 meniis
1227 3467 1258 3519 et
1287 3463 1532 3536 propugnaculis
1560 3465 1658 3538 vulgo

396 3569 481 3626 erkel
507 3567 598 3626 dictis
620 3568 651 3626 in
676 3569 743 3641 ipsa
766 3568 843 3625 turri
868 3568 906 3626 de
925 3581 1008 3625 novo
1031 3565 1187 3640 faciendis,
1212 3583 1273 3641 que
1295 3569 1442 3626 nolumus
1457 3567 1527 3628 fieri
1542 3569 1574 3628 in
1589 3587 1660 3646 pre-

398 3674 549 3732 iudicium
572 3680 676 3732 nostre
699 3674 832 3732 civitatis
855 3673 1040 3748 supradicte.
1063 3673 1205 3731 Preterea
1234 3674 1348 3748 prefati
1378 3677 1508 3747 uterque
1539 3674 1658 3736 domini

398 3781 562 3862 Johannes,
595 3779 752 3851 doctores,
787 3781 965 3838 nominibus
999 3781 1113 3854 quibus
1136 3795 1239 3855 supra,
1262 3785 1366 3839 nostre
1389 3781 1555 3854 querulose
1578 3781 1660 3841 dete·

394 3893 506 3944 xerunt
535 3887 695 3958 maiestati,
727 3885 811 3960 quod
841 3894 912 3961 post
945 3888 1154 3945 reversionem
1178 3886 1216 3943 de
1238 3891 1378 3960 pretacta
1399 3887 1478 3944 urbe
1501 3887 1657 3962 Romana,

394 3992 550 4050 dictorum
574 3998 749 4050 vestrorum
773 3993 947 4051 concivium
971 4008 1028 4052 vos
1050 3991 1246 4064 multimode,
1262 3993 1348 4066 ipsos
1363 3992 1506 4051 dominos
1522 3992 1561 4053 de
1575 3994 1658 4055 dicto

393 4098 531 4172 capitulo
554 4099 585 4155 in
609 4099 745 4172 propriis
768 4099 909 4172 ipsorum
941 4101 1103 4157 territoriis
1137 4097 1387 4172 impedivissetis‚
1418 4101 1657 4174 perturbassetis

393 4211 423 4262 et
446 4205 677 4272 molestassetis,
701 4205 925 4278 impedireque,
949 4206 1134 4279 perturbare
1157 4219 1193 4263 ac
1225 4205 1391 4282 molestare
1414 4221 1475 4264 non
1499 4211 1658 4268 cessaretis

393 4310 432 4367 de
456 4311 592 4383 presenti
614 4311 645 4368 in
669 4311 785 4382 grande
808 4311 1016 4385 preiudicium
1049 4312 1190 4385 ipsorum
1221 4309 1420 4369 dominorum
1450 4310 1489 4369 de
1519 4315 1658 4387 capitulo

394 4421 562 4490 prenotato.
588 4417 624 4472 Et
648 4417 719 4489 quia
744 4419 787 4474 uti
811 4417 922 4475 exinde
946 4417 1110 4475 manifeste
1133 4416 1343 4489 recordamur,
1367 4422 1478 4476 eotunc
1493 4419 1657 4493 spectabili

392 4531 422 4580 et
445 4523 611 4594 magnifico
634 4523 813 4581 Hermanno
837 4524 925 4594 Cilie,
950 4523 1140 4597 Zagorieque
1163 4523 1270 4581 comiti
1292 4538 1328 4581 ac
1350 4524 1439 4596 regni
1461 4527 1558 4584 nostri
1573 4525 1657 4584 Scla-

392 4630 483 4687 uonie
507 4629 596 4698 bano,
620 4643 727 4685 socero
750 4635 856 4686 nostro
879 4631 1038 4687 carissimo
1062 4646 1097 4687 ac
1120 4629 1218 4702 fideli,
1244 4629 1366 4701 dilecto,
1389 4631 1421 4689 in
1452 4645 1489 4689 eo
1520 4630 1657 4690 districte

393 4734 662 4804 mandaveramus,
688 4739 721 4790 ut
744 4748 850 4791 omnes
871 4734 1074 4808 differencias,
1092 4736 1304 4794 contenciones
1320 4741 1414 4810 atque
1429 4739 1657 4796 controversias

393 4843 472 4898 inter
494 4847 668 4914 pretactum
693 4841 865 4913 capitulum
887 4842 927 4898 ab
952 4856 1020 4912 una,
1046 4847 1075 4900 et
1096 4857 1154 4899 vos
1176 4841 1217 4899 ab
1240 4841 1338 4900 altera
1362 4844 1503 4917 partibus
1534 4849 1657 4902 exortas

393 4954 423 5004 et
446 4947 607 5004 suscitatas
641 4947 753 5020 sopire,
789 4947 989 5021 complanare
1024 4964 1059 5005 ac
1093 4947 1154 5005 fine
1189 4947 1296 5005 debito
1329 4949 1495 5006 terminare
1518 4949 1654 5008 deberet.

392 5054 453 5128 Qui
477 5060 589 5124 tamen,
611 5055 656 5110 uti
681 5069 718 5110 ex
743 5059 954 5127 pretactorum
985 5053 1246 5128 conquerencium
1277 5055 1504 5129 significacione
1534 5057 1656 5114 intelle·
