3804 5858
789 553 862 613 Doc.
880 561 954 629 373.
981 586 1017 596 -
1043 553 1099 614 An.
1122 565 1216 630 1494.

965 762 1050 830 373.

488 915 570 964 Anno
592 925 667 977 1494,
690 926 728 977 14.
748 913 881 965 februarii.
900 913 1050 976 Zagrabiae.

381 1059 410 1118 A
437 1060 562 1117 ciuitatis
597 1059 794 1116 communitate
821 1057 926 1115 Marco
962 1056 1092 1128 Kronjcc
1114 1059 1177 1132 civi,
1195 1060 1366 1132 portorium.
1405 1057 1483 1132 quod
1504 1055 1651 1134 „knew

575 1163 749 1231 noorinotur,
772 1157 823 1238 78,
839 1163 909 1236 flor.
926 1163 1029 1236 firmos
1073 1160 1283 1221 conditionibus
1305 1164 1438 1222 elocatur.

487 1307 551 1366 Nos
584 1307 789 1366 communitas
820 1308 936 1366 civium
970 1307 1104 1366 civitatis
1139 1308 1251 1366 montis
1297 1295 1466 1367 Grecensis.
1497 1305 1651 1364 Memorie

385 1413 639 1473 commendamus
656 1420 763 1474 tenore
778 1414 971 1489 presencium
987 1411 1194 1486 significantes
1217 1414 1332 1488 quibus
1347 1411 1473 1488 expedit
1487 1412 1650 1471 universis.

383 1519 475 1594 Quod
506 1535 562 1579 nos
593 1521 775 1578 comitatum
797 1526 948 1592 nostrum,
972 1519 1068 1592 vulgo
1085 1508 1200 1593 lrnesya
1222 1519 1348 1593 dictum,
1373 1519 1541 1578 simulcum
1562 1517 1651 1576 illar-

383 1627 495 1698 sthyna
519 1641 555 1684 ac
578 1626 782 1700 proventibus
805 1641 954 1684 curruum
977 1626 1055 1685 alias
1077 1641 1136 1702 pro
1160 1627 1308 1701 pontibus
1329 1627 1443 1685 nostris
1466 1623 1648 1684 ordinandis

384 1733 466 1806 exigi
497 1731 659 1803 consvetis,
690 1747 769 1806 quos
799 1737 909 1807 pontes
938 1739 1043 1790 nostre
1073 1731 1287 1790 communitati
1316 1746 1513 1790 reservamus
1536 1743 1649 1804 prepa-

382 1839 505 1907 randos,
535 1839 743 1912 omnibusque
773 1839 842 1897 aliis
872 1845 902 1897 et
932 1837 1063 1912 singulis
1095 1837 1339 1896 obvencionibus
1362 1852 1398 1896 ac
1420 1836 1649 1909 integritatibus

388 1945 564 2020 specialiter
580 1959 651 2002 cum
673 1945 877 2018 proventibus
900 1945 1071 2002 stacionum
1096 1943 1133 2001 de
1156 1958 1239 2001 novo
1262 1943 1348 2001 iuxta
1371 1959 1497 2001 murum
1521 1942 1650 2001 ecclesie

383 2058 487 2111 nostre
516 2051 706 2125 parochialis
736 2051 833 2109 sancti
867 2052 963 2110 Marci
997 2050 1196 2122 ewangeliste
1227 2051 1418 2120 constructis,
1453 2049 1494 2107 ad
1529 2048 1649 2107 dictum

382 2157 564 2216 comitatum
594 2162 735 2214 nostrum
765 2157 848 2231 exigi
871 2158 1033 2226 consuetis,
1064 2173 1082 2214 a
1112 2155 1191 2215 festo
1222 2157 1304 2214 beati
1336 2155 1490 2214 Valentini
1513 2156 1650 2213 martiris

383 2279 463 2322 nunc
494 2263 636 2338 presenti,
668 2261 845 2336 incipiendo
876 2269 907 2322 et
936 2263 1018 2322 infra
1045 2262 1184 2321 eiusdem
1215 2261 1283 2320 festi
1307 2261 1472 2320 annualem
1496 2262 1650 2333 integram

383 2370 625 2440 revolucionem,
657 2369 882 2443 circumspecto
914 2375 944 2428 el
966 2371 1095 2428 honesto
1118 2368 1186 2427 viro
1210 2371 1314 2426 Marco
1337 2368 1470 2426 institori
1493 2367 1649 2425 Chranecz

383 2475 474 2546 dictu,
498 2474 618 2532 concivi
644 2481 761 2545 nostro,
791 2475 942 2533 moderno
973 2474 1118 2534 videlicet
1141 2475 1256 2546 comiti,
1280 2491 1338 2549 pro
1361 2474 1555 2548 septuaginta
1578 2483 1649 2531 octo

383 2581 506 2639 florenis
529 2580 597 2638 auri
620 2596 676 2655 per
707 2581 841 2638 eundem
872 2582 1020 2653 Marcum,
1052 2586 1193 2638 nostrum
1219 2580 1366 2639 videlicet
1389 2579 1574 2638 modernum
1599 2594 1649 2637 co·

384 2688 499 2758 mitem,
530 2687 621 2744 nobis
644 2686 783 2760 plenarie
814 2687 893 2744 datis
916 2693 946 2745 et
968 2687 1144 2762 persolutis,
1168 2684 1351 2745 arendative
1375 2687 1523 2744 duximus
1546 2685 1649 2744 conse

382 2793 524 2867 rendum,
547 2793 644 2850 immo
662 2791 847 2851 arendamus
870 2799 900 2850 et
923 2795 1111 2852 contulimus
1121 2793 1179 2852 hoc
1201 2809 1325 2867 quoque
1337 2793 1441 2867 primo
1456 2806 1603 2866 expresso
1618 2799 1650 2850 et

383 2898 574 2974 specificato:
599 2898 683 2972 quod
706 2898 800 2957 iudex
822 2905 927 2957 noster
950 2899 1118 2958 modernus
1142 2899 1180 2957 de
1196 2899 1356 2972 premissis
1372 2899 1485 2956 nostris
1508 2897 1650 2972 pecuniis

384 3004 584 3063 comitalibus
607 3019 660 3062 seu
696 3005 915 3064 communibus
950 3021 1005 3080 per
1028 3021 1085 3065 nos
1101 3005 1201 3064 eidem
1226 3004 1305 3063 datis
1329 3010 1359 3062 et
1384 3005 1503 3078 integre
1525 3020 1649 3078 presen-

383 3112 454 3170 tatis
485 3110 623 3169 medium
655 3111 866 3170 centenarium
896 3127 949 3170 seu
981 3111 1203 3185 quinquaginta
1227 3110 1329 3168 luntas
1352 3111 1413 3168 olei
1436 3126 1496 3184 pro
1518 3125 1649 3170 accensu

387 3234 440 3277 seu
466 3218 632 3276 luminario
662 3217 817 3292 lampadis
850 3223 920 3276 ante
944 3219 1122 3276 venerabile
1145 3222 1372 3276 sacramentum
1396 3217 1476 3275 circa
1501 3232 1647 3291 magnam

385 3340 471 3382 aram
495 3324 526 3382 in
551 3324 631 3381 dicta
654 3329 759 3381 nostra
789 3324 918 3382 ecclesia
949 3324 1121 3397 parochiali
1144 3324 1240 3381 sancti
1255 3323 1351 3382 Marci
1375 3323 1406 3381 in
1430 3324 1498 3398 ipsa
1523 3325 1648 3382 civitate

383 3429 510 3488 fundata
533 3445 636 3489 emere
658 3428 769 3487 debeat
792 3436 821 3487 et
837 3430 1072 3488 amministrare.
1099 3430 1176 3488 Item
1192 3429 1336 3488 similiter
1350 3429 1417 3504 ipse
1432 3427 1527 3506 judex
1543 3435 1648 3488 noster

389 3536 556 3594 modernus
580 3549 638 3610 pro
669 3535 880 3594 celebracione
911 3537 1004 3594 misse
1028 3536 1202 3594 venerande
1224 3535 1262 3614 dc
1285 3537 1493 3596 sacratissimo
1517 3551 1649 3612 corpore

384 3641 507 3713 Christi,
523 3641 653 3714 singulis
670 3640 754 3699 feriis
775 3642 889 3714 quintis
906 3642 937 3699 in
961 3641 1101 3714 qualibet
1124 3643 1297 3716 septimana
1319 3643 1350 3700 in
1372 3657 1425 3700 ara
1448 3644 1546 3702 sancti
1568 3643 1648 3702 Iau-

382 3747 476 3806 rencii
499 3747 529 3805 in
555 3747 636 3804 dicta
659 3753 763 3804 nostra
787 3747 916 3805 ecclesia
932 3745 1067 3818 fundata,
1084 3763 1140 3821 per
1163 3748 1395 3806 revolucionem
1419 3750 1510 3807 unius
1533 3750 1647 3822 integri

385 3855 466 3926 anni,
502 3853 680 3912 honorabili
710 3853 836 3911 domino
860 3852 1016 3926 Stephano
1048 3852 1198 3911 moderno
1220 3861 1327 3912 nostro
1349 3855 1486 3928 plebano
1509 3860 1570 3912 tres
1593 3854 1648 3912 tlo-

381 3974 472 4018 renos
494 3959 562 4017 auri
584 3966 636 4018 aut
659 3967 815 4018 monetam
838 3959 964 4018 eosdem
988 3965 1048 4018 tres
1071 3960 1203 4018 florenos
1219 3961 1377 4020 valentem
1390 3961 1428 4019 de
1451 3961 1568 4019 eisdem
1594 3977 1647 4035 pe·

384 4065 481 4124 cuniis
513 4067 626 4124 nostris
657 4066 854 4125 comitalibus
886 4082 940 4124 seu
969 4067 1187 4124 communibus
1211 4067 1285 4125 dare
1308 4067 1419 4126 debeat
1442 4072 1473 4125 et
1496 4075 1644 4139 teneatur,

383 4171 541 4230 residuum
565 4177 670 4230 autem
696 4173 835 4246 ipsarum
851 4172 1053 4246 pecuniarum
1073 4179 1249 4230 nostrarum
1265 4173 1458 4230 comllalium
1475 4173 1542 4246 ipse
1553 4171 1647 4247 judex

384 4284 488 4336 noster
511 4277 678 4336 modernus
708 4277 748 4334 ad
771 4277 851 4335 facta
883 4285 912 4336 et
941 4277 1067 4350 negocia
1088 4283 1192 4336 nostra
1215 4293 1268 4335 seu
1290 4279 1521 4336 communitatis
1543 4285 1646 4335 nostre

382 4385 468 4444 iuxta
495 4391 634 4443 nostram
664 4382 920 4460 inlormacionem
951 4382 1062 4442 debeat
1094 4384 1271 4458 dispensare
1294 4383 1400 4442 debita
1422 4399 1493 4440 cum
1516 4385 1646 4441 racione.

381 4491 449 4549 Hoc
471 4491 569 4549 eciam
593 4489 757 4563 declarat0,
790 4489 873 4563 quod
898 4489 1036 4564 prelatus
1059 4491 1189 4560 Marcus,
1214 4505 1317 4548 eomes
1341 4495 1446 4548 noster
1478 4489 1647 4548 modernus

381 4598 433 4656 vel
454 4598 552 4671 ipsius
575 4597 715 4656 homines
737 4613 794 4670 per
816 4612 888 4654 eum
911 4597 951 4654 ad
974 4597 1033 4654 hoc
1056 4597 1231 4671 specialiter
1254 4595 1404 4670 deputati,
1432 4595 1537 4653 nullas
1559 4595 1646 4652 novi·

382 4710 512 4778 tateset
535 4703 771 4763 consuetudines
802 4704 948 4762 abusivas
980 4703 1011 4761 in
1034 4704 1196 4762 exaccione
1219 4710 1430 4776 proventuum
1454 4701 1527 4759 dicti
1551 4700 1647 4758 comi-

382 4818 462 4870 tatus
485 4811 583 4869 nostri
605 4809 706 4869 facere
738 4817 961 4883 presummant
993 4809 1047 4868 sed
1076 4809 1202 4868 eosdem
1225 4809 1311 4868 iuxta
1334 4809 1495 4882 antiquam
1519 4821 1647 4865 consve-

380 4917 519 4978 tudinem
548 4918 661 4977 iustam
685 4923 714 4975 et
737 4923 862 4989 rectam,
891 4931 951 4991 que
973 4933 1054 4975 nunc
1077 4917 1188 4986 existit,
1213 4917 1385 4990 percipiant
1406 4913 1566 4988 exigendo,
1590 4913 1645 4971 tali

381 5024 492 5083 modo:
524 5029 560 5082 ut
589 5025 802 5099 unusquisque
833 5040 881 5081 res
904 5039 975 5080 suas
1005 5039 1042 5081 ac
1066 5022 1266 5080 mercimonia
1297 5022 1518 5094 cuiuscumque
1540 5017 1646 5078 condi·
