3948 5804
753 586 830 644 Doc.
853 595 902 662 47.
927 617 969 627 —-
991 584 1048 644 An.
1071 593 1159 661 1427.
1541 602 1580 659 57

317 800 447 859 bianum
469 801 690 876 presbiterum,
714 801 900 875 magistrum
924 801 1032 862 altaris
1054 802 1140 862 beati
1162 801 1324 860 Michaelis
1347 803 1528 876 archangeli
1549 803 1581 862 in

323 906 405 966 dicta
428 907 558 965 ecclesia
582 912 690 966 nostra
710 907 877 966 constructi
900 907 940 966 ad
962 907 1196 983 infrascriptam
1211 908 1447 982 inquisicionem
1471 907 1584 966 facien-

320 1013 394 1072 dam
428 1017 535 1073 nostro
568 1029 627 1089 pro
649 1014 827 1073 testimonio
850 1015 1079 1074 transmisimus
1102 1013 1165 1074 fide
1197 1013 1334 1088 dignum.
1371 1013 1433 1088 Qui
1456 1013 1582 1073 tandem

320 1119 432 1178 exinde
453 1119 494 1178 ad
512 1135 569 1178 nos
591 1121 717 1191 reversi,
741 1119 831 1179 nobis
854 1120 1053 1180 uniformiter
1084 1121 1262 1180 retulerint:
1297 1120 1382 1194 quod
1413 1121 1474 1195 ipsi
1505 1119 1583 1180 feris

318 1231 404 1286 sexta
427 1227 572 1302 proxima
595 1231 667 1301 post
689 1225 804 1285 festum
834 1227 1060 1300 Penthecostes,
1091 1227 1235 1302 proxime
1265 1227 1460 1301 preteritum,
1488 1227 1585 1286 simul

317 1332 514 1407 procedendo
548 1333 590 1391 ab
621 1333 776 1404 omnibus,
810 1348 829 1391 a
860 1333 976 1407 quibus
1012 1333 1164 1392 decuisset
1188 1338 1219 1392 et
1250 1333 1401 1406 licuisset,
1423 1333 1531 1408 palam
1554 1339 1585 1392 et

317 1440 438 1498 occulte
461 1439 627 1513 diligenter
650 1438 689 1497 de
711 1438 918 1514 infrascriptis
949 1439 1143 1514 inquirendo,
1178 1438 1276 1498 talem
1306 1439 1468 1498 scivissent
1502 1440 1585 1498 veri-
1678 1481 1707 1528 ·.

318 1550 428 1604 tatem:
454 1545 626 1620 quodcum
649 1545 728 1604 ferie
751 1551 862 1620 quarta
885 1547 1031 1622 proxima
1049 1551 1120 1604 ante
1136 1545 1251 1605 festum
1267 1545 1500 1605 Purificacionis
1521 1547 1584 1604 vir·

317 1651 398 1725 ginis
420 1651 565 1724 gloriose,
589 1653 735 1727 proxime
758 1652 910 1727 elapsum,
933 1652 1127 1711 honorabilis
1151 1652 1209 1724 vir,
1239 1651 1385 1710 dominus
1415 1651 1580 1736 Johannes‚

317 1763 425 1816 cantor
449 1763 480 1816 et
504 1759 669 1818 canonicus
693 1757 831 1816 eiusdem
855 1759 984 1817 ecclesie
999 1759 1217 1832 zagrabiensis,
1233 1763 1296 1816 tres
1312 1757 1483 1817 familiares
1499 1773 1581 1831 suos,

317 1864 451 1924 scilicet:
474 1880 572 1924 unum
594 1866 822 1924 mercenarium
845 1865 1010 1924 Nicolaum
1031 1865 1166 1938 nomine,
1189 1879 1249 1940 pro
1279 1841 1461 1924 inducendis
1491 1864 1585 1938 lignis

319 1974 349 2028 et
372 1970 576 2046 apportandis
599 1970 631 2030 in
653 1977 747 2046 portu
768 1970 870 2030 insule
893 1971 967 2031 dicti
990 1971 1120 2046 capituli
1149 1971 1247 2055 Jarun
1280 1975 1398 2042 vocate,
1432 1984 1492 2044 pro
1524 1985 1584 2028 usu

318 2077 402 2136 curie
426 2075 501 2137 dicti
525 2077 645 2136 domini
668 2077 803 2137 cantoris
826 2079 1002 2152 aggregatis
1025 2082 1056 2136 et
1078 2077 1223 2153 repositis
1247 2091 1319 2135 cum
1343 2075 1466 2134 duobus
1498 2075 1586 2150 equis

318 2187 347 2242 et
370 2199 431 2244 uno
455 2184 617 2256 uehicu103
639 2184 722 2243 alios
744 2199 820 2243 vero
855 2183 942 2257 duos,
974 2184 1122 2242 videlicet
1156 2183 1350 2255 Michaelem,
1385 2182 1489 2241 filium
1523 2183 1585 2240 De·

318 2291 425 2350 metrii
447 2289 486 2349 de
508 2289 698 2349 Adamowcz
720 2297 752 2348 et
774 2289 967 2365 Stephanum
996 2289 1034 2348 de
1064 2280 1278 2350 Sub-KemIelr¹
1307 2303 1367 2364 pro
1398 2290 1489 2348 certis
1520 2289 1584 2347 suis

319 2397 458 2470 negociis
480 2395 682 2472 expediendis
704 2395 744 2455 ad
767 2395 941 2472 predictam
964 2396 1099 2455 insulam
1120 2397 1217 2481 Jarun
1237 2395 1428 2467 destinasset,
1455 2401 1485 2454 et
1513 2409 1586 2453 cum

317 2502 379 2576 ipsi
408 2503 542 2561 Michael
572 2508 603 2562 et
631 2501 807 2578 Stephanus
837 2501 948 2561 eodem
977 2503 1122 2562 vehiculo
1150 2501 1291 2561 sedentes
1313 2507 1344 2560 et
1367 2501 1506 2576 prefatus
1530 2500 1582 2559 Ni·

319 2608 426 2666 colaus
458 2609 668 2668 mercenarius
700 2610 805 2683 ipsum
846 2609 1026 2667 vehiculum
1049 2610 1081 2667 in
1103 2624 1184 2683 equo
1219 2607 1355 2667 sedendo
1379 2607 1583 2678 conducebat,

319 2715 361 2774 ad
383 2715 501 2774 dictum
525 2721 654 2791 portum
677 2716 909 2790 applicuissent,
933 2720 1007 2774 tunc
1028 2716 1178 2774 Martinus
1201 2719 1302 2782 sartor
1323 2715 1399 2774 civis
1419 2719 1450 2772 et
1468 2716 1583 2788 hospes

318 2821 452 2880 civitatis
475 2822 590 2881 montis
613 2820 777 2881 Grecensis
799 2837 934 2888 unacum
957 2822 1028 2880 aliis
1051 2822 1260 2897 complicibus
1282 2826 1313 2880 et
1327 2821 1417 2880 sociis
1433 2820 1496 2879 suis
1512 2833 1583 2878 con·

318 2929 439 2988 civibus
473 2945 512 2986 ex
539 2943 698 3001 consensu,
733 2929 933 3002 instigacione
957 2933 987 2987 et
1009 2928 1139 3003 speciali
1173 2928 1405 2986 transmissione
1436 2927 1585 2986 Anthonii

319 3033 358 3093 de
380 3035 551 3107 Florencia‚
574 3033 695 3111 judicis,
726 3051 763 3093 ac
792 3035 930 3107 Maximi,
960 3034 1113 3094 Demetrii
1144 3039 1175 3093 et
1196 3035 1330 3093 aliorum
1352 3032 1528 3110 juratorum
1549 3047 1585 3092 ac

319 3141 437 3200 civium
460 3140 541 3200 dicte
564 3142 700 3201 civitatis
723 3157 795 3201 cum
818 3143 924 3214 armis,
939 3142 1060 3216 sagittis
1076 3147 1106 3200 et
1122 3141 1304 3216 cuspidibus
1321 3157 1359 3199 ex
1375 3145 1583 3215 preconcepta

317 3247 450 3306 racionis
473 3248 597 3307 malicia
620 3249 652 3307 in
668 3247 826 3322 quaddam
842 3249 923 3307 silva
939 3247 1079 3307 eiusdem
1094 3248 1224 3323 capituli
1239 3249 1321 3306 circa
1336 3248 1441 3324 ipsum
1456 3251 1584 3320 portum

318 3353 426 3412 habits
449 3354 628 3428 congregati
651 3361 682 3413 et
702 3346 758 3434 (in)
781 3351 901 3414 insidiis
923 3355 1018 3430 positi
1040 3355 1071 3414 in
1105 3355 1191 3429 ipsos
1224 3354 1378 3412 lautenter
1413 3354 1583 3425 irruissent,

318 3458 477 3534 prefatum
498 3460 682 3519 Michaelem
706 3461 841 3521 letaliter
863 3462 894 3520 in
921 3461 1022 3535 capite
1045 3461 1268 3532 vulnerassent,
1284 3467 1494 3519 memoratum
1510 3473 1586 3517 vero

319 3563 512 3640 Stephanum
534 3565 574 3624 ad
608 3573 725 3626 terram
755 3572 985 3642 prosternentes
1019 3569 1051 3626 in
1083 3567 1194 3641 capite,
1217 3567 1364 3626 manibus
1387 3571 1417 3625 et
1439 3567 1585 3637 brachiis,

318 3675 446 3746 totoque
469 3687 599 3748 corpore
615 3674 765 3747 gravibus
781 3673 967 3732 verberibus
983 3673 1153 3733 afficientes
1168 3674 1358 3732 semivivum
1378 3673 1585 3747 reliquissent,

319 3777 358 3834 de
382 3779 468 3836 cuius
490 3779 555 3836 vita
578 3778 710 3838 dubium
727 3780 909 3851 haberetur;
932 3781 1124 3856 prelibatum
1148 3784 1252 3838 autern
1269 3772 1439 3841 Nicolaum
1469 3795 1587 3838 merce·

319 3885 444 3942 narium
467 3885 612 3944 similiter
634 3887 784 3958 gravibus
797 3887 982 3945 verberibus
1005 3893 1036 3946 et
1055 3888 1238 3945 vulneribus
1254 3887 1425 3945 sauciantes
1441 3887 1587 3944 omnibus

319 4004 430 4049 eorum
453 3993 547 4050 rebus
571 3998 601 4050 et
625 3993 723 4065 bonis,
747 3993 903 4063 videlicet,
926 3995 1031 4066 armis,
1056 3993 1179 4052 faretris
1209 4009 1280 4051 cum
1304 3994 1423 4066 sagittis
1458 3997 1489 4050 et
1522 3993 1586 4050 bic·

319 4096 409 4156 eellis
432 4103 462 4156 et
485 4099 641 4157 crumenis
663 4115 720 4158 nec
743 4115 804 4158 non
827 4101 967 4174 pecuniis
991 4115 1049 4176 pro
1074 4107 1146 4158 tunc
1162 4114 1236 4172 erga
1251 4100 1336 4174 ipsos
1352 4101 1484 4173 repertis
1499 4113 1587 4156 more

318 4203 494 4278 predonum
517 4209 548 4263 et
570 4207 731 4264 latronum
754 4207 948 4281 spoliassent,
972 4207 1180 4280 quosquidem
1214 4221 1313 4272 arcus,
1349 4205 1478 4264 feretras
1513 4219 1585 4262 cum

319 4311 440 4384 sagittis
464 4316 493 4370 et
516 4311 658 4371 biccellis
680 4312 794 4387 prefati
817 4313 968 4372 Martinus
991 4317 1092 4371 sartor
1115 4327 1186 4370 cum
1210 4311 1300 4370 dictis
1316 4313 1524 4386 complicibus
1547 4310 1587 4369 ad

319 4417 425 4475 sedem
448 4415 652 4493 judiciariam,
676 4419 731 4477 ubi
755 4419 815 4494 ipsi
836 4417 953 4495 judices
977 4426 1007 4477 et
1030 4420 1113 4477 cives
1137 4420 1238 4476 solent
1260 4419 1451 4492 congregari,
1475 4418 1586 4476 eadem

319 4523 369 4582 die
392 4530 609 4598 apportantes,
644 4526 841 4600 presentibus
875 4525 994 4585 ibidem
1028 4526 1186 4584 nonnullis
1220 4525 1389 4596 nobilibus,
1424 4524 1587 4582 videlicet:

318 4630 464 4702 Mathew,
486 4631 554 4689 filio
576 4631 735 4714 Johannis,
751 4633 864 4691 comite
879 4633 1081 4706 zagrabiensi,
1098 4631 1189 4690 Petro
1206 4631 1244 4690 de
1260 4631 1417 4704 Ralonok,
1441 4629 1587 4688 Ladislao

318 4735 357 4794 de
380 4735 500 4810 Gepew
520 4742 551 4794 et
573 4737 642 4796 aliis
665 4739 909 4813 quampluribus
931 4738 1092 4797 nobilibus
1116 4744 1146 4797 et
1168 4737 1278 4813 probis
1312 4737 1400 4810 viris,
1435 4737 1489 4810 qui
1523 4750 1582 4810 pro

317 4847 391 4901 tunc
412 4841 453 4900 ad
475 4844 662 4917 peticionem
686 4843 841 4903 dictorum
865 4844 1064 4903 dominorum
1087 4843 1126 4902 de
1149 4844 1289 4919 capitulo
1305 4844 1345 4902 ad
1361 4841 1585 4901 notificandum

317 4953 348 5006 et
370 4947 591 5008 insinuandum
614 4949 704 5009 dictis
727 4948 824 5026 judici
847 4957 877 5009 et
898 4949 1010 5026 juratis
1033 4957 1064 5009 et
1085 4951 1156 5009 aliis
1179 4951 1302 5009 civibus
1318 4949 1492 5025 predictam
1509 4949 1586 5022 ipsis

318 5056 363 5115 sic
384 5055 508 5115 illatam
530 5055 678 5133 injuriam
701 5055 831 5114 fuissent
854 5057 1041 5130 congregati,
1064 5071 1170 5115 coram
1202 5055 1318 5115 eisdem
1349 5053 1451 5133 judice
1480 5063 1510 5113 et
1540 5052 1588 5130 ju·
