3948 5804
779 590 850 650 Doc.
868 599 920 665 35.
945 621 985 631 -
1010 589 1066 646 An.
1090 601 1179 667 1423.
1570 604 1610 665 43

346 805 527 865 earumdem
550 807 700 877 omnium,
724 805 836 880 quovis
859 805 953 863 modo
976 809 1030 863 aut
1053 805 1174 880 quesito
1197 805 1301 863 colore
1324 819 1378 862 seu
1403 803 1535 876 ingenio,
1567 803 1612 860 in-

346 913 543 971 tromissione
578 910 666 970 iactis
701 912 753 969 vel
786 910 896 969 fiendis
926 911 1089 984 prohibuit
1112 909 1350 969 contradicendo
1373 915 1404 968 et
1426 909 1612 967 contradixit

347 1017 517 1076 inhibendo
541 1033 647 1076 coram
668 1017 760 1076 nobis
783 1017 961 1075 testimonio
984 1017 1181 1091 presencium
1212 1016 1374 1074 mediante.
1406 1016 1522 1073 Datum
1556 1013 1612 1072 Za·

346 1125 456 1198 grabie
478 1124 634 1182 sedecimo
657 1123 709 1182 die
731 1128 913 1181 octavarum
938 1123 1157 1198 predictarum.
1189 1125 1278 1181 Anno
1302 1122 1421 1180 domini
1443 1120 1612 1178 millesimo

346 1229 652 1304 quadringentesimo
675 1230 827 1302 vigesimo
850 1229 955 1288 terci0.

455 1365 589 1428 Origiuaie
607 1367 635 1414 in
655 1365 751 1415 charta.
779 1367 807 1414 A
827 1373 898 1429 tergo
926 1366 1036 1430 vestigia
1064 1365 1140 1415 trium
1165 1365 1317 1430 sigillorum.
1346 1367 1378 1414 In
1397 1365 1458 1414 arch
1491 1365 1536 1416 lib.
1556 1381 1609 1427 reg.

345 1454 415 1506 civit.
435 1455 535 1518 zagrab.

950 1632 1009 1697 35.

451 1789 531 1838 Anno
554 1802 627 1852 1423,
652 1790 690 1842 16.
708 1791 790 1854 Junii.
811 1791 958 1854 Zagrabiae.

353 1898 546 1956 Commuuilus
568 1901 643 1956 civit.
666 1901 769 1958 litantis
799 1899 949 1957 Grecensis
964 1917 1059 1956 corum
1074 1900 1208 1956 corrrr'tutu
1231 1899 1415 1972 augrubr'euri
1434 1906 1554 1968 recusat,
1577 1917 1612 1955 ue

338 2005 494 2082 Juhunues
522 2007 664 2080 spiscopus
685 2012 713 2064 ct
735 2006 913 2080 liudolphus,
935 2006 995 2063 cius
1010 2007 1122 2080 frater,
1152 2006 1257 2063 stabiles
1287 2007 1320 2062 de
1351 2006 1451 2075 Albur,
1482 2025 1519 2062 cx
1545 2005 1611 2078 prri-

344 2112 462 2170 busdam
499 2113 708 2171 corrturmu'latis
729 2113 970 2186 possessriuu'bus,
1006 2130 1082 2186 quus
1113 2113 1172 2169 r'llr‘s
1202 2131 1257 2169 rex
1292 2112 1364 2168 clorio
1400 2112 1496 2182 cessit,
1523 2111 1610 2186 sruc-

878 2225 938 2276 tum
959 2219 1083 2292 capiant.

450 2363 514 2420 Nos
537 2361 691 2435 Georgius
715 2368 745 2420 et
768 2362 1006 2420 Bartholomeus
1029 2363 1159 2420 comites
1181 2363 1396 2436 zagrabienses
1431 2377 1467 2421 ac
1492 2359 1610 2438 judices

345 2470 500 2528 nobilium
524 2469 688 2527 comitatus
712 2467 859 2528 eiusdem.
883 2469 1032 2526 Memorie
1063 2469 1318 2527 commendamus
1353 2485 1410 2543 per
1441 2473 1609 2543 presentes,

345 2576 429 2650 quod
452 2577 542 2634 nobis
576 2576 607 2633 in
642 2577 760 2634 octavis
795 2575 866 2634 testi
889 2575 1104 2634 penthecostes
1126 2591 1260 2634 unacum
1284 2576 1445 2634 nobilibus
1468 2575 1554 2647 regni
1578 2575 1609 2632 in

344 2682 416 2740 sede
439 2687 544 2740 nostra
567 2679 729 2758 judiciaria
752 2697 810 2756 pro
833 2682 975 2762 faciendo
999 2681 1193 2740 moderativo
1216 2680 1332 2758 judicio
1348 2683 1547 2740 causantibus
1563 2697 1609 2738 se·

345 2789 498 2858 dentibus,
535 2787 685 2862 providus
719 2788 768 2846 vir
803 2787 951 2860 Andreas,
976 2787 1061 2846 filius
1083 2787 1205 2846 Nicolai
1228 2788 1267 2846 de
1291 2789 1452 2860 Zwinaria,
1476 2787 1608 2845 condam

345 2891 441 2971 judex
462 2899 491 2952 et
514 2910 595 2951 nunc
618 2895 696 2952 civis
720 2895 853 2952 civitatis
876 2895 990 2953 montis
1013 2895 1175 2954 Grecensis
1199 2894 1237 2952 de
1260 2891 1347 2969 juxta
1369 2893 1554 2966 Zagrabiam
1578 2893 1609 2950 in

343 3001 484 3074 personis
507 2999 628 3076 judicis,
650 2998 826 3077 juratorum
849 3007 879 3058 et
902 3002 1122 3059 universorum
1143 3002 1260 3059 civium
1283 3015 1319 3057 ac
1343 3000 1442 3057 tocius
1466 3014 1609 3056 commu-

342 3108 446 3165 nitatis
480 3106 618 3180 predicte
652 3107 786 3165 civitatis
821 3123 892 3166 cum
928 3109 1150 3182 procuratoriis
1173 3109 1288 3166 litteris
1316 3107 1413 3182 ipsius
1437 3107 1608 3165 communi·

343 3213 413 3271 tatis
437 3212 476 3270 ad
501 3217 639 3271 nostram
656 3213 809 3271 veniendo
825 3217 1018 3288 presenciam
1034 3215 1124 3273 nobis
1141 3219 1171 3271 et
1194 3214 1313 3272 eisdem
1337 3214 1423 3286 regni
1448 3212 1609 3270 nobilibus

341 3333 399 3392 per
422 3318 552 3376 modum
575 3320 810 3393 protestacionis
834 3327 863 3378 et
887 3321 1085 3379 inhibicionis
1106 3321 1280 3393 significare
1304 3320 1426 3379 curavit
1460 3320 1491 3377 in
1522 3321 1605 3376 hunc

342 3424 489 3484 modum:
524 3425 608 3498 quod
644 3431 737 3498 prout
771 3427 831 3499 ipsi
866 3428 1077 3501 percepissent
1100 3426 1294 3485 reverendus
1317 3428 1348 3485 in
1372 3426 1495 3484 Christo
1519 3430 1609 3499 pater

342 3531 486 3589 dominus
507 3531 661 3614 Johannes
685 3533 850 3607 episcopus
873 3534 1089 3606 zagrabiensis,
1106 3549 1309 3608 summusque
1333 3532 1536 3590 cancellarius
1558 3547 1606 3589 re·

343 3639 422 3710 galis
458 3643 488 3696 et
522 3639 669 3711 reginalis
703 3639 908 3710 maiestatum,
933 3655 1066 3698 unacum
1100 3641 1200 3698 nobili
1235 3641 1303 3698 viro
1338 3639 1516 3712 Rodolpho,
1540 3637 1608 3695 filio

344 3743 505 3816 Rodolphi
528 3743 623 3802 fratre
647 3759 703 3802 suo
726 3746 847 3803 uterino
871 3745 908 3802 de
933 3746 1035 3804 Alben
1059 3746 1140 3804 etde
1158 3746 1351 3817 Medwewar‚
1369 3745 1520 3819 quasdam
1537 3759 1608 3817 pos·

342 3850 492 3908 sessiones
507 3849 710 3908 hereditarias
726 3851 867 3925 ipsorum
884 3853 1000 3911 civium
1017 3857 1047 3910 et
1062 3854 1160 3910 tocius
1179 3853 1412 3910 communitatis
1432 3850 1607 3920 Kralewch‚

344 3955 521 4028 Kobylyak,
552 3955 711 4030 Zwyblya,
743 3957 841 4015 Narth
872 3965 902 4016 et
934 3958 1134 4017 Nouakowch
1163 3959 1240 4016 alias
1271 3959 1394 4032 Cherya
1426 3975 1524 4033 prope
1549 3957 1606 4015 Bo·

347 4061 475 4135 syakow
498 4068 632 4134 vocatas,
655 4064 777 4122 habitas
800 4071 830 4121 et
854 4065 1018 4122 existentes
1042 4065 1162 4122 dudum
1197 4071 1227 4123 et
1261 4067 1422 4138 nuperime
1457 4067 1497 4124 ab
1531 4067 1607 4152 ipsis

345 4168 483 4226 indebite
517 4169 646 4232 ablatas.
683 4169 722 4228 de
744 4186 903 4242 consensu,
934 4175 969 4228 ut
992 4170 1113 4242 dicitur,
1138 4172 1256 4230 domini
1279 4173 1375 4229 nostri
1399 4173 1489 4244 regis,
1513 4188 1606 4246 super

342 4275 503 4333 ecclesiam
528 4276 625 4333 sancti
648 4273 796 4349 Stephani
819 4277 901 4349 regis
925 4282 955 4335 et
971 4277 1131 4351 quoddam
1147 4277 1253 4346 altare,
1272 4293 1328 4351 pro
1345 4279 1506 4336 animabus
1528 4279 1605 4336 olim

342 4381 460 4439 domini
483 4381 656 4440 Eberhardi
679 4383 818 4456 episcopi
842 4383 903 4441 loci
938 4383 1068 4457 predicti
1104 4391 1135 4442 et
1170 4385 1329 4456 magnifici
1365 4385 1424 4442 viri
1455 4385 1605 4468 Johannis

343 4487 475 4545 fratrum
499 4489 640 4561 ipsorum
664 4495 813 4562 perpetue
835 4489 1032 4563 legavissent,
1050 4490 1216 4549 donassent
1239 4499 1269 4549 et
1292 4491 1493 4549 contulissent
1509 4492 1607 4564 possi·

343 4593 459 4652 dendas
483 4599 514 4652 et
537 4593 685 4652 tenendas
708 4595 739 4652 in
763 4595 971 4669 preiudicium
994 4596 1136 4669 ipsorum
1168 4599 1284 4656 civium
1316 4603 1346 4655 et
1377 4598 1607 4655 communitatis

342 4699 436 4757 vaide
459 4715 616 4772 magnum.
640 4700 731 4760 Unde
762 4700 844 4760 iacta
879 4701 1058 4761 huiusmodi
1091 4705 1318 4778 protestacione
1352 4703 1437 4762 idem
1466 4697 1608 4762 Andreas

342 4805 521 4864 nominibus
544 4811 574 4863 et
597 4807 779 4864 auctoritate
802 4810 1017 4880 procuratoria
1037 4809 1250 4884 sepefatorum
1274 4812 1392 4870 civium
1416 4814 1446 4869 et
1469 4825 1607 4868 commu·

342 4913 455 4982 nitatis,
478 4918 639 4971 annotatos
664 4913 827 4972 dominum
849 4916 1023 4998 Johannem
1045 4918 1230 4992 episcopum
1253 4923 1285 4977 et
1299 4918 1501 4992 Rodolphum
1524 4933 1542 4974 a
1565 4918 1608 4974 le·

342 5019 478 5090 gecione,
502 5018 671 5079 donacione
693 5026 724 5079 et
747 5021 918 5080 collacione
952 5022 1163 5096 predictarum
1199 5025 1429 5098 possessionum
1464 5023 1607 5098 superius
