3828 5822
385 535 447 596 334
795 522 867 580 Doc.
891 531 962 598 270.
987 555 1027 566 —
1053 524 1109 582 An.
1135 533 1221 600 1471.

382 734 500 792 vellent
531 735 637 806 pocius
660 735 832 794 Wilhelmo
866 743 938 794 nato
961 737 1093 794 condam
1129 738 1255 798 Henrici
1291 741 1489 812 Entzesdort,
1524 744 1645 817 sibique

330 850 339 868 ·
381 839 511 896 eandem
535 884 541 897 .
567 885 572 894 .
597 884 603 896 .
626 883 633 898 .
657 851 752 914 prout
767 841 876 900 heredi
898 842 937 898 ad
961 843 1042 901 dicte
1064 843 1192 901 ecclesie
1214 844 1366 904 fabricam
1396 845 1644 906 distribuendam

381 951 411 1002 et
433 944 524 1004 alteri
545 946 634 1005 nulli.
665 947 792 1005 Domini
823 961 897 1005 vero
929 955 1044 1021 cantor,
1069 949 1276 1008 archidiaconi
1307 957 1337 1009 et
1359 953 1497 1010 canonici
1529 969 1569 1010 ex
1590 953 1641 1011 ad·

381 1063 472 1108 verso
502 1049 684 1124 replicando
707 1051 860 1124 dixerunt,
894 1054 1142 1126 prenominatam
1174 1057 1304 1128 pecunie
1333 1073 1489 1115 summam
1516 1059 1644 1117 ecclesie

379 1171 434 1213 sue
456 1155 600 1229 legatam.
623 1173 680 1215 nec
702 1173 851 1232 umquam
878 1159 915 1217 de
940 1161 1098 1217 voluntate
1122 1163 1276 1230 testatoris
1299 1161 1408 1220 fuisset
1432 1164 1561 1222 eandem
1585 1181 1643 1240 per

379 1260 588 1318 Wilhelmum
611 1261 713 1320 filium
729 1279 821 1320 suum
846 1264 884 1321 ad
909 1264 990 1322 dicte
1013 1265 1142 1323 ecclesie
1159 1266 1310 1325 fabricam
1327 1267 1366 1326 ad
1390 1267 1640 1328 distribuendum

380 1363 474 1424 fuisse
502 1369 711 1440 oommissam,
732 1370 816 1442 quod
840 1371 867 1428 si
889 1371 947 1428 hoc
970 1370 1008 1428 de
1033 1378 1105 1429 voto
1136 1387 1193 1458 suo
1212 1372 1328 1443 fuisset,
1351 1373 1436 1432 idern
1460 1367 1504 1454 (in
1527 1376 1639 1438 ultirna

380 1468 553 1544 ¹voluntate)
574 1475 776 1546 expressisset
798 1520 1050 1535 .........
1075 1471 1076 1474 ’
1079 1521 1204 1536 .....

484 1659 618 1724 Originale
642 1661 670 1710 iu
688 1662 835 1712 membrana
853 1664 915 1712 satis
933 1665 1045 1714 lacerum
1064 1672 1090 1714 et
1109 1681 1233 1717 mancum„
1261 1667 1288 1716 A
1317 1683 1381 1717 zona
1408 1669 1505 1718 sericea
1520 1669 1597 1718 rubra
1616 1675 1642 1719 et

378 1748 492 1800 violacea
510 1747 639 1812 appendet
657 1749 780 1814 sigillum.
799 1753 831 1800 In
849 1752 945 1806 archiv.
964 1769 1021 1806 ren,
1043 1754 1126 1819 Capit.
1144 1755 1245 1818 aagrab.
1267 1783 1270 1788 ,
1312 1772 1315 1778 ¹

970 2037 1061 2104 270.

483 2227 564 2277 Anno
587 2240 662 2293 1471,
684 2241 706 2282 1.
725 2228 847 2280 octobris.
866 2227 965 2280 Budae.

376 2371 520 2444 Manias,
533 2375 709 2448 Hungor'iac
721 2381 767 2434 etc.
779 2393 841 2443 rex,
860 2374 962 2435 milites
984 2375 1014 2431 in
1037 2375 1236 2434 canonicorum
1259 2378 1355 2447 curiis,
1362 2375 1641 2456 possessionibusque

890 2498 1026 2555 collocari
1046 2497 1130 2556 neiat.

1079 2636 1238 2688 Cornmissio¹
1253 2636 1356 2702 propria
1372 2637 1474 2688 domiui
1490 2635 1565 2694 regis.

481 2765 611 2822 Mathias
634 2764 684 2822 dei
707 2766 810 2836 gracia
834 2781 889 2822 rex
913 2765 1080 2838 Hungarie‚
1105 2766 1249 2824 Bohemie
1272 2773 1326 2824 etc.
1350 2765 1511 2824 Fidelibus
1528 2737 1639 2823 nostris

374 2870 547 2943 magnificis
573 2870 673 2928 Blasio
697 2872 826 2942 Magyar
849 2878 878 2928 et
901 2871 1055 2928 Damiano
1078 2872 1221 2929 Horvath
1245 2871 1331 2944 regni
1353 2871 1450 2929 nostri
1474 2869 1639 2928 Sclauonie

374 2977 463 3033 banis
487 2976 536 3033 rel
570 2991 677 3032 eorum
710 2976 876 3046 vicebanis,
905 2951 1036 3033 salutern
1068 2983 1098 3034 et
1120 2977 1266 3048 graciam.
1298 2976 1471 3050 Exponitur
1493 2975 1583 3033 nobis
1608 2975 1640 3050 in

375 3083 514 3156 personis
539 3081 679 3138 fidelium
704 3088 880 3139 nostrorum
904 3083 1097 3140 honorabilis
1120 3083 1249 3155 capituli
1279 3083 1407 3140 ecclesie
1429 3081 1639 3154 zagrabiensis

373 3189 410 3245 ad
430 3187 558 3244 modurn
576 3189 680 3258 gravis
697 3187 831 3259 querele,
856 3187 940 3260 quod
961 3201 1017 3244 vos
1032 3189 1092 3244 hiis
1109 3189 1303 3261 temporibus
1319 3188 1461 3262 proxime
1477 3187 1640 3245 transactis

374 3294 513 3350 homines
537 3301 567 3349 et
592 3292 762 3350 familiares
785 3297 905 3350 vestros
922 3294 952 3350 in
969 3293 1105 3366 propriis
1122 3293 1267 3350 domibus
1284 3297 1314 3350 et
1330 3292 1423 3350 curiis
1439 3292 1638 3350 dominorum

372 3399 509 3457 eiusdem
534 3397 663 3471 capituli
680 3403 785 3455 contra
802 3397 996 3456 voluntatem
1013 3398 1194 3455 eorumdem
1210 3398 1314 3472 sepius
1333 3397 1514 3456 descensum
1538 3397 1639 3456 iacere

372 3504 598 3578 permisissetis‚
623 3519 679 3576 per
702 3518 781 3576 quos
803 3518 864 3561 non
882 3503 1046 3584 mediocra
1069 3504 1206 3576 dampna
1222 3509 1314 3576 atque
1330 3503 1503 3577 opprobria
1519 3503 1638 3561 eisdem

372 3609 505 3667 dominis
529 3608 636 3667 inferri
660 3607 761 3666 iacere
777 3608 946 3666 misissetis.
970 3609 1147 3666 Novissime
1170 3608 1266 3666 eciam
1291 3608 1431 3666 homines
1454 3615 1575 3666 vestros
1597 3607 1638 3665 ad

372 3715 597 3788 possessionem
620 3714 759 3772 eiusdem
783 3715 912 3788 capituli
935 3713 1101 3787 Thoplyka
1118 3720 1271 3800 vocatam,
1293 3713 1326 3771 in
1349 3703 1497 3771 comitatu
1521 3728 1634 3772 warns·

371 3821 468 3879 diensi
491 3821 684 3891 existentem,
709 3835 796 3878 more
819 3795 1080 3878 exercituancium
1098 3819 1350 3890 transmisissetis‚
1374 3835 1431 3893 per
1447 3835 1525 3893 quos
1542 3833 1637 3894 prop·

370 3933 417 3985 ter
448 3925 606 4000 quandam
637 3933 742 3984 taxam
773 3943 830 4001 per
862 3942 918 3984 vos
949 3927 989 3984 ad
1021 3927 1102 3985 bona
1132 3926 1229 3999 ipsius
1260 3926 1389 4000 capituli
1410 3931 1517 3984 contra
1540 3925 1638 3983 liber·

370 4039 447 4091 tates
468 4031 606 4090 eiusdem
630 4033 690 4090 sibi
713 4048 731 4090 a
755 4032 836 4090 divis
858 4033 983 4105 regibus
1007 4033 1174 4105 Hungarie,
1197 4033 1311 4090 nostris
1329 4033 1447 4090 scilicet
1477 4030 1638 4105 predeces-

369 4139 493 4197 soribus
523 4139 690 4212 superinde
720 4153 887 4210 concessas,
912 4139 1100 4212 impositam,
1132 4152 1231 4211 prope
1255 4137 1366 4210 viginti
1388 4135 1529 4195 homines
1552 4136 1638 4194 simi·

369 4245 441 4303 liter
456 4245 488 4302 in
503 4243 611 4302 eadem
630 4245 821 4318 possessione
837 4253 867 4302 et
891 4245 954 4303 suis
978 4244 1174 4318 pertinenciis
1199 4249 1426 4302 commorantes
1447 4257 1523 4301 nece
1546 4241 1637 4300 mise

368 4349 463 4409 rabili
484 4349 656 4409 interficere
680 4351 903 4423 permisissetts,
925 4349 1024 4408 multa
1042 4365 1166 4426 quoqne
1187 4349 1249 4406 alia
1273 4349 1357 4406 mala
1380 4353 1473 4422 atque
1497 4347 1635 4422 dampna

368 4457 429 4530 ipsi
451 4457 589 4530 capitulo
627 4455 783 4525 fecissetis,
815 4455 979 4529 facereque
1009 4455 1184 4513 niteremini
1208 4455 1239 4512 in
1264 4455 1470 4527 preludicium
1493 4453 1635 4529 ipsorum

368 4569 398 4622 et
421 4562 604 4637 dampnum.
636 4561 740 4636 Quare
770 4562 982 4636 supplicatum
1014 4568 1060 4620 est
1089 4577 1146 4635 per
1179 4561 1372 4619 maiestatem
1403 4565 1540 4618 nostram
1575 4559 1636 4632 ipsi

367 4669 506 4742 capitulo
529 4670 696 4744 superinde
719 4676 895 4741 opportune
913 4667 1080 4741 provideri.
1103 4666 1193 4726 Unde
1214 4681 1271 4724 nos
1286 4666 1376 4724 sicuti
1392 4665 1546 4723 neminem
1563 4665 1635 4722 sub·

367 4775 503 4834 ditorum
526 4782 715 4846 nostrorum,
738 4774 783 4832 sic
804 4791 861 4832 nec
884 4759 1024 4848 p'reiatos
1046 4781 1235 4846 exponentes
1259 4779 1367 4830 contra
1382 4772 1522 4846 ipsorum
1540 4771 1635 4829 liber·

366 4887 444 4940 tates
467 4899 525 4956 per
555 4881 735 4956 quemqiam
758 4881 870 4938 iniuste
894 4880 1032 4954 opprimi
1055 4879 1205 4949 volentes,
1229 4877 1374 4936 fidelitati
1397 4883 1499 4935 vestre
1522 4877 1634 4935 harum

365 4989 445 5047 serie
463 4989 655 5047 strictissime
674 4986 868 5059 mandamus,
899 4992 1050 5060 qnatenus
1080 4984 1195 5042 amodo
1226 4985 1257 5041 in
1281 4990 1370 5041 antea
1391 4983 1430 5040 ad
1462 4983 1573 5040 domos
1602 4987 1634 5040 et
