3932 5806
720 589 794 647 Dor.
819 582 891 644 188.
917 617 958 629 -
982 586 1037 644 An.
1063 594 1151 661 1457·

897 796 980 863 188.

403 943 484 992 Anno
505 953 580 1007 1457,
603 954 624 994 1.
640 942 723 1007 Junil.
740 941 837 992 Budae.

297 1061 455 1127 ladislaus
484 1069 662 1143 Huugariae
695 1076 742 1126 etc.
773 1087 836 1138 rex,
865 1067 1089 1125 communitatem
1120 1065 1254 1133 ciuitatis,
1283 1080 1319 1119 ue
1349 1060 1450 1133 Papa
1480 1064 1562 1115 turea

600 1151 604 1158 ι
651 1175 776 1250 capetulo
798 1169 950 1242 reddatur,
973 1171 1107 1246 cmpedirc
1129 1177 1216 1232 aetat.

1001 1311 1155 1362 Commissio
1173 1310 1278 1376 propria
1296 1307 1393 1356 domiui
1412 1305 1489 1369 regis.

358 1423 359 1429 ’
402 1425 566 1487 Ladislaus
590 1427 640 1486 dei
662 1427 767 1501 gracia
790 1426 956 1498 Hungarie,
979 1424 1134 1495 Bohemie‚
1163 1421 1333 1491 Dalmacie,
1357 1417 1484 1476 Croacie
1508 1421 1562 1472 etc.

297 1550 361 1606 rex,
379 1535 564 1608 Austrieque
580 1539 610 1592 et
632 1531 724 1592 Stirie
747 1532 828 1603 dux,
853 1547 971 1590 necnon
994 1530 1134 1588 marchio
1157 1527 1296 1587 Morauie
1319 1530 1373 1583 etc.
1398 1520 1560 1581 Fidelibus

297 1623 411 1698 nostris
433 1638 538 1716 judici,
562 1638 679 1715 juratis,
703 1640 874 1713 ceterisque
896 1637 1018 1696 civibus
1041 1637 1174 1695 civitatis
1205 1639 1309 1692 nostre
1341 1630 1454 1689 montis
1486 1627 1563 1686 Gre-

299 1747 396 1805 censis
419 1747 552 1805 salutem
576 1754 606 1804 et
629 1748 778 1819 graciam.
801 1745 882 1819 Quia
904 1760 960 1802 nos
984 1759 1139 1802 unacum
1162 1741 1308 1815 plurimis
1332 1737 1468 1812 prelatis,
1492 1734 1563 1792 bar·

298 1845 427 1910 r'onibus
461 1857 491 1911 et
526 1853 710 1911 consiliariis
743 1853 865 1924 nostris,
900 1851 1009 1909 fideles
1040 1856 1161 1908 nostros
1184 1845 1367 1906 honorabile
1390 1840 1563 1915 capitulum

299 1958 427 2016 ecclesie
452 1959 660 2030 zagrabiensis
694 1973 788 2032 super
811 1957 947 2030 quadam
971 1956 1050 2014 turri
1072 1953 1201 2029 capituli
1225 1950 1363 2010 eiusdem
1386 1949 1417 2006 in
1440 1947 1563 2004 civitate

298 2067 404 2122 nostra
438 2065 552 2123 montis
590 2064 751 2122 Grecensis
786 2063 925 2136 predicta
959 2077 995 2120 ac
1029 2063 1125 2119 vestri
1159 2060 1191 2118 in
1224 2057 1328 2116 medio
1361 2055 1476 2124 habita,
1508 2067 1564 2126 per

299 2169 431 2227 condam
459 2171 586 2228 comites
610 2170 690 2228 Ciiie
712 2171 752 2228 ab
776 2171 852 2244 ipsis
876 2169 1013 2242 capitulo
1036 2169 1139 2226 minus
1162 2167 1240 2224 inste
1263 2169 1293 2222 et
1314 2161 1451 2221 indebite
1474 2174 1563 2218 occu·

300 2280 380 2348 pata,
403 2276 534 2350 plenum
567 2273 616 2352 jus
649 2277 764 2333 habere
799 2279 829 2333 et
862 2275 901 2332 ad
937 2274 1072 2345 eosdem,
1106 2272 1279 2345 capitulum
1312 2266 1510 2340 zagrabiense
1533 2269 1563 2321 et

298 2382 454 2439 neminem
477 2383 575 2440 alium
599 2383 753 2456 pertinere
776 2381 936 2440 evidenter
959 2386 989 2438 et
1011 2379 1173 2438 manifeste
1197 2375 1415 2449 comperimus
1439 2373 1480 2429 ob
1504 2371 1563 2428 hoc

298 2503 373 2559 nos,
387 2502 508 2546 morem
542 2487 796 2562 predecessorum
830 2493 1008 2545 nostrorum
1045 2501 1155 2559 regum
1186 2482 1318 2557 predicti
1348 2479 1435 2551 regni
1465 2477 1562 2534 nostri

298 2595 466 2667 Hungarie‚
490 2596 542 2668 qui
566 2595 647 2652 bona
672 2599 702 2651 et
724 2600 892 2668 proventus
916 2593 1119 2651 ecclesiarum
1142 2595 1172 2648 et
1202 2584 1415 2646 ministrorum
1447 2582 1563 2640 Christi

298 2700 383 2758 soliti
417 2707 505 2758 erant
540 2705 740 2773 augmentare
774 2701 883 2774 pocius
917 2715 1013 2773 quam
1043 2699 1230 2767 diminuere,
1263 2693 1378 2752 imitari
1413 2691 1562 2760 volentes,

298 2789 513 2881 prescriptam
544 2807 655 2864 turrim
690 2804 817 2864 antefati
852 2806 990 2881 capituli,
1014 2805 1055 2862 ab
1078 2803 1187 2862 eodem
1210 2801 1357 2874 capitulo,
1380 2795 1475 2854 modo
1498 2808 1561 2867 quo

298 2912 402 2986 supra,
424 2915 637 2998 potencialiter
660 2893 849 2972 a'bstiactam
872 2920 902 2972 et
925 2919 1118 2987 occupatam,
1142 2926 1179 2968 ex
1204 2914 1287 2967 certa
1310 2913 1415 2965 nostra
1432 2902 1562 2962 sciencia

298 3025 329 3077 et
351 3021 455 3077 animo
476 3020 650 3078 deliberato
672 3019 789 3077 eisdem
813 3020 966 3077 canonicis
988 3025 1018 3076 et
1041 3017 1177 3092 capitulo
1201 3016 1282 3073 dicte
1305 3013 1432 3071 ecclesie
1455 3023 1560 3081 ragra-

297 3125 419 3197 biensis,
444 3127 542 3183 veluti
565 3127 729 3200 proprium
752 3125 801 3202 jus
820 3127 961 3198 ipsorum
986 3142 1042 3199 per
1065 3125 1142 3182 alias
1166 3124 1285 3181 litteras
1307 3126 1429 3178 nostras
1452 3114 1562 3174 exinde
1639 3119 1641 3125 '

297 3230 450 3304 confectas
485 3232 515 3288 in
547 3239 734 3306 perpetuum
764 3233 949 3305 reliquimus
982 3237 1012 3288 et
1045 3230 1222 3288 remisimus
1255 3224 1483 3302 possidendam,
1519 3226 1561 3278 te·

296 3337 440 3408 nendam,
464 3338 581 3410 pariter
604 3347 633 3394 et
656 3337 841 3396 habendam.
865 3339 968 3410 Quam
992 3337 1034 3395 ob
1057 3351 1123 3393 rem
1147 3335 1291 3392 fidelitati
1315 3339 1416 3389 vestre
1450 3330 1562 3386 harum

296 3444 374 3501 serie
397 3443 530 3501 firmiter
553 3444 786 3516 committimus,
810 3445 854 3501 sic
876 3444 1002 3501 omnino
1026 3443 1141 3500 habere
1165 3441 1313 3509 volentes,
1338 3443 1489 3511 quatenus
1514 3434 1559 3490 ul·

295 3550 402 3607 teriori
435 3549 581 3607 mandato
615 3555 722 3607 nostro
757 3549 924 3623 superinde
958 3565 1019 3606 non
1050 3553 1221 3622 expectata,
1254 3551 1427 3620 pretactam
1449 3541 1561 3599 turrim

297 3656 439 3729 ipsorum
463 3657 494 3714 in
518 3656 621 3714 medio
645 3663 747 3714 vestre
770 3657 973 3714 habitacionis
996 3672 1068 3713 cum
1092 3653 1289 3729 pertinenciis
1325 3649 1464 3728 eiusdem
1495 3648 1563 3704 uni-

297 3761 394 3820 versis
427 3761 468 3819 ad
502 3762 631 3821 eandem
662 3764 703 3820 ab
736 3763 864 3836 antiquo
898 3763 1109 3836 spectantibus
1146 3767 1176 3818 et
1199 3761 1352 3834 pertinere
1376 3755 1562 3814 debentibus

296 3869 361 3926 sine
384 3870 470 3926 omni
493 3884 583 3926 mora
605 3875 635 3926 et
659 3869 843 3927 difficultate
867 3869 983 3926 eisdem
1008 3868 1146 3942 capitulo
1169 3868 1327 3925 remittere
1351 3875 1381 3921 et
1412 3862 1562 3930 relaxare,

296 3991 468 4048 manusque
491 3982 609 4032 vestras
633 3975 671 4032 de
703 3975 813 4032 eadem
845 3975 966 4048 penitus
996 3975 1137 4047 excipere
1168 3973 1313 4030 debeatis.
1344 3969 1438 4028 Secus
1469 3967 1563 4038 igitur

296 4097 358 4139 non
394 4079 514 4152 facturi,
548 4080 687 4153 alioquin
721 4081 935 4138 commisimus
966 4087 996 4138 et
1019 4063 1313 4153 seriepresencium
1337 4075 1562 4134 committimus

296 4185 383 4243 fideli
418 4191 524 4243 nostro
558 4185 724 4258 magnifico
759 4187 881 4258 Hening
915 4186 954 4244 de
986 4185 1193 4256 Zomzedwar‚
1219 4185 1368 4256 magistro
1391 4195 1563 4254 agazonum

295 4299 483 4363 nostrorum,
518 4295 668 4364 quatenus
702 4292 769 4366 ipse
803 4308 860 4349 vos
894 4292 933 4349 ad
965 4292 1116 4366 premissa
1151 4290 1346 4349 observanda
1381 4287 1563 4345 auctoritate

296 4403 401 4458 nostra
424 4398 620 4470 presentibus
643 4398 705 4456 sibi
726 4399 758 4456 in
781 4399 839 4456 hac
869 4404 958 4472 parte
993 4399 1168 4472 specialiter
1203 4412 1344 4455 concessa
1380 4378 1410 4454 et
1443 4394 1563 4452 iusticia

296 4509 481 4579 exposcente
504 4520 560 4578 per
576 4503 713 4562 remedia
729 4511 906 4580 opportuna
927 4505 1098 4578 compellat
1117 4511 1148 4562 et
1163 4505 1322 4576 astringat.
1343 4503 1460 4560 Datum
1478 4501 1562 4560 Bude

296 4609 373 4670 foria
406 4614 516 4684 quarta
539 4611 683 4685 proxima
704 4617 775 4685 post
798 4611 912 4668 festum
935 4611 1121 4668 ascensionis
1144 4611 1279 4668 Domini.
1310 4611 1400 4666 Anno
1423 4608 1562 4667 eiusdem

296 4715 467 4776 millesimo
491 4716 796 4790 quadringentesimo
820 4717 1078 4791 quinquagesimo
1097 4717 1239 4791 septimo,
1263 4717 1442 4789 Regnorum
1458 4719 1562 4772 autem

295 4828 485 4895 nostrorum,
509 4837 589 4881 anno
612 4824 771 4898 Hungarie
794 4829 848 4882 etc.
873 4823 994 4882 decimo
1019 4825 1161 4898 septimo,
1186 4823 1332 4882 Bohemie
1351 4837 1426 4880 vero
1443 4825 1561 4895 quarto

403 4977 537 5042 Originale
555 4978 583 5028 in
601 4978 697 5030 charta.
734 4980 766 5026 In
784 4977 899 5042 margine
918 4977 1035 5027 inferiori
1053 4978 1206 5043 impressum
1224 4983 1263 5025 est
1282 4975 1404 5041 sigillum.
1442 4977 1473 5023 In
1492 4973 1559 5022 arch.

297 5083 354 5120 ven.
375 5067 438 5133 Cap.
459 5068 560 5132 zagrab.
579 5068 642 5120 Act.
662 5083 717 5134 cap.
736 5073 788 5119 ant.
808 5067 869 5118 fase.
892 5079 931 5119 10.
951 5082 989 5118 nr.
1010 5067 1033 5116 6.
