3932 5806
715 540 788 598 Doc.
813 535 881 597 182.
910 572 945 582 -
972 539 1020 598 An
1053 549 1140 616 1455·
1502 554 1560 616 ²4⁵

296 758 383 817 ribus
404 762 434 816 et
456 756 693 831 gravaminibus
723 771 831 815 eorum
862 757 893 816 in
924 755 1006 814 facto
1034 754 1234 830 infrascripto
1270 769 1327 830 per
1350 757 1454 815 omnia
1476 753 1508 813 in
1531 767 1563 812 se

295 865 381 938 ipsos
406 863 585 937 assumptis,
608 877 714 922 coram
729 862 820 921 nobis
836 862 1041 936 personaliter
1057 861 1213 919 constituti
1232 859 1375 920 dixerunt
1400 867 1430 920 et
1453 867 1562 938 sponte

294 975 366 1029 sunt
388 969 520 1028 confessi
542 970 614 1027 vive
637 968 723 1028 vocis
746 983 855 1026 eorum
877 967 1013 1026 oraculis
1035 968 1066 1025 in
1089 968 1171 1026 hunc
1195 967 1340 1026 modum:
1372 966 1465 1042 Quod
1488 969 1562 1042 quia

295 1075 434 1151 prefatus
457 1075 566 1134 Petrus
588 1074 759 1148 Gwndych,
783 1079 872 1149 pater
893 1074 992 1148 ipsius
1017 1071 1104 1131 Galli
1127 1077 1158 1131 et
1180 1079 1310 1147 patruus
1334 1072 1408 1132 dicti
1433 1074 1561 1133 Fabiani

294 1197 330 1266 ac
352 1181 525 1240 avunculus
539 1184 681 1258 ipsorum
697 1180 785 1240 Pauli
802 1185 832 1238 et
847 1180 981 1253 Mathye,
996 1179 1087 1238 certis
1103 1183 1133 1237 et
1147 1178 1391 1238 racionabilibus
1407 1195 1445 1238 ex
1461 1181 1560 1240 causis

295 1293 401 1348 contra
416 1288 551 1361 Petrum,
566 1287 669 1347 filium
684 1285 833 1361 Stephani
847 1284 1017 1358 Swechych
1040 1285 1159 1344 dictum
1182 1291 1212 1343 et
1229 1285 1440 1358 Valentinum,
1460 1285 1562 1345 filium

296 1395 466 1466 Mychaelis
489 1393 658 1468 Sarouych,
693 1393 771 1452 alias
793 1391 928 1470 judicem
952 1407 988 1451 ac
1010 1393 1173 1450 universos
1197 1392 1281 1450 cives
1303 1397 1334 1450 et
1356 1397 1456 1450 totam
1478 1407 1561 1450 com·
1652 1465 1660 1488 1

295 1503 478 1560 munitatem
502 1501 617 1560 civium
642 1501 775 1558 civitatis
799 1499 913 1557 montis
936 1497 1099 1556 Grecensis
1135 1496 1173 1555 de
1203 1495 1291 1572 juxta
1318 1496 1503 1570 Zagrabiam
1526 1499 1558 1558 in

294 1607 457 1667 manifesta
478 1606 655 1682 calumpnia
677 1606 779 1664 tribus
801 1605 922 1664 vicibus
945 1604 1110 1662 exstitisset
1134 1608 1283 1678 repertus,
1300 1619 1357 1678 per
1372 1603 1560 1679 eosdemque

295 1687 380 1772 cives
406 1719 436 1772 et
460 1713 574 1772 dictam
591 1712 845 1771 communitatem
862 1710 942 1768 dicte
958 1710 1093 1768 civitatis
1108 1709 1223 1767 montis
1239 1708 1410 1782 Grecensis‚
1435 1711 1557 1770 racione

295 1819 434 1878 eiusdem
456 1820 633 1893 calumpnie
656 1817 818 1876 manifeste
842 1817 1001 1874 convictus
1026 1816 1134 1874 fnisset
1158 1820 1187 1874 et
1210 1821 1407 1890 aggravatus,
1442 1825 1472 1875 et
1495 1823 1560 1876 tan·

295 1925 367 1984 dem
389 1924 477 2002 juxta
511 1940 566 1984 sua
589 1921 740 1983 demerita
773 1924 948 1998 captivatus
983 1927 1012 1980 et
1043 1923 1075 1980 in
1106 1936 1261 1979 carcerem
1295 1922 1394 1996 ipsius
1427 1924 1560 1982 civitatis

295 2033 416 2104 missus,
450 2047 509 2108 pro
532 2031 649 2090 eisdem
672 2031 736 2090 suis
759 2030 936 2088 excessibus
970 2028 1194 2103 calumpniosis
1225 2029 1399 2102 puniturus,
1429 2037 1559 2104 propter

294 2139 379 2214 quod
413 2139 474 2214 ipsi
509 2137 628 2209 Gallus,
663 2137 827 2209 Fabianus,
863 2135 979 2194 Paulus
1009 2143 1039 2192 et
1070 2135 1211 2207 Matbyas
1242 2134 1397 2208 prefatum
1432 2135 1558 2196 Petrum
1651 2167 1655 2172 ·

294 2244 459 2318 Gwndych
483 2244 521 2302 de
545 2243 626 2302 dicta
650 2243 829 2318 captivitate
853 2246 884 2299 et
906 2241 1083 2300 carceribus
1116 2242 1259 2315 ipsorum
1282 2242 1399 2300 civium
1423 2243 1558 2303 civitatis

294 2351 432 2426 predicte
454 2350 494 2409 ad
518 2351 710 2424 obligamina
733 2364 842 2408 eorum
877 2348 1075 2423 infrascripta
1105 2349 1298 2423 excepissent
1320 2348 1377 2407 tali
1407 2347 1503 2408 modo
1525 2367 1558 2409 se

293 2458 467 2530 obligantes
490 2471 595 2515 coram
624 2457 731 2514 nobis:
764 2461 799 2513 ut
821 2455 847 2512 si
871 2455 938 2530 ipse
969 2454 1077 2512 Petrus
1109 2453 1272 2527 Gwndych
1295 2459 1349 2514 aut
1370 2471 1428 2529 per
1450 2472 1482 2514 se
1505 2462 1558 2514 aut

293 2578 350 2638 per
372 2563 468 2622 aliam
498 2577 667 2638 personam
702 2577 941 2636 quamcumque,
972 2565 1079 2619 contra
1111 2559 1267 2636 predictos
1290 2562 1373 2620 cives
1396 2569 1426 2620 et
1460 2567 1557 2622 totam

293 2670 548 2728 communitatem
570 2669 711 2743 ipsorum
735 2669 850 2726 civium
874 2667 955 2726 dicte
978 2667 1111 2726 civitatis
1135 2668 1247 2740 quovis
1263 2667 1413 2742 temporis
1436 2668 1466 2727 in
1485 2683 1557 2744 pro·

291 2791 379 2835 cessu
411 2775 513 2851 ipsam
552 2773 763 2850 calumpniam
793 2775 1006 2846 reiteraverit,
1031 2777 1084 2832 aut
1117 2775 1149 2832 in
1183 2772 1292 2832 eadem
1314 2789 1368 2832 seu
1403 2776 1555 2834 insimili

293 2881 471 2957 calumpnia
494 2881 589 2940 modo
613 2895 810 2956 quocumque
833 2882 1026 2956 processerit,
1062 2885 1174 2940 extunc
1196 2893 1271 2938 mox
1293 2881 1362 2955 ipso
1385 2881 1465 2940 facto
1486 2898 1558 2956 pre·

292 2987 366 3047 dicti
388 2988 508 3061 Gallus,
541 2989 704 3059 Fabianus,
740 2987 857 3046 Paulus
881 2995 911 3046 et
934 2987 1066 3046 Mathias
1089 2986 1223 3045 eundem
1246 2987 1373 3046 Petrum
1392 2986 1556 3062 Gwndych

291 3093 496 3168 personaliter
518 3093 648 3169 prefatis
682 3094 805 3152 civibus
829 3099 859 3152 et
882 3095 1097 3152 communitati
1128 3094 1184 3152 toti
1207 3093 1305 3167 ipsius
1328 3094 1461 3153 civitatis
1484 3111 1555 3171 pre·

292 3205 413 3258 sentare
445 3199 578 3258 debeant
611 3205 641 3258 et
665 3206 812 3273 teneatur,
847 3216 939 3273 quern
964 3201 990 3258 si
1019 3199 1225 3274 personaliter
1260 3205 1438 3274 presentare
1461 3209 1491 3260 et
1515 3201 1555 3260 ad

292 3321 404 3364 manus
436 3320 545 3365 eorum
576 3305 650 3365 dare
683 3307 894 3380 nequiverint,
926 3311 1038 3365 extunc
1071 3308 1103 3364 in
1134 3307 1301 3364 continenti
1332 3307 1555 3382 quinquaginta

289 3427 410 3470 marcas
434 3411 641 3486 denariorum,
671 3427 730 3489 pro
753 3419 894 3488 ternpore
925 3413 1128 3485 currencium,
1152 3412 1279 3471 domino
1301 3413 1444 3486 ipsorum
1467 3420 1556 3472 natu-

290 3518 350 3577 rali
373 3534 427 3577 seu
450 3519 588 3577 terrestri
610 3525 640 3576 et
659 3519 736 3578 alias
773 3520 998 3594 quinquaginta
1032 3534 1152 3577 marcas
1187 3518 1386 3577 denariorum
1416 3519 1555 3594 predicte

290 3625 505 3684 communitati
526 3624 667 3704 ipsorum
691 3627 806 3684 civium
830 3626 1010 3702 persolvere
1027 3626 1168 3699 debeant,
1191 3641 1227 3684 ac
1243 3624 1553 3700 dampnificacionem

293 3731 369 3806 ipsis
392 3729 513 3789 civibus
536 3735 565 3788 et
588 3731 645 3789 toti
669 3733 883 3807 communitati
906 3732 1023 3790 civium
1047 3729 1297 3806 supradictorum
1320 3736 1420 3790 totum
1445 3732 1554 3808 damp-

289 3854 363 3897 num
388 3853 505 3912 eorum,
522 3839 605 3913 quod
629 3837 740 3897 exinde
761 3845 1056 3912 consequererentur
1080 3845 1109 3897 et
1132 3839 1273 3896 subirent
1295 3839 1433 3896 totaliter
1448 3838 1550 3898 retun·
1660 3861 1670 3886 ·

289 3943 361 4002 dere
385 3951 415 4002 et
438 3947 617 4020 persolvere
647 3947 815 4003 teneantur.
850 3945 899 4003 Ad
931 3961 991 4018 que
1015 3946 1167 4020 premissa
1190 3945 1382 4018 obligamina
1412 3946 1549 4005 annotati

289 4049 409 4122 Gallus,
432 4051 595 4123 Fabianus,
620 4051 734 4108 Paulus
757 4059 787 4108 et
810 4051 942 4110 Mathias
960 4051 1022 4109 suis
1046 4057 1076 4109 et
1099 4065 1234 4126 quorum
1257 4067 1353 4126 supra
1373 4053 1551 4110 nominibus

288 4163 319 4214 et
341 4157 373 4215 in
396 4158 537 4232 personis
560 4174 592 4216 se
615 4162 784 4233 spontanea
807 4173 917 4216 eorum
942 4172 1047 4216 coram
1064 4159 1154 4216 nobis
1178 4158 1357 4230 obligarunt
1380 4158 1552 4221 voluntate.

287 4263 408 4320 Harum
431 4268 608 4321 nostrarum
639 4263 748 4336 vigore
771 4271 801 4322 et
831 4264 1009 4323 testimonio
1038 4247 1216 4322 litterarum¹
1238 4262 1400 4322 mediante.
1435 4263 1552 4324 Datum

287 4369 364 4426 feria
387 4375 474 4426 sexta
497 4369 527 4426 in
551 4367 629 4428 festo
654 4368 798 4428 videlicet
814 4371 899 4429 beati
915 4371 1024 4453 Jacobi
1040 4370 1184 4445 apostoli.
1209 4372 1299 4429 Anno
1316 4369 1435 4429 domini
1450 4369 1553 4429 mille·

287 4475 366 4532 simo
390 4474 693 4548 quadringentesimo
717 4476 975 4550 quinquagesimo
999 4478 1116 4550 quinto.

393 4661 526 4727 Originale
551 4664 579 4713 in
609 4663 704 4716 charta.
736 4665 763 4714 A
796 4671 867 4728 tergo
898 4665 1036 4728 vestigium
1054 4663 1173 4731 impressi
1192 4664 1280 4732 sigilli.
1306 4667 1339 4715 In
1363 4661 1457 4716 archiv.
1491 4663 1551 4716 incl.

290 4751 373 4803 Acad.
394 4752 489 4803 Scient.
503 4752 601 4804 Slnvor.
614 4753 706 4805 merid.
