3736 5826
417 533 525 594 CCXL
967 526 1155 600 Argumenta.

420 633 818 641 ...-.....-—-.----——-..—
825 620 1675 638 w———m-m———n—-fflae

1628 735 1725 790 ΜΗ

441 837 499 890 331.
529 827 610 876 Auno
632 827 706 889 1482,
729 834 768 876 11.
784 822 858 888 Julii.
886 824 1001 876 Posonii.
1025 822 1148 886 Matbias,
1173 821 1323 885 Hungariae
1348 828 1398 874 etc.
1416 836 1469 878 rer,
1488 815 1602 868 Blasio

528 916 627 979 Magjar
645 914 713 963 bano
733 928 762 962 ac
780 911 906 962 Baltassri
925 912 1011 962 Batau
1030 917 1055 960 et
1073 911 1151 959 Petro
1170 907 1267 973 Boclraj
1288 909 1420 959 nobilibus
1438 905 1602 962 interdicit,

525 1019 558 1052 ne
576 1019 591 1054 1
609 1002 710 1052 civibus
728 1001 829 1064 zagrab.
849 1000 975 1050 tributum
994 1013 1040 1065 pro
1060 1013 1144 1047 merce
1162 1004 1259 1063 petant,
1285 1013 1350 1046 neve
1367 997 1472 1060 exigant
1479 1021 1594 1036 ······
1667 1002 1719 1052 421

439 1104 498 1156 332·
529 1092 610 1140 Anno
633 1091 707 1154 1483,
727 1101 769 1155 25.
789 1088 921 1138 februarii.
946 1087 1094 1151 Zagrsbiue.
1118 1086 1248 1136 Statutum
1273 1085 1381 1150 capituli
1404 1083 1601 1149 uagrubiensis

526 1181 559 1229 de
591 1193 675 1244 poena
706 1177 886 1227 constituenda
916 1177 944 1226 in
973 1174 1056 1233 illum,
1091 1175 1137 1238 qui
1168 1173 1260 1223 clavim
1285 1174 1381 1238 scrinii,
1400 1189 1453 1238 quo
1471 1171 1600 1238 capituli

527 1267 642 1332 sigillum
661 1271 832 1322 conservatur,
850 1265 893 1314 die
912 1263 1079 1329 sigillationis
1097 1278 1149 1312 non
1167 1263 1342 1328 deportaverit
1354 1286 1591 1302 ·············
1663 1268 1720 1320 422

441 1369 499 1420 333.
528 1358 609 1408 Α111
631 1356 705 1418 1483,
731 1367 757 1416 9.
782 1354 851 1406 maii.
879 1354 976 1405 Budae.
1002 1352 1123 1409 Mathias,
1148 1351 1300 1416 Huugariae
1318 1359 1366 1402 etc.
1386 1367 1439 1409 rer,
1458 1351 1596 1402 omnibns

526 1444 666 1501 nobilibus,
680 1444 725 1507 qui
744 1443 772 1492 iu
783 1442 991 1508 possessionibus
1004 1441 1059 1490 suis
1073 1441 1169 1490 tributa
1181 1447 1277 1497 tenent,
1290 1440 1432 1490 identidem
1445 1439 1595 1504 praecipit,

527 1541 555 1583 ut
575 1551 590 1582 a
608 1532 794 1584 mercatoribus
812 1531 1021 1595 ragrabiensibus
1038 1529 1176 1593 vectigalia
1197 1529 1300 1593 exigere
1318 1529 1445 1578 desistant
1460 1551 1587 1568 ·······
1660 1535 1718 1586 423

442 1635 500 1686 334.
530 1623 612 1674 Anno
639 1622 714 1684 1483,
737 1629 776 1672 11.
794 1620 876 1684 Junii.
902 1619 1049 1683 Zugrabiae.
1074 1618 1204 1668 Statutum
1223 1617 1330 1683 capituli
1355 1617 1388 1666 dc
1406 1617 1503 1666 lorcin
1522 1631 1594 1666 1111

528 1710 664 1776 capitulari
683 1725 758 1760 curae
775 1707 883 1774 capituli
901 1707 994 1756 iudicis
1012 1706 1195 1756 committendo
1211 1731 1560 1746 ····················
1576 1731 1583 1741 ·
1657 1713 1716 1764 424

443 1811 503 1864 335.
531 1801 607 1848 Anno
629 1799 703 1861 1483.
731 1809 770 1860 17.
795 1795 956 1862 septembris.
977 1795 1123 1859 Zagrabiae.
1149 1794 1263 1844 Mathias
1289 1795 1376 1844 Gereb
1393 1795 1484 1852 111111,
1501 1795 1591 1844 Petro

529 1884 628 1950 Bodlraj
654 1900 684 1936 11
709 1883 847 1934 Ludislavo
872 1882 973 1948 Robsy,
998 1883 1169 1946 omnibusque
1192 1883 1325 1932 nobilibus
1349 1883 1484 1948 praecipit,
1502 1898 1537 1932 ne
1555 1883 1588 1932 in

531 1973 738 2039 possessionibus
771 1973 825 2022 suis
853 1988 869 2021 a
898 1971 997 2046 pinibus
1026 1971 1237 2036 zagrabiensibus
1267 1971 1393 2022 tributum
1422 1987 1469 2036 pro
1497 1987 1588 2020 merce

512 2068 616 2127 petant
634 2084 1576 2101 ·····················································

443 2150 503 2213 336.
532 2151 613 2199 Anno
635 2149 710 2211 1484,
730 2161 753 2212 3.
773 2148 842 2200 maii.
870 2148 968 2201 Budae.
996 2147 1118 2210 Mathia,
1146 2149 1297 2212 Hungarise
1321 2155 1372 2199 etc.
1390 2163 1443 2205 rex,
1461 2148 1586 2198 omnibus

531 2238 603 2302 regni
622 2236 760 2288 Slavoniue
777 2235 909 2286 nobilibus
928 2252 1017 2288 severe
1042 2235 1181 2292 interdicit,
1205 2252 1239 2285 ne
1257 2253 1272 2286 a
1290 2236 1474 2286 mercatoribus
1492 2253 1581 2300 ragra-

530 2325 627 2376 biensis
645 2322 755 2388 vestigal
770 2324 874 2388 exigant
892 2349 1575 2364 ·····································

443 2426 500 2480 337.
530 2415 611 2464 Anno
644 2414 719 2476 1484,
749 2413 774 2466 8.
798 2413 879 2478 Junii.
909 2411 1056 2477 Zagrabiae.
1085 2413 1217 2463 Statutum
1244 2361 1430 2464 demonicis
1453 2429 1582 2479 caupones

532 2503 711 2554 exercentibus
740 2509 766 2551 11
794 2503 827 2552 (11
853 2517 937 2568 pcena
963 2502 1174 2554 constituenda'
1167 2517 1195 2552 su
1218 2517 1271 2565 eos,
1295 2503 1341 2566 qui
1366 2502 1461 2552 chartis
1478 2503 1582 2553 lusoriis

533 2607 626 2654 magne
645 2591 754 2655 pecunia
773 2591 864 2655 posita,
883 2589 993 2640 luserint
1018 2615 1575 2631 ································

444 2679 504 2741 338.
532 2679 613 2728 Anno
630 2679 704 2742 1484,
721 2691 760 2746 15.
771 2679 845 2742 ]1111
858 2678 1005 2742 Zagrabiae.
1026 2677 1161 2728 Robertus
1178 2681 1342 2744 praepositus
1360 2687 1465 2744 propter
1481 2679 1582 2728 diversa

532 2766 630 2817 scelera
658 2767 739 2831 gradu
770 2766 890 2831 dejicitur
921 2773 947 2816 et
977 2765 1104 2820 beneficio
1134 2782 1163 2816 ac
1194 2766 1375 2832 capitulsrium
1405 2783 1421 2816 1
1450 2767 1583 2818 consorcio

530 2855 677 2904 excluditur
695 2879 1576 2896 ··················································

444 2956 502 3008 339.
532 2945 611 2993 Anno
633 2943 707 3006 1484,
729 2955 751 3006 3.
770 2943 921 2994 decembris.
943 2942 1090 3006 Zagrabiae.
1110 2941 1225 2992 Mathius
1244 2942 1331 2992 Gereb
1348 2942 1440 3000 benus,
1458 2943 1579 2993 omnibus

531 3030 663 3080 nobilibus
691 3031 794 3089 tributa,
821 3046 887 3096 quae
906 3047 922 3080 a
939 3031 1039 3080 civibus
1057 3030 1158 3094 uagrab.
1178 3035 1272 3080 111111
1289 3031 1374 3096 legem
1392 3031 1505 3096 exigant,
1524 3045 1581 3081 sese

532 3127 716 3186 occupaturum
734 3134 800 3178 esse,
819 3120 931 3170 minatur
949 3143 1579 3160 ····································

444 3222 502 3272 340.
532 3210 612 3258 Auno
634 3209 709 3273 1485,
732 3207 770 3258 16.
791 3208 952 3272 septembris.
980 3207 1128 3272 Zagrabine.
1155 3207 1285 3258 Statntum
1309 3207 1417 3273 capituli
1441 3207 1474 3258 de
1492 3208 1585 3258 solidis

531 3297 564 3345 ab
582 3311 740 3359 unoquoque
758 3297 882 3346 canonico
900 3295 1039 3359 quotannis
1057 3297 1233 3361 companatori
1252 3296 1385 3346 solvendis
1410 3319 1578 3336 ··········

445 3396 503 3447 341,
533 3385 613 3434 Auno
636 3383 710 3447 1486,
731 3384 754 3435 8.
774 3383 872 3448 aprilis.
892 3383 990 3436 Budue.
1017 3382 1139 3441 Mathins,
1166 3385 1317 3448 Hunguriae
1335 3391 1383 3435 etc.
1397 3399 1450 3441 rex,
1469 3383 1585 3448 capitulo

531 3473 664 3537 praecipit,
684 3480 712 3522 ut
732 3473 886 3537 Gregorium
905 3471 937 3521 de
956 3471 1063 3521 Stubica
1080 3471 1108 3520 11
1127 3471 1188 3521 salis
1208 3472 1304 3522 fodinis
1324 3472 1510 3536 perquirendis,
1523 3489 1585 3537 ape·

531 3561 686 3623 riendisque,
705 3561 810 3625 adjuvet
841 3583 1580 3600 ··········································

445 3661 494 3711 342
532 3650 613 3698 Anno
647 3649 721 3713 1487,
751 3648 793 3702 26.
818 3646 938 3712 januarii.
967 3647 1115 3712 Zagrabiae.
1144 3647 1321 3698 communitas
1349 3647 1462 3698 civitatis
1490 3650 1586 3698 montis

535 3737 673 3785 Grecensis
699 3736 822 3785 iratribus
850 3736 973 3786 Eremitis
998 3737 1125 3794 concedit,
1149 3742 1177 3784 ut
1201 3737 1291 3785 turrim
1320 3737 1347 3786 in
1375 3737 1479 3787 civitate
1508 3739 1585 3786 sitam

531 3831 675 3873 restaurent
694 3825 721 3872 in
740 3839 821 3888 eaque
840 3839 893 3872 unu
912 3823 1068 3887 inquilinum
1086 3823 1215 3874 collocent
1233 3849 1578 3864 ····················

449 3923 507 3974 343.
536 3914 612 3960 Auno
634 3913 708 3976 1487,
729 3924 752 3975 7.
773 3911 870 3975 aprilis.
896 3912 999 3960 Rornae
1033 3911 1079 3960 Ab
1103 3912 1257 3961 Innocentio
1276 3913 1356 3964 VIII.
1377 3929 1450 3978 papa,
1471 3913 1586 3978 capitulo

535 3999 635 4062 zagrab.
655 4006 798 4064 praecaute,
818 4005 972 4049 statutorum
991 4000 1208 4064 corrigendorum,
1227 4001 1460 4065 mutandorumque
1478 4002 1587 4052 iruulta

533 4087 608 4136 datur
615 4111 1582 4131 ······················································

445 4185 503 4237 344,
535 4174 615 4223 Anno
647 4175 723 4238 1487,
752 4189 779 4237 4.
807 4177 876 4225 maii.
905 4176 1053 4239 Zagrabiue.
1083 4175 1232 4241 Capitulum
1260 4179 1361 4241 zagrab.
1386 4178 1419 4228 de
1438 4179 1587 4230 colonorum

533 4263 608 4327 equis
637 4269 662 4310 et
691 4263 841 4327 peccoribus
868 4265 984 4314 arcendis
1012 4281 1027 4312 a
1054 4264 1128 4314 tlacis
1147 4270 1172 4314 et
1191 4264 1333 4316 foenilibus
1352 4267 1536 4333 capitularibus
1554 4269 1587 4318 ad

534 4350 686 4414 Zagrabiam
707 4352 772 4409 sitis,
792 4353 919 4416 quaedum
938 4353 1052 4418 disponit
1060 4378 1584 4396 ..............................

447 4450 505 4503 345.
535 4440 615 4488 Anno
638 4441 712 4503 1487,
735 4453 758 4506 5.
787 4441 937 4490 decembris.
958 4441 1056 4492 Budae.
1082 4441 1110 4490 A
1135 4443 1203 4506 regis
1225 4442 1324 4507 judicio
1351 4459 1435 4507 causa,
1463 4461 1530 4509 quse
1554 4445 1587 4496 de

538 4528 685 4586 Petrorina,
705 4513 867 4593 {iljulrovins
884 4535 910 4577 et
929 4529 1029 4579 1111111
1048 4531 1256 4594 possessionibus
1282 4531 1350 4582 inter
1377 4535 1587 4584 communitatem

535 4615 648 4665 civitatis
668 4617 763 4666 montis
783 4617 920 4666 Grecensis
939 4623 965 4666 et
983 4617 1134 4681 Heningum
1152 4618 1186 4666 de
1204 4617 1287 4668 Sused
1304 4619 1396 4684 agitur,
1410 4622 1588 4672 communitati

535 4703 647 4754 civitatis
667 4705 766 4753 Hasce
784 4705 946 4770 adjudicatur
953 4730 1584 4750 ····································
1643 4722 1694 4774 433

448 4789 506 4853 346,
535 4794 611 4840 Auno
633 4793 707 4856 1487,
730 4805 769 4844 1ο,
798 4793 949 4846 decembris.
978 4793 1075 4844 Budae.
1104 4794 1253 4858 Kraljevec,
1281 4795 1364 4862 Cerje,
1389 4797 1520 4862 Kobiljalr
1538 4804 1586 4850 etc.

535 4881 719 4944 possessiones,
739 4896 803 4945 quas
822 4883 990 4931 communitas
1009 4883 1121 4932 civitatis
1140 4884 1236 4932 montis
1255 4883 1394 4934 Grecensis
1406 4885 1438 4934 ad
1458 4901 1485 4934 se
1504 4887 1587 4935 vindi-

536 4968 612 5024 cavit,
631 4984 646 5016 1
665 4968 733 5032 regis
749 4969 848 5032 judicio
867 4969 983 5034 capitulo
1003 4970 1162 5034 zagrabieusi
1181 4970 1336 5021 addicuntur
1345 4999 1582 5014 ··············
1643 4977 1694 5038 448
