3828 5822
634 511 707 568 Dor.
724 522 802 586 304.
828 541 865 552 -·
891 503 1061 586 An.1476.
1417 519 1478 582 377

214 735 381 806 postquam
404 742 563 800 regressus
585 726 644 785 fuit
667 739 685 784 a
708 725 794 798 regia
816 723 856 782 ad
879 724 1016 798 propria,
1031 729 1104 798 post
1119 722 1300 782 huiusmodi
1312 720 1480 782 adventum

213 851 305 894 suum
327 835 396 909 ipso
420 840 530 892 octavo
561 833 610 892 die
641 832 806 906 requisivit
835 831 954 890 dictum
986 831 1167 906 capitulum,
1191 836 1225 888 ut
1248 829 1374 888 eosdem
1397 831 1481 890 cives

213 940 358 1000 accedere
381 939 433 998 vel
456 944 690 1014 procuratorem
721 939 863 1013 ipsorum
894 937 934 996 ad
965 937 1091 998 eosdem
1123 951 1183 1012 pro
1214 935 1418 996 ministranda
1448 937 1480 996 in

213 1047 374 1122 premissis
397 1045 520 1104 iusticia
543 1044 665 1102 mittere
688 1043 875 1115 debuissent,
900 1042 1009 1118 quiid
1039 1043 1169 1103 minime
1201 1041 1302 1101 iacere
1333 1047 1480 1102 curarunt

213 1169 269 1214 nec
300 1156 409 1210 curant
440 1151 478 1209 de
510 1151 654 1224 presenti,
687 1149 740 1208 sed
772 1149 899 1208 eosdem
930 1151 1053 1208 racione
1084 1149 1195 1224 previa
1225 1150 1258 1207 in
1287 1148 1481 1223 presenciam

213 1259 298 1332 regie
322 1257 490 1316 maiestatis
521 1263 626 1316 contra
661 1256 749 1329 regui
783 1255 1037 1315 consvetudinem
1061 1261 1222 1314 eteorum
1246 1255 1426 1314 libertatem
1449 1255 1481 1313 in

214 1379 339 1424 causam
369 1368 564 1424 attraxerunt
597 1363 628 1420 in
660 1361 868 1437 preludicium
900 1366 931 1420 et
963 1361 1153 1436 derogamen
1188 1359 1305 1438 jurium
1338 1361 1480 1434 ipsorum

214 1469 307 1530 valde
328 1485 486 1544 magnum.
510 1468 598 1528 Unde
621 1467 703 1527 facta
726 1467 906 1528 huiusmodi
929 1469 1157 1542 protestaclone
1190 1467 1274 1527 idem
1298 1467 1481 1526 Valentinus

216 1577 246 1636 iu
271 1576 421 1652 personis,
445 1589 582 1648 quorum
604 1589 708 1649 supra,
732 1574 826 1648 peciit
848 1574 908 1633 sibi
930 1589 1024 1648 super
1040 1574 1200 1648 premissis
1217 1590 1274 1648 per
1288 1588 1345 1632 nos
1367 1572 1436 1632 dari
1451 1577 1481 1632 et

215 1681 342 1742 concedi
364 1681 486 1740 litteras
509 1683 696 1740 necessarias
719 1686 750 1739 et
772 1686 972 1755 opportunas,
989 1697 1067 1756 quas
1090 1680 1191 1740 eidem
1212 1681 1358 1740 duximus
1375 1695 1481 1740 conce·

217 1787 333 1846 dendas
356 1787 425 1861 lege
448 1792 478 1846 et
501 1785 721 1846 consuetudine
743 1787 831 1860 regui
860 1787 1036 1862 requirente
1070 1785 1148 1864 juris
1179 1787 1229 1845 sui
1260 1802 1319 1861 pro
1352 1787 1480 1846 cautela.

214 1894 332 1952 Datum
355 1893 405 1954 die
428 1891 586 1952 dominico
608 1892 754 1968 proximo
776 1897 849 1966 post
870 1891 984 1952 testum
1008 1893 1091 1952 beati
1114 1892 1262 1967 Stephani
1277 1894 1367 1968 regis.
1391 1895 1481 1952 Anno

216 1999 334 2058 domini
356 1997 527 2058 millesimo
550 1989 854 2072 quadringentesimo
877 2001 1106 2075 septuagesimo
1128 2006 1224 2059 sexto.

322 2133 457 2199 Originale
475 2135 503 2184 in
521 2133 617 2187 charte.
637 2135 666 2184 A
685 2141 758 2200 tergo
778 2137 917 2201 vestigium
935 2137 1055 2204 impressi
1074 2135 1165 2202 sigilli.
1183 2137 1217 2187 In
1235 2135 1350 2187 archivio
1369 2133 1415 2189 lib.
1428 2149 1482 2201 reg.

215 2224 285 2276 civit.
303 2225 404 2290 aagrab.

808 2420 902 2488 304.

321 2580 403 2631 Auno
424 2580 499 2646 1476,
520 2582 560 2634 28.
581 2581 705 2646 Augusti.
724 2565 841 2634 ὄπωπα.

222 2708 326 2767 Coram
361 2710 487 2783 capitulo
515 2709 656 2768 ramensi
682 2711 869 2769 cammunrias
899 2711 1025 2768 civetatis
1053 2718 1155 2769 contra
1184 2713 1340 2786 capitulum
1375 2729 1483 2787 ragra-

179 2867 181 2872 .
206 2816 309 2898 ¹diense
331 2823 453 2886 recusat,
475 2817 554 2892 quod
571 2819 646 2876 cives
667 2817 785 2893 qut'rlam
808 2818 986 2876 laboratores
1007 2819 1131 2893 capituli
1149 2820 1180 2877 in
1203 2821 1360 2878 munitione
1381 2821 1481 2879 consti·

392 2930 469 2982 tutos
492 2943 552 2984 csse
575 2943 705 2998 aggressa
727 2926 806 2983 etin
828 2943 969 2984 carcerem
990 2925 1107 2984 duxr'ssc
1128 2932 1303 2999 arguuntur.

321 3067 385 3125 Nos
408 3067 580 3140 capitulum
603 3068 731 3127 ecclesie
754 3068 949 3127 chasmensis.
973 3069 1123 3127 Memorie
1146 3067 1401 3126 commendamus
1424 3085 1482 3144 per

214 3177 383 3248 presentes,
406 3173 490 3246 quod
515 3189 587 3232 cum
610 3175 696 3233 iuxta
718 3174 911 3234 iudiciariam
942 3175 1192 3234 commissionem
1216 3175 1389 3250 personalis
1411 3191 1482 3250 pre·

217 3280 318 3338 sencie
341 3281 530 3340 serenissimi
552 3283 703 3357 principis
727 3279 843 3340 domini
867 3283 991 3354 Mathis,
1015 3283 1065 3341 dei
1087 3283 1192 3356 gracia
1215 3282 1296 3355 regis
1311 3282 1481 3356 Hungarie,

216 3385 363 3446 Bohemie
379 3394 433 3446 etc.
448 3388 565 3448 domini
581 3389 677 3447 nostri
690 3390 849 3462 naturalis,
862 3389 1090 3462 graciosissimi,
1103 3390 1340 3462 litterarumque
1353 3405 1480 3448 suarum

213 3493 509 3553 adiudicatoriarum
532 3493 787 3571 juramentalium
810 3496 896 3554 Bude
919 3502 1007 3555 sexto
1030 3496 1080 3555 die
1103 3503 1287 3556 octavarum
1310 3495 1381 3554 festi
1396 3495 1480 3555 beati

217 3599 344 3672 Georgii
375 3601 521 3670 martiris,
546 3601 688 3674 proxime
710 3603 859 3676 preteriti,
883 3602 988 3660 clause
1011 3602 1222 3662 confectarum
1245 3603 1479 3676 continenciam,

215 3706 457 3780 circumspectus
482 3705 600 3765 Blasius
623 3707 718 3766 iudex
741 3709 874 3768 civitatis
896 3710 1011 3768 montis
1035 3708 1197 3768 Grecensis
1227 3710 1259 3768 in
1279 3724 1334 3767 sua
1356 3724 1391 3767 ac
1413 3710 1480 3768 uni-

212 3825 377 3869 versorum
407 3811 524 3869 civium
555 3816 586 3870 et
620 3812 780 3885 hospitum
803 3813 942 3872 eiusdem
965 3815 1100 3874 civitatis
1123 3815 1263 3888 personis
1286 3815 1479 3890 quinquage-

212 3918 292 4001 simo
324 3933 357 3976 se
388 3918 544 3976 similibus
576 3919 732 3978 tricesimo
764 3920 898 3979 secundo
922 3921 972 3979 die
1004 3921 1073 3981 sesti
1095 3923 1179 3980 beati
1201 3922 1311 4005 Jacobi
1334 3923 1477 3995 apostoli,

212 4024 357 4082 similiter
387 4025 530 4098 proxime
560 4026 709 4100 preteriti,
732 4033 839 4085 contra
871 4029 1055 4087 honorabile
1078 4028 1252 4103 capitulum
1276 4027 1405 4088 ecclesie
1428 4041 1477 4087 za·

212 4129 384 4202 grabiensis
414 4146 509 4204 super
542 4147 595 4204 eo,
627 4131 711 4205 quod
743 4149 815 4191 cum
846 4133 930 4192 idem
962 4135 1135 4209 capitulum
1164 4135 1332 4194 novissime
1363 4135 1478 4209 elapsis

212 4234 322 4293 diebus
352 4251 410 4309 per
438 4237 606 4294 nonnullos
636 4238 777 4297 homines
807 4241 957 4314 ipsorum,
981 4241 1100 4299 dictum
1124 4241 1296 4314 capitulum
1321 4257 1360 4300 ex
1383 4255 1478 4300 annu

212 4342 298 4399 encia
334 4341 408 4399 dicti
438 4341 556 4402 domini
591 4345 689 4404 nostri
719 4346 800 4418 regis
824 4346 946 4406 fossatis
970 4353 1000 4406 et
1022 4348 1091 4406 aliis
1116 4347 1347 4406 municionibus
1371 4352 1478 4406 contra

211 4447 387 4505 Turcorum
410 4447 545 4521 impetus
568 4449 809 4510 circumvallare
831 4453 1011 4512 habuissent
1034 4459 1064 4512 et
1086 4469 1201 4527 aquam
1224 4453 1263 4512 de
1281 4453 1376 4512 tluvio
1394 4453 1478 4512 Med·

210 4552 377 4626 wednycza
401 4558 511 4612 vocato
535 4555 567 4614 in
590 4558 748 4616 communi
771 4557 841 4616 loco
864 4561 945 4619 inter
960 4561 1066 4634 ipsum
1081 4560 1256 4634 capitulum
1272 4566 1302 4618 et
1318 4560 1477 4620 civitatem

211 4660 326 4717 montis
362 4659 523 4720 Grecensis
558 4661 790 4736 decurrentem,
821 4671 951 4740 propter
984 4667 1194 4741 replecionem
1224 4682 1305 4742 aque
1334 4667 1477 4742 ipsorum

211 4763 399 4824 fossatorum
424 4767 581 4827 inmittere
603 4775 634 4827 et
655 4769 737 4828 infra
760 4786 875 4845 paucos
906 4772 971 4831 dies
993 4772 1127 4832 defluere
1150 4773 1300 4846 fecissent,
1324 4778 1397 4833 tunc
1419 4773 1479 4833 cir·

212 4873 382 4945 cumspecti
406 4872 526 4932 Blasius
550 4875 662 4948 Thoth,
686 4877 788 4950 iudex,
806 4877 925 4936 Blasius
941 4879 1084 4952 Nemeth,
1099 4881 1255 4961 Johannes
1270 4879 1477 4952 Soldinarich,

211 4976 366 5050 Hansych,
389 4979 523 5062 Joannes
550 4982 654 5054 Pazar,
679 4983 853 5042 Anthonius
875 4984 1027 5059 Klolroch‚
1063 4986 1256 5057 Valenthich,
1290 4986 1477 5048 Laurencius
