3930 5802
1527 640 1656 648 ἡ

396 551 454 612 132
698 536 770 593 Doc.
794 529 956 609 105.106‚
983 566 1023 577 -
1047 533 1105 592 An.
1129 529 1345 611 1436-1437.

392 751 563 810 serenitatis
579 751 736 825 Hungarie
758 749 948 825 ubicumque
971 751 1164 810 celebrandis
1179 750 1325 810 constitui
1341 749 1536 824 contingerit,
1552 764 1659 808 coram

391 863 496 916 vestra
529 858 685 932 personali
717 857 876 933 presencia
909 873 982 916 cum
1011 859 1156 917 omnibus
1186 872 1296 916 eorum
1324 855 1455 932 juribus,
1477 857 1504 916 si
1534 872 1594 931 que
1616 854 1657 914 ad

391 962 572 1022 huiusmodi
604 969 703 1022 terras
736 963 896 1044 arrabiles,
930 968 1028 1039 prata,
1064 963 1178 1037 senilia,
1212 963 1309 1022 silvas
1343 968 1374 1021 et
1403 963 1514 1022 rubeta
1537 962 1653 1020 habent

393 1067 547 1128 confectas
578 1077 608 1127 et
637 1073 779 1128 emanata
810 1069 942 1128 debeant
972 1074 1003 1128 et
1031 1074 1192 1128 teneantur
1225 1083 1414 1143 comparere,
1445 1065 1596 1144 judicium
1626 1071 1657 1126 et

391 1172 545 1252 justiciam
569 1174 658 1234 iactis
680 1176 712 1234 in
734 1176 893 1251 premissis
916 1192 934 1234 a
956 1181 1059 1234 vestra
1082 1177 1242 1234 maiestate
1264 1181 1434 1250 receptum,
1468 1173 1655 1248 eosdemque

392 1282 474 1340 cives
496 1296 533 1339 ac
555 1280 675 1341 dictum
697 1283 871 1356 capitulum
893 1283 934 1340 ab
955 1283 1096 1357 ipsarum
1119 1287 1282 1354 terrarum,
1306 1287 1477 1355 pratorum,
1502 1278 1653 1352 senilium,

392 1387 546 1446 silvarum
569 1392 599 1446 et
621 1389 804 1447 rubetarum
827 1388 950 1446 cultura
973 1395 1004 1446 et
1027 1388 1176 1448 fruicione
1197 1401 1296 1462 usque
1319 1386 1359 1445 ad
1382 1385 1569 1445 decisionem
1593 1386 1657 1444 litis

393 1509 450 1568 per
472 1499 608 1552 vestram
632 1495 827 1553 serenitatem
851 1503 954 1576 partes
976 1495 1056 1552 inter
1078 1494 1203 1552 easdem
1223 1492 1332 1565 fienda,
1349 1492 1449 1550 denuo
1473 1496 1503 1550 et
1518 1508 1557 1551 ex
1573 1507 1656 1550 novo

392 1600 451 1658 sub
486 1599 577 1659 certis
608 1601 695 1674 penis
718 1616 756 1658 ex
779 1601 896 1674 previis
919 1601 1095 1658 racionibus
1118 1600 1249 1658 inhibui.
1273 1599 1390 1657 Datum
1415 1597 1566 1671 Zagrabie
1588 1613 1657 1672 pre·

392 1704 475 1764 dicta
508 1705 642 1764 secundo
673 1706 723 1764 dei
754 1705 824 1764 festi
847 1706 995 1764 Omnium
1024 1711 1210 1764 sanctorum.
1234 1706 1324 1762 Anno
1346 1704 1466 1762 domini
1488 1705 1657 1762 millesimo

392 1811 696 1886 quadringentesimo
719 1813 875 1871 tricesimo
896 1818 983 1871 sexto
1005 1812 1194 1888 supradicto.

499 2001 633 2066 Originale
651 2003 678 2052 iu
696 2002 792 2054 charta.
830 2004 862 2052 In
881 2002 996 2066 margine
1015 2001 1131 2052 inferiori
1149 2001 1303 2066 impressum
1320 2007 1359 2052 est
1378 1999 1500 2066 sigillum.
1537 2001 1570 2050 In
1588 1999 1656 2052 arclu

394 2106 451 2144 ven.
472 2091 534 2156 Cap.
554 2091 655 2156 zagrub.
675 2092 737 2144 Act.
757 2106 812 2157 cap.
831 2097 883 2142 unt.
902 2091 964 2143 fasc.
984 2091 1008 2143 6.
1028 2106 1066 2142 nr.
1086 2089 1127 2140 26.

985 2370 1063 2439 105.

497 2461 579 2510 Auno
600 2457 675 2524 ¹43⁶·

498 2588 556 2646 Per
579 2587 775 2645 Vithelmum
798 2588 1001 2647 castellanum
1024 2589 1117 2647 castri
1139 2588 1259 2646 Medwe
1281 2587 1388 2646 illatae
1410 2587 1577 2647 violentiae
1600 2605 1657 2663 per

391 2693 508 2772 judices
530 2694 693 2752 comitatus
717 2693 941 2767 investigantur
963 2695 995 2752 in
1017 2710 1097 2754 anno
1122 2694 1212 2776 1436.

498 2865 615 2928 Regesta
633 2864 777 2916 document.
796 2864 843 2916 lib.
862 2881 916 2930 reg.
935 2865 1004 2918 civit.
1023 2866 1124 2931 zagrab.

986 3147 1043 3214 85.

498 3307 578 3356 Auno
600 3317 674 3371 1437,
694 3305 717 3360 6,
735 3305 811 3374 ]ιι1ἰί.
831 3307 978 3372 Zagrabiae.

398 3449 504 3510 Coram
527 3451 705 3522 Alexandro,
728 3451 844 3529 medico,
867 3459 897 3512 et
918 3451 1016 3509 Paulo
1050 3451 1200 3520 Astalnok‚
1231 3459 1323 3509 actore
1353 3453 1460 3511 civium
1488 3456 1655 3529 sagrabicn-

390 3556 473 3626 sium,
496 3555 603 3614 Petrus
625 3557 814 3616 tn‘cesimator
834 3559 1058 3616 communitatem
1081 3558 1207 3617 civitatis
1224 3559 1362 3632 postulat,
1378 3567 1412 3617 ut
1417 3568 1538 3634 peccata
1554 3569 1655 3620 contnz

510 3663 589 3739 jura
612 3663 808 3738 libertatesque
830 3665 920 3738 ipsius
942 3663 1067 3721 civitatis
1088 3664 1242 3735 commissa,
1264 3664 1321 3722 sibi
1341 3664 1532 3739 agnoscantur.

497 3824 562 3898 Ego
584 3825 733 3898 magister
755 3825 947 3884 Allexauder
970 3825 1079 3884 doctor
1102 3827 1135 3884 in
1160 3827 1278 3900 phisica
1304 3842 1359 3884 seu
1379 3827 1412 3886 in
1434 3835 1500 3886 arte
1526 3829 1654 3888 medici-

391 3931 455 3988 nali
492 3930 624 3988 liberali.
655 3930 802 4004 significo
831 3939 936 3990 tenore
963 3933 1157 4006 presencium
1190 3933 1304 4005 quibus
1338 3933 1464 4009 expedit
1493 3935 1653 4006 universis,

392 4036 475 4111 quod
501 4036 610 4094 Petrus
632 4038 839 4098 tricesimator
856 4054 910 4096 seu
926 4045 1051 4097 exactor
1065 4040 1220 4097 tricesime
1237 4039 1444 4112 zagrabiensis
1467 4038 1544 4098 feria
1560 4042 1654 4099 tercia

391 4143 422 4200 in
447 4141 524 4200 testo
548 4142 664 4200 scilicet
680 4145 867 4204 visitacionis
884 4145 1019 4219 gloriose
1043 4161 1167 4219 semper
1182 4146 1311 4220 virginis
1328 4146 1423 4204 Marte
1439 4162 1535 4204 unum
1552 4147 1653 4205 civem

391 4249 525 4308 civitatis
549 4249 663 4308 montis
687 4250 849 4311 Greceusis
872 4252 911 4310 de
934 4253 1021 4310 iuxta
1036 4251 1231 4324 Zagrabiam
1246 4251 1371 4310 nomine
1387 4251 1557 4326 Georgium
1573 4254 1653 4312 auri·

390 4351 524 4428 fabrum,
548 4371 624 4414 ausu
648 4360 813 4416 temerario
845 4365 875 4416 et
898 4359 1027 4433 propria
1048 4373 1104 4416 sua
1126 4358 1159 4416 vi
1182 4364 1288 4416 contra
1312 4359 1489 4417 libertatem
1519 4359 1653 4417 civitatis

390 4461 509 4536 prefate
539 4463 571 4520 in
602 4461 696 4520 domo
727 4463 898 4520 exaccionis
930 4465 1028 4538 ipsius
1057 4464 1211 4522 tricesimo
1241 4463 1473 4522 convencionali
1503 4463 1535 4522 in
1571 4463 1652 4523 dieta

391 4568 515 4626 civitate
538 4568 654 4635 habita.
679 4567 811 4627 detinuit
835 4575 864 4626 et
887 4569 1092 4644 incaptivavit
1113 4571 1146 4628 in
1169 4569 1375 4644 preludicium
1405 4567 1482 4646 juris
1512 4576 1542 4627 et
1572 4570 1653 4629 dicte

389 4673 544 4732 libertatis
568 4675 666 4748 ipsius
689 4675 831 4734 civitatis.
854 4675 892 4734 Et
914 4691 987 4734 cum
1008 4678 1078 4752 ipso
1101 4676 1182 4736 facto
1205 4675 1308 4754 judex,
1339 4673 1434 4751 jurati
1463 4681 1493 4734 et
1516 4677 1652 4735 universi

389 4779 472 4838 cives
496 4795 532 4837 ac
563 4785 628 4838 tota
650 4783 856 4840 communitas
880 4783 1013 4841 civitatis
1036 4783 1173 4858 predicte
1195 4799 1289 4858 penes
1312 4783 1382 4858 ipsa
1401 4781 1469 4859 jura
1493 4787 1523 4840 et
1553 4782 1651 4841 dictas

388 4885 549 4944 libertates
573 4887 708 4946 civitatis
731 4887 851 4962 prefate
874 4888 983 4947 eadem
1003 4887 1072 4965 jura
1094 4895 1124 4950 et
1146 4892 1229 4964 ipsas
1252 4892 1413 4950 libertates
1435 4905 1544 4947 eorum
1573 4889 1652 4948 tueri

389 4997 419 5048 ct
442 4991 601 5051 defensare
624 5001 806 5070 satagentes,
823 4997 927 5070 ipsum
944 4997 1201 5056 tricesimatorem
1221 5014 1276 5056 seu
1299 5003 1476 5056 exactorem
1498 4995 1652 5054 trioesime
