3828 5822
760 426 833 483 Doc.
857 435 923 502 277.
948 459 990 468 —-
1013 427 1069 484 An.
1092 439 1181 504 1472.

923 849 1009 918 2⁷7.

442 1080 522 1130 Anno
544 1092 620 1144 1472,
643 1092 682 1134 11.
699 1081 781 1145 Junii.
800 1079 897 1133 Budae.

335 1260 453 1320 Actione
475 1281 495 1320 a
524 1262 651 1336 capitulo
682 1261 868 1335 zograbiensi
888 1263 1006 1332 sistente,
1029 1263 1216 1319 communitas
1238 1261 1363 1319 civetates
1385 1261 1419 1319 de
1426 1260 1605 1340 possessione

335 1385 492 1464 Kroljevec
513 1387 637 1460 capetulo
658 1390 755 1460 crepta
778 1385 808 1442 in
823 1384 969 1460 judicium
992 1391 1113 1442 vocam
1133 1405 1153 1442 a
1177 1385 1308 1456 Matheo,
1330 1385 1430 1459 Hung.
1457 1392 1504 1442 etc.
1528 1401 1594 1458 rege

960 1561 1001 1608 De
1019 1558 1124 1625 propria
1141 1560 1322 1610 commissione
1340 1559 1439 1609 domini
1457 1559 1534 1623 regis.

440 1707 574 1765 Mathias
596 1706 646 1764 dei
668 1707 772 1779 gracia
794 1722 850 1764 rex
872 1705 1040 1779 Hungarie,
1064 1705 1210 1764 Bohemie
1233 1712 1288 1765 etc.
1312 1705 1471 1764 Fidelibus
1486 1705 1600 1763 nostris

336 1813 569 1888 circumspectis
591 1810 688 1888 judici
711 1817 742 1870 et
763 1810 881 1888 juratis,
905 1812 1076 1886 ceterisque
1098 1811 1275 1886 hospitibus
1298 1819 1328 1870 et
1350 1812 1407 1870 toti
1429 1811 1602 1868 communi·

337 1920 392 1978 tati
416 1919 551 1977 civitatis
574 1923 678 1976 nostre
702 1917 816 1976 montis
839 1915 1001 1976 Grecensis
1025 1917 1159 1975 salutem
1190 1922 1220 1975 et
1250 1917 1400 1990 graciam.
1430 1915 1604 1990 Exponitur

335 2026 426 2084 nobis
457 2025 490 2083 in
517 2024 657 2098 personis
688 2023 831 2082 fidelium
863 2028 1042 2080 nostrorum
1072 2023 1306 2081 honorabilium
1336 2020 1534 2080 dominorum
1565 2019 1604 2078 de

335 2131 473 2205 capitulo
497 2130 625 2188 ecclesie
645 2129 855 2202 zagrabiensis
877 2127 1064 2186 admodum
1081 2129 1186 2202 gravis
1209 2128 1343 2203 querele,
1367 2127 1525 2202 quomodo
1547 2142 1604 2184 vos

335 2238 396 2296 hiis
418 2237 528 2295 diebus
551 2236 729 2294 novissimis
752 2236 961 2308 possessiones
984 2251 1095 2294 eorum
1116 2236 1288 2308 Kralowcz‚
1311 2233 1471 2308 Zwyblye,
1495 2233 1603 2306 Narth,

335 2341 482 2415 Kobylalr
506 2348 536 2401 et
558 2342 674 2416 Crerye
696 2347 822 2400 vocatas
845 2342 940 2400 simul
963 2358 1035 2400 cum
1058 2343 1177 2401 tributo
1199 2359 1253 2400 seu
1276 2341 1434 2400 theolonio
1448 2342 1480 2399 in
1495 2338 1603 2398 eadem

335 2447 450 2521 Czerye
462 2449 577 2520 habito,
593 2449 625 2506 in
640 2449 788 2506 comitatu
810 2449 1002 2520 zagrabiensi
1024 2449 1196 2520 existentes,
1219 2447 1259 2506 ad
1274 2448 1372 2506 altare
1388 2453 1490 2505 sancte
1505 2445 1604 2503 crucis

335 2557 366 2612 iu
389 2556 457 2628 ipsa
481 2555 611 2612 ecclesia
633 2554 826 2628 zagrabiensi
849 2557 1059 2612 constructum
1082 2555 1123 2612 ab
1148 2555 1274 2628 antiquo
1298 2559 1328 2611 et
1349 2568 1367 2610 a
1391 2553 1498 2610 multis
1513 2553 1601 2611 annis

335 2662 496 2719 retroactis
518 2661 670 2733 legittime
694 2665 723 2718 et
747 2660 850 2718 omnis
872 2658 949 2735 juris
971 2661 1063 2718 titulo
1086 2663 1259 2734 spectantes
1282 2665 1312 2717 et
1328 2673 1484 2734 possessas
1500 2665 1605 2733 preter

336 2781 461 2824 omnem
506 2768 590 2824 viam
620 2765 740 2842 justicie
775 2772 805 2824 et
834 2764 911 2842 juris
942 2781 1122 2840 processum
1155 2783 1191 2825 ac
1225 2765 1478 2824 consvetudinem
1516 2769 1604 2839 regni

336 2875 438 2931 minus
471 2871 550 2948 juste
586 2879 616 2931 et
650 2873 786 2931 indebite
820 2873 1031 2946 occupassetis
1065 2877 1096 2930 et
1130 2878 1295 2947 occupatas
1330 2872 1474 2930 teneretis
1507 2871 1602 2930 modo

336 2995 469 3052 quoque,
485 2981 626 3052 potencia
642 2985 745 3038 vestra
768 2979 931 3052 mediante,
947 2980 980 3037 in
996 2979 1202 3053 preiudicium
1217 2985 1247 3036 et
1262 2977 1435 3053 dampnum
1450 2977 1605 3038 dicionem

336 3087 561 3160 exponencium
584 3091 614 3144 et
636 3086 756 3160 antiqui
778 3085 855 3162 juris
881 3085 963 3144 dicte
985 3087 1112 3144 ecclesie
1142 3085 1330 3159 derogamen
1353 3089 1383 3142 et
1405 3083 1603 3159 dispendium

335 3193 511 3251 animarum
547 3199 723 3250 vestrarum
757 3191 973 3264 manifestum
1008 3191 1090 3250 unde
1124 3192 1335 3266 supplicatum
1371 3196 1417 3250 est
1450 3192 1605 3252 maiestati

335 3305 439 3357 nostre
462 3299 494 3356 in
517 3299 658 3373 personis
681 3298 864 3356 eorumdem
888 3299 1113 3372 exponencium
1136 3299 1306 3370 humiliter,
1335 3304 1371 3356 ut
1393 3297 1470 3372 ipsis
1493 3313 1600 3373 super·

335 3405 406 3463 inde
436 3405 611 3464 remedium
642 3412 855 3479 opportunum
886 3405 1113 3466 adhiberemus.
1143 3405 1181 3462 Et
1211 3421 1284 3462 cum
1313 3419 1369 3462 nos
1404 3404 1494 3463 sicuti
1525 3404 1602 3463 alias

336 3511 493 3586 quaslibet
516 3511 661 3570 ecclesias
683 3511 772 3584 regni
787 3511 893 3582 nostri,
916 3511 960 3568 ita
983 3517 1014 3569 et
1035 3511 1138 3584 ipsam
1160 3511 1415 3586 principaliorem
1438 3511 1601 3570 ecclesiam

336 3618 576 3691 zagrabiensem,
601 3619 688 3676 cuius
710 3623 828 3676 tutores
851 3618 1012 3675 existimus
1035 3617 1193 3692 speciales,
1217 3617 1377 3692 potissime
1408 3633 1467 3693 pro
1496 3633 1542 3690 eo,
1565 3634 1603 3677 ne

336 3723 449 3783 divinis
476 3723 596 3796 officiis,
620 3739 680 3798 que
702 3739 762 3797 pro
785 3721 902 3782 eisdem
925 3723 1171 3798 possessionibus
1194 3739 1251 3798 per
1274 3737 1331 3782 vos
1347 3725 1505 3798 occupatis
1522 3725 1601 3783 cele·

336 3805 583 3888 brari'instituta
606 3830 731 3888 suntin
754 3829 863 3886 eadem
886 3829 1016 3887 ecclesia
1046 3829 1238 3902 zagrabiensi
1265 3831 1384 3905 privari
1407 3831 1459 3889 vel
1482 3847 1602 3889 cessare

336 3937 501 4009 contingat,
524 3936 750 3994 eandem-suis
780 3934 869 4012 justis
897 3933 1020 4012 juribus
1051 3942 1081 3994 et
1110 3937 1200 3995 bonis
1224 3935 1351 3996 destitui
1373 3951 1435 3995 non
1458 3938 1603 4010 velimus,

335 4043 404 4102 ideo
436 4041 580 4100 fidelitati
613 4047 715 4101 vestre
745 4042 880 4101 firmiter
909 4043 1116 4118 precipientes
1146 4043 1231 4102 aliud
1263 4044 1389 4102 omnino
1411 4044 1526 4102 habere
1548 4058 1602 4101 no·

334 4150 433 4208 lentes
455 4147 648 4222 mandamus,
673 4153 824 4224 quatenus
846 4150 980 4223 receptis
1002 4149 1199 4224 presentibus
1230 4150 1348 4222 absque
1379 4149 1466 4207 omni
1495 4162 1604 4207 recusa

335 4261 364 4314 et
388 4254 572 4314 difficultate
588 4255 776 4329 prescriptas
792 4255 1001 4327 possessiones
1018 4253 1173 4312 dictorum
1189 4255 1411 4328 exponencium
1429 4260 1459 4312 et
1474 4254 1604 4313 ecclesie

335 4377 442 4420 eorum
469 4365 605 4434 pretacte
629 4375 765 4435 perros
788 4359 882 4419 modo
905 4362 1059 4436 premisso
1082 4367 1246 4435 occupatas
1261 4360 1379 4419 eisdem
1393 4361 1603 4436 indempniter

229 4464 231 4470 ’
333 4469 501 4540 remittere,
525 4481 697 4540 manusque
719 4471 839 4525 vestras
863 4471 894 4525 et
915 4472 1093 4525 vestrorum
1117 4467 1330 4541 quorumlibet
1354 4467 1393 4526 de
1408 4467 1527 4526 eisdem
1548 4483 1602 4543 pe·

334 4576 416 4633 nitus
440 4574 583 4648 excipere
609 4577 639 4631 et
662 4573 764 4648 excipi
787 4571 887 4632 iacere
911 4573 1059 4645 debeatis,
1083 4573 1232 4632 ulteriora
1254 4579 1360 4632 nostra
1383 4573 1529 4633 mandata
1551 4590 1601 4632 su-

334 4681 463 4756 perinde
487 4679 527 4738 ad
550 4693 607 4738 vos
630 4681 737 4738 venire
766 4680 895 4738 minime
925 4685 1130 4754 expectantes.
1154 4679 1191 4738 Et
1213 4679 1347 4751 tandem,
1371 4679 1397 4738 si
1428 4680 1504 4754 quid
1525 4680 1603 4739 acci·

335 4788 401 4846 onis
425 4794 478 4844 aut
500 4784 578 4862 juris
601 4785 712 4845 exinde
735 4801 793 4850 vos
826 4787 942 4844 habere
964 4785 1147 4860 pretenditis
1169 4785 1276 4844 ordine
1297 4784 1431 4862 juridico
1453 4787 1600 4861 prosequi

336 4893 502 4959 teneamini
509 4911 517 4969 ;
540 4909 627 4956 secus
651 4893 754 4972 gracie
776 4897 881 4953 nostre
903 4893 962 4953 sub
985 4893 1116 4954 obtentu
1136 4893 1313 4952 nullatenus
1336 4892 1437 4952 iacere
1459 4908 1601 4970 presum-
