3828 5822
664 549 736 607 Dor.
753 559 827 624 315.
850 579 893 591 -
916 548 973 606 An.
996 542 1087 624 1478.
1422 561 1481 622 395

226 764 324 836 Bexin,
348 763 500 834 Vrboucz‚
525 763 660 835 custode,
684 763 762 836 Elya
790 761 972 838 Soploncza,
987 761 1160 833 *Raufinicn
1184 762 1284 834 Petro,
1309 761 1485 833 Francisco,

226 872 311 943 Luca,
336 870 441 941 Paulo,
465 869 633 942 Clemente,
659 869 803 929 dominus
825 869 1060 928 archidiaconus
1085 867 1274 928 chasmensis
1297 868 1485 926 renuntiavit

225 978 324 1050 primo
356 975 558 1050 sigillaribus,
594 975 766 1035 dummodo
798 977 830 1034 in
860 974 1003 1034 fraudem
1035 991 1123 1033 suam
1154 990 1216 1034 non
1248 973 1304 1032 fiat
1326 973 1484 1046 sigillatio.

223 1079 361 1141 Secundo
385 1082 557 1156 quidquam
583 1083 756 1155 capitulum
788 1081 962 1140 decreverit
994 1081 1254 1156 quandocumque
1281 1081 1313 1140 in
1340 1081 1487 1139 absencia

164 1245 169 1255 ,
221 1188 317 1261 ipsius
341 1186 460 1246 domini
483 1187 691 1246 archidiaconi
715 1188 912 1260 chasmensis,
937 1189 1003 1248 sive
1027 1188 1058 1246 in
1081 1187 1175 1245 rebus
1198 1187 1333 1260 agendis,
1364 1187 1485 1246 sivein

221 1293 439 1352 distributione
462 1297 492 1351 et
515 1294 743 1368 dispensatione
766 1301 974 1368 proventuum
999 1294 1135 1366 ecclesie,
1152 1291 1236 1352 idem
1251 1291 1488 1352 archidiaconus

219 1400 407 1458 chasmensis
435 1415 497 1458 non
531 1401 780 1472 contrariabitur,
812 1389 985 1458 dnmmodo
1016 1401 1077 1458 sibi
1114 1399 1153 1457 de
1184 1399 1387 1473 proventibus
1410 1398 1489 1458 assi.

218 1511 329 1578 gnetur
353 1506 456 1579 portio
479 1505 559 1564 sicut
581 1505 651 1564 aliis
674 1521 713 1563 ex
735 1505 869 1564 dominis
902 1512 1072 1580 proventus
1090 1498 1211 1564 'habere
1234 1504 1427 1564 debentibus.
1451 1503 1486 1566 ln

219 1613 314 1670 rebus
337 1617 441 1670 autem
463 1613 614 1686 gravibus
637 1618 667 1670 et
689 1610 871 1688 majoribus,
894 1613 949 1670 ubi
973 1613 1115 1670 absentes
1138 1611 1177 1670 de
1208 1608 1276 1686 jure
1305 1608 1485 1670 vocari'de·

217 1718 301 1790 beni,
336 1720 403 1793 ipse
436 1717 670 1776 archidiaconus
705 1717 798 1776 etiam
829 1714 954 1776 debebit
986 1717 1107 1788 vocari;
1144 1716 1338 1775 studentibus
1375 1717 1482 1786 eciam,

220 1825 334 1897 quibus
358 1841 414 1898 per
436 1825 609 1899 capitulum
633 1829 805 1898 proventus
827 1823 1069 1898 deputabuntur,
1092 1823 1158 1896 ipse
1173 1823 1407 1882 archidiaconns
1422 1836 1484 1880 non

221 1931 462 1989 contrariabitur
485 1947 540 1988 nec
561 1931 710 1989 turbabit.
1116 1987 1119 1992 .

325 2034 425 2110 Super
449 2037 507 2094 hac
530 2052 563 2094 re
585 2035 730 2095 dominus
753 2037 964 2109 suflraganeus
988 2053 1025 2096 ex
1048 2043 1136 2112 parte
1164 2036 1302 2095 eiusdem
1332 2033 1484 2094 archidia-

221 2141 303 2215 coni,
325 2141 441 2199 ibidem
466 2157 602 2215 presens,
626 2157 731 2200 coram
744 2143 860 2202 Mathia
876 2144 997 2202 notario
1019 2143 1101 2201 sedis
1126 2141 1291 2202 vicariatus
1307 2146 1337 2198 et
1352 2140 1483 2198 testibus

220 2262 365 2320 expresse
395 2254 550 2306 assecurat
580 2248 754 2322 capitulum
785 2256 815 2307 et
844 2265 877 2307 se
909 2251 1014 2324 posuit
1042 2247 1256 2308 fideiussorem
1288 2245 1421 2305 dominis
1445 2244 1484 2304 de

219 2353 365 2427 capitulo.

322 2507 400 2557 Liber
417 2507 512 2557 rubeus
529 2523 587 2560 ven.
608 2507 692 2573 Cepit.
711 2508 811 2572 zagrab.
831 2510 864 2558 In
882 2508 978 2558 archiv.
998 2509 1059 2560 incl.
1081 2509 1164 2558 Acnd.
1184 2509 1272 2558 Scient
1300 2505 1369 2558 stov.
1388 2505 1478 2558 merid.

822 2775 903 2841 315.

323 2933 404 2982 Anno
429 2935 504 2998 1478,
527 2946 565 2996 14.
583 2934 657 2999 Julii.
678 2935 773 2986 Budae.

224 3059 354 3130 Gabriel,
370 3062 521 3136 presbyter
541 3061 709 3133 cardinalis,
726 3062 873 3139 Johanni,
895 3060 1103 3122 archidiacono
1126 3063 1272 3132 lasmensi,
1294 3059 1425 3128 mandat,
1450 3071 1485 3116 ut

217 3168 247 3224 in
265 3167 446 3242 johannem,
469 3171 635 3226 canonicum
658 3170 881 3242 zagrabz'enscm,
904 3173 959 3246 qm'
979 3171 1135 3228 Antonium
1151 3170 1281 3244 fratrem
1304 3165 1364 3223 ord.
1389 3165 1482 3222 Prae-

485 3275 642 3332 dicatorum
664 3277 809 3349 spoliavit,
830 3278 1038 3352 inquisitionem
1060 3277 1214 3333 constituat

322 3416 451 3476 Gabriel
486 3419 687 3477 miseracione
719 3419 824 3478 divina
858 3421 942 3479 tituli
976 3427 1153 3480 sanctorum
1188 3417 1288 3492 Sergii
1317 3422 1348 3474 et
1384 3413 1476 3472 Bachi

217 3531 320 3582 sancte
343 3539 470 3582 romane
493 3525 621 3582 ecclesie
646 3526 800 3598 presbiter
822 3525 996 3598 cardinalis,
1031 3527 1188 3599 agriensis,
1214 3527 1246 3582 in
1268 3523 1372 3596 regnis
1394 3521 1481 3578 Hun-

217 3630 301 3703 garie
325 3637 354 3688 et
378 3631 523 3689 Bohemie
547 3647 582 3690 ac
605 3633 750 3690 omnibus
775 3633 864 3691 terris
887 3639 917 3691 et
948 3633 1023 3691 locis
1047 3632 1213 3706 temporali
1237 3630 1376 3687 dominio
1399 3642 1479 3685 sere-

217 3738 335 3796 nissimi
359 3739 507 3812 principis
531 3738 649 3797 domini
671 3739 794 3812 Mathie,
817 3739 1010 3814 prelatorum
1034 3753 1201 3811 regnorum
1232 3736 1398 3809 Hungarie,
1424 3733 1480 3790 Bo·

216 3845 317 3902 hemie
340 3849 395 3914 etc,
419 3845 508 3917 regis,
531 3845 686 3917 subiectis
709 3846 879 3920 apostolice
909 3845 991 3904 sedis
1023 3846 1150 3918 legatus.
1184 3842 1361 3901 Venerabili
1390 3839 1481 3897 nobis

216 3950 248 4008 in
272 3949 397 4009 Christo
420 3950 543 4022 diiecto,
559 3952 700 4035 Johanni,
725 3953 838 4010 acolito
862 3951 943 4010 sedis
966 3951 1145 4026 apostolice,
1162 3949 1378 4008 archidiacono
1394 3946 1481 4003 chas-

217 4062 315 4115 mensi
333 4063 362 4115 et
378 4059 524 4116 canonico
541 4059 668 4118 ecclesie
683 4059 898 4133 zagrabiensis‚
914 4059 1047 4118 salntem
1063 4059 1094 4117 in
1110 4058 1237 4116 domino
1252 4057 1481 4130 sempiternam.

217 4161 279 4220 Sua
301 4164 392 4222 nobis
415 4163 547 4222 dilectus
581 4167 613 4223 in
648 4165 772 4224 Christo
803 4166 991 4225 venerabilis
1026 4165 1121 4224 frater
1151 4163 1332 4231 Anthonius,
1363 4160 1480 4219 ordinis

216 4269 458 4340 Predicatorum,
492 4270 649 4329 consessor
676 4271 870 4330 serenissime
902 4271 1027 4330 domine
1057 4272 1170 4345 regine,
1201 4269 1369 4344 querulosa
1400 4267 1480 4341 peti-

217 4377 304 4434 cione
338 4377 539 4438 monstravit:
574 4379 733 4452 quomodo
769 4379 896 4453 quidam
930 4380 1086 4464 Johannes
1121 4379 1219 4436 lector
1249 4376 1329 4436 dicte
1352 4374 1480 4434 ecclesie

214 4485 431 4555 zagrabiensis‚
454 4484 589 4542 nescitur
612 4500 674 4558 quo
696 4482 762 4560 jure
784 4490 839 4544 aut
861 4501 961 4558 causa,
986 4485 1142 4560 quendam
1173 4483 1302 4542 fratrem
1325 4482 1480 4540 Thomam

215 4589 353 4648 eiusdem
388 4591 506 4650 ordinis
540 4592 687 4650 nuncium
722 4597 752 4649 et
788 4592 971 4650 servitorem
1005 4607 1097 4650 suum
1121 4591 1159 4650 de
1183 4589 1271 4648 ltalia
1294 4604 1366 4646 cum
1389 4587 1480 4646 certis

215 4696 317 4767 rebus,
341 4704 418 4772 puta
448 4715 455 4758 ε
478 4699 635 4772 legibulis,
660 4699 767 4756 biretis
792 4705 823 4758 et
838 4698 998 4772 facioletis,
1015 4701 1146 4773 aliisque
1163 4698 1253 4756 bonis
1271 4697 1310 4754 ad
1324 4693 1479 4770 prefatam

216 4803 444 4862 serenissimam
469 4805 629 4863 dominam
652 4805 790 4878 reginam
821 4807 1046 4880 pertinentibus
1077 4805 1115 4863 de
1146 4805 1227 4863 sacto
1255 4802 1420 4876 spoliasset
1449 4805 1479 4858 et

214 4908 276 4966 alia
300 4908 436 4983 dampna
459 4917 489 4971 et
520 4911 647 4969 iniurias
681 4911 782 4969 eidem
804 4913 979 4985 intullisset‚
1011 4913 1199 4971 sentenciam
1231 4907 1479 4968 excommunica·

215 5015 311 5074 rionis
334 5031 351 5073 a
375 5015 444 5094 jure
466 5017 562 5076 latam
586 5017 743 5078 incurrere
761 5018 888 5079 minime
905 5017 1076 5078 formidans
1092 5019 1124 5076 in
1140 5017 1360 5076 detrimentum
1376 5012 1480 5072 anime
