3948 5804
409 546 451 623 64
836 544 910 604 Doc.
928 555 981 621 53.
1001 489 1049 588 .-
1072 544 1130 602 An.
1156 539 1248 622 1428.

407 759 532 831 vialem,
563 760 669 834 sicque
699 759 904 818 terminantur
926 763 1008 818 mete
1031 763 1198 834 prenotate.
1221 761 1289 818 Hoc
1312 773 1468 833 expresso.
1492 759 1578 833 quod
1607 777 1677 834 pre·

407 865 489 924 latus
510 866 673 924 Francisco
686 880 740 923 seu
756 865 855 924 Frane
878 865 1106 924 molendinator
1130 871 1160 924 et
1182 882 1239 940 per
1262 881 1334 924 eum
1350 865 1398 923 sui
1421 866 1523 924 cuncti
1545 865 1676 925 heredes

407 971 506 1046 ipsius
529 971 618 1030 vinee
641 975 671 1029 et
693 971 824 1044 virgulti
857 986 1049 1045 possessores
1080 972 1167 1030 anuis
1189 972 1320 1045 singulis
1348 976 1491 1048 tempore
1519 971 1676 1030 vindemie

407 1078 567 1152 sexaginta
589 1077 732 1136 denarios
754 1092 861 1150 novos,
884 1078 1002 1136 usualis
1031 1081 1155 1136 monete
1177 1078 1300 1150 regalis,
1324 1093 1382 1153 pro
1405 1083 1546 1152 tempore
1569 1092 1676 1136 curen-

407 1189 453 1244 tes
477 1184 567 1242 nobis
590 1188 621 1242 et
643 1189 750 1242 nostre
779 1184 994 1242 communitati
1023 1200 1078 1242 seu
1108 1185 1275 1242 comitibus
1305 1185 1418 1242 nostris
1443 1199 1501 1257 pro
1531 1190 1672 1257 tempore

408 1290 580 1349 constitutis
603 1294 755 1364 perpetuo
772 1289 847 1348 dare
871 1295 901 1348 et
923 1290 1046 1348 solvere
1069 1291 1263 1349 tenebuntur.
1295 1290 1448 1363 Antiquas
1479 1305 1603 1364 quoque
1626 1289 1677 1348 lit·

408 1401 488 1456 teras
512 1397 671 1455 universas
694 1396 725 1454 in
756 1397 945 1454 contrarium
973 1397 1168 1470 presencium
1200 1411 1258 1470 per
1280 1397 1462 1470 quempiam
1484 1394 1676 1454 exhibendas

408 1518 517 1576 cassas,
541 1507 680 1561 mortuas
703 1502 917 1560 commisimus
941 1507 971 1560 et
994 1503 1115 1561 viribus
1138 1502 1297 1560 carituras.
1320 1501 1355 1559 In
1377 1502 1464 1559 cuius
1489 1501 1534 1559 rei
1556 1515 1675 1558 memo·

407 1610 496 1682 riam,
516 1609 759 1683 firmitatemque
774 1613 959 1684 perpetuam
978 1609 1173 1683 presentibus
1192 1607 1333 1682 sigillum
1354 1611 1495 1666 nostrum
1511 1621 1676 1666 commune

408 1715 554 1773 duximus
589 1713 838 1789 appendendum.
877 1715 993 1774 Datum
1030 1716 1062 1773 in
1092 1714 1172 1774 festo
1209 1715 1419 1772 conversionis
1464 1714 1548 1772 beati
1585 1712 1675 1771 Pauli

407 1821 551 1898 apostoli.
577 1822 668 1878 Anno
691 1819 810 1879 domini
838 1821 1008 1879 millesimo
1036 1820 1340 1894 quadringentesimo
1372 1819 1524 1893 vigesimo
1555 1823 1674 1877 octavo.

514 1957 648 2024 Originale
672 1958 699 2006 in
717 1957 873 2022 membrana,
892 1955 1015 2020 sigillum,
1034 1957 1159 2009 avulsum.
1179 1959 1212 2006 In
1230 1956 1324 2007 archiv.
1344 1955 1389 2006 lib.
1410 1973 1462 2020 reg.
1483 1957 1553 2008 civit.
1572 1955 1673 2020 aagrab.

1026 2134 1084 2200 53.

513 2275 594 2324 Auno
616 2275 690 2336 1428,
708 2288 732 2338 4.
749 2275 831 2338 Junii.
852 2275 999 2340 Zagrabiae.

400 2401 556 2479 Jokanncs
577 2403 720 2476 pericopas
740 2401 944 2476 zograbr'ensr's,
967 2401 999 2462 iu
1022 2421 1110 2460 causo
1132 2403 1166 2460 dc
1185 2413 1293 2477 quarta
1315 2407 1548 2463 testamentariae
1574 2405 1668 2480 dispo·

406 2509 517 2566 sitiom's
538 2508 674 2565 solvenda
697 2527 716 2563 a
731 2509 954 2582 praebendariis
969 2510 1098 2568 ccclesiae
1120 2509 1297 2568 cathedralis
1318 2511 1472 2569 rectoribus
1487 2511 1672 2585 parocheole's

466 2614 632 2671 ecclesiaes
662 2613 764 2671 Marci
784 2621 859 2686 acta,
883 2615 950 2672 bene
971 2616 1119 2673 exotirnat
1138 2616 1173 2674 dc
1188 2617 1469 2690 praebendariorum
1492 2615 1616 2692 collegio.

513 2757 577 2815 Nos
607 2758 761 2841 Johannes
793 2758 843 2816 dei
875 2763 906 2816 et
936 2759 1106 2832 apostolice
1138 2759 1220 2817 sedis
1253 2761 1356 2833 gracia
1379 2761 1545 2836 episcopus
1567 2775 1673 2835 ragra-

408 2865 635 2935 biensis,·sacri
659 2863 791 2923 Romani
811 2865 937 2939 imperii
961 2870 991 2922 et
1014 2867 1102 2938 regni
1125 2867 1283 2940 Hungarie
1317 2881 1459 2925 summus
1489 2868 1673 2926 secretarius

408 2970 619 3028 cancellarius.
635 2970 785 3028 Memorie
806 2971 1062 3029 commendamus
1078 2978 1108 3030 et
1123 2977 1231 3031 tenore
1244 2973 1439 3046 presencium
1462 2973 1673 3046 significamus

408 3077 522 3150 quibus
546 3075 672 3150 expedit
694 3077 856 3148 universis,
880 3076 964 3151 quod
988 3093 1059 3136 cum
1081 3079 1158 3136 alias
1182 3077 1220 3136 de
1250 3093 1331 3136 anno
1362 3078 1480 3138 domini
1502 3079 1673 3138 millesimo

408 3181 712 3256 quadringentesimo
735 3183 887 3256 vigesimo
911 3184 1019 3256 quinto
1042 3199 1147 3242 coram
1172 3184 1270 3243 felicis
1292 3185 1519 3244 recordacionis
1540 3186 1672 3244 condam

407 3289 557 3361 magistro
591 3288 729 3347 Osualdo
763 3289 879 3348 lectore
912 3295 942 3348 et
972 3292 1119 3348 canonico
1147 3291 1275 3348 ecclesie
1297 3297 1401 3349 nostre
1424 3291 1542 3365 prefate
1566 3307 1673 3366 zagra·

410 3395 525 3452 biensis
548 3409 584 3451 ac
605 3395 722 3453 vicario
745 3401 851 3453 nostro
874 3396 904 3454 in
928 3396 1144 3470 spiritualibus
1167 3401 1197 3454 et
1220 3411 1384 3455 causarum
1408 3397 1549 3456 auditore
1581 3415 1679 3472 gene·

410 3501 470 3557 rali
493 3500 573 3557 inter
596 3498 744 3558 discretos
767 3501 852 3558 viros
877 3501 1076 3574 Anthonium,
1100 3501 1233 3559 Paulum
1257 3509 1287 3560 et
1302 3503 1477 3585 Johannem
1492 3505 1672 3579 capellanos

407 3622 460 3664 seu
483 3611 618 3664 rectores
643 3606 771 3664 ecclesie
793 3607 890 3664 sancti
912 3607 1009 3666 Marci
1033 3607 1065 3665 in
1088 3608 1183 3682 opido
1213 3609 1328 3666 montis
1351 3608 1512 3668 Grecensis
1536 3609 1671 3683 fundate,

406 3718 441 3770 ut
460 3717 587 3784 actores,
611 3727 650 3769 ex
672 3727 741 3784 uua,
766 3719 796 3770 et
818 3713 963 3772 similiter
985 3713 1133 3772 discretos
1156 3715 1241 3773 viros
1265 3715 1400 3788 Petrum,
1424 3715 1577 3774 decanum
1599 3733 1669 3792 pre·

406 3817 637 3890 bendariorum‚
661 3823 841 3892 ceterosque
865 3819 1088 3892 prebendarios
1112 3820 1239 3878 ecclesie
1263 3826 1366 3878 nostre
1388 3821 1536 3894 predicte,
1553 3827 1588 3880 ut
1602 3837 1672 3881 reos

406 3939 459 3982 seu
483 3925 514 3982 in
538 3939 662 3982 causam
686 3930 839 3997 attractos,
866 3929 955 4000 parte
978 3942 1016 3983 ex
1039 3925 1146 3998 altera,
1170 3927 1201 3984 in
1230 3926 1312 3985 facto
1336 3929 1566 3987 testamentarie
1588 3929 1672 4003 lega·

406 4031 510 4102 donis,
534 4045 570 4089 ac
592 4031 686 4089 rebus
709 4037 740 4090 et
763 4032 853 4090 bonis
883 4048 940 4106 per
971 4033 1097 4104 incolas,
1129 4039 1182 4091 aut
1213 4035 1353 4107 hospites
1383 4049 1438 4093 seu
1472 4036 1555 4093 cives
1585 4035 1672 4110 opidi

405 4135 519 4210 prefati
542 4139 657 4196 montis
680 4137 865 4196 Grechensis
889 4145 941 4196 aut
964 4139 1152 4213 plebezanos
1176 4139 1257 4198 dicte
1287 4141 1416 4200 ecclesie
1446 4142 1544 4200 sancti
1576 4142 1673 4200 Marci

405 4242 555 4317 predictis
589 4243 805 4317 prebendariis
839 4245 872 4302 in
907 4244 1017 4302 ultima
1052 4245 1213 4304 voluntate
1247 4245 1463 4320 disposicionis
1485 4251 1539 4305 aut
1562 4247 1673 4306 mortis

405 4350 538 4408 articulo
558 4350 678 4423 legatis,
702 4349 740 4408 de
762 4351 877 4424 quibus
899 4351 993 4408 rebus
1017 4356 1047 4408 et
1069 4351 1160 4409 bonis
1182 4353 1258 4426 ipsis
1293 4352 1508 4427 prebendariis
1538 4354 1582 4412 sic
1614 4368 1672 4428 pro

405 4461 547 4530 tempore
581 4456 714 4531 legatis,
757 4457 894 4515 annotati
928 4461 1064 4515 rectores
1098 4459 1227 4518 ecclesie
1260 4460 1358 4518 sancti
1394 4459 1491 4517 Marci
1526 4465 1671 4532 quartam

405 4567 528 4636 partem
550 4577 604 4620 seu
628 4563 807 4621 canonicam
831 4563 1011 4638 porcionem
1036 4562 1075 4621 ad
1098 4579 1131 4622 se
1163 4565 1316 4639 pertinere
1347 4565 1461 4624 debere
1484 4565 1672 4638 asserebant,

404 4669 468 4726 litis
493 4673 523 4726 et
547 4669 808 4728 controversionis
832 4671 961 4728 materia
984 4674 1053 4729 orta
1076 4669 1184 4729 fuisset
1206 4682 1236 4730 et
1259 4673 1412 4744 suscitata,
1445 4679 1475 4730 et
1498 4673 1531 4731 in
1561 4671 1670 4730 eadem

403 4790 496 4833 causa
518 4775 558 4833 ad
574 4775 728 4835 dictorum
745 4777 901 4848 Anthonii‚
919 4775 1007 4835 Pauli
1023 4781 1054 4834 et
1067 4777 1216 4859 Johannis
1231 4779 1422 4852 instanciam,
1439 4793 1544 4838 boram
1560 4777 1671 4837 eodem

404 4879 536 4940 condam
560 4883 709 4957 magistro
732 4883 870 4943 Osualdo
893 4883 932 4942 ad
948 4886 1118 4944 nonnullos
1137 4891 1223 4944 actus
1237 4883 1423 4960 judiciarios,
1439 4887 1526 4944 iuxta
1549 4899 1671 4944 morem

403 4993 434 5045 et
456 4989 710 5048 consuetudinem
728 4989 811 5050 sedis
830 4997 943 5063 nostre,
958 4989 1036 5068 juris
1059 4992 1167 5052 ordine
1189 4993 1364 5066 observato,
1380 5007 1562 5066 processum
1579 4991 1671 5049 exsti·
