3828 5822
278 521 279 524 ’
377 543 437 604 352
796 524 868 586 Doc.
893 519 964 602 283.
990 557 1029 568 -
1050 524 1106 582 An.
1129 533 1217 602 1473.

373 742 464 800 nobis
486 742 601 814 retulit,
620 739 685 818 jam
708 740 800 814 plene
823 739 903 798 datis
926 745 956 797 et
978 741 1153 814 persolutis,
1176 739 1365 798 vendidisset
1389 745 1419 799 et
1447 739 1636 812 contulisset,

374 848 472 907 immo
496 863 534 906 ex
556 857 703 910 consensu
727 847 902 906 vicinorum
918 845 1138 921 predictorum,
1155 845 1297 904 vendidit
1318 852 1348 904 et
1371 847 1502 906 contulit
1533 861 1640 906 coram

374 955 465 1014 nobis
482 952 550 1030 jure
573 959 725 1028 perpetuo
749 958 779 1011 et
801 952 1048 1010 irrevocabiliter
1069 951 1298 1026 possidendam,
1323 952 1496 1024 tenendam,
1520 953 1639 1026 pariter

376 1066 406 1118 et
428 1060 604 1119 habendam
634 1075 670 1117 ac
695 1058 782 1135 juxta
805 1058 1021 1116 condicionem
1043 1065 1073 1115 et
1103 1057 1335 1131 privilegiatam
1359 1058 1536 1116 libertatem
1562 1057 1642 1115 dicte

374 1166 508 1225 civitatis
533 1167 574 1224 ab
597 1167 725 1240 antiquo
746 1164 948 1222 laudabiliter
962 1165 1171 1238 approbatam
1187 1163 1481 1238 quomodocumque
1505 1163 1642 1222 voluerit

374 1271 608 1347 disponendam,
641 1273 685 1331 ita
715 1277 828 1343 tamen,
852 1270 937 1345 quod
970 1269 1084 1345 prefati
1106 1269 1217 1328 fratres
1240 1270 1399 1329 Heremite
1421 1275 1579 1344 presentes
1611 1273 1644 1326 et

374 1376 471 1436 futuri
500 1378 532 1436 in
564 1373 674 1436 eodem
705 1377 842 1435 claustro
873 1391 928 1434 seu
959 1375 1146 1434 monasterio
1178 1375 1267 1434 beate
1299 1376 1396 1434 Mario
1428 1375 1557 1449 virginis
1581 1388 1641 1449 pro

373 1489 515 1558 tempore
536 1483 679 1558 degentes
696 1482 826 1542 eandem
847 1484 961 1540 turrim
986 1483 1045 1540 sub
1062 1483 1143 1540 bona
1161 1481 1369 1556 disposicione
1384 1481 1517 1540 debeant
1533 1487 1639 1540 tenere

375 1593 406 1648 et
436 1605 569 1648 servare.
601 1590 668 1648 Hoc
689 1589 787 1648 eciam
818 1589 901 1646 clare
931 1565 1078 1662 expresso
1101 1591 1132 1646 et
1161 1587 1348 1661 specificato,
1373 1586 1458 1661 quod
1481 1588 1509 1646 si
1531 1586 1641 1646 eadem

375 1695 469 1754 turris
499 1700 640 1771 tempore
670 1695 873 1754 obssessionis
903 1694 956 1752 vel
986 1694 1227 1768 expugnacionls
1260 1710 1316 1768 per
1347 1694 1470 1768 aliquos
1500 1693 1642 1752 inimicos

375 1801 514 1860 eiusdem
536 1802 669 1860 civitatis
692 1805 746 1859 aut
775 1800 970 1874 Paganorum
1001 1799 1103 1858 eidem
1135 1800 1253 1859 civitati
1282 1801 1453 1859 necessaria
1484 1799 1578 1858 fuerit
1601 1798 1642 1857 ad

375 1906 612 1979 defendendum,
641 1911 713 1965 tunc
743 1905 855 1980 prelati
879 1905 989 1964 iratres
1020 1906 1178 1964 Heremite
1208 1907 1310 1980 ipsam
1344 1906 1456 1964 turrim
1486 1905 1577 1964 nobis
1611 1911 1641 1962 et

374 2019 477 2076 nostre
500 2012 714 2072 communitati
747 2017 887 2086 apertam
911 2017 941 2070 et
963 2013 1077 2070 intrare
1100 2012 1235 2070 liberam
1258 2012 1332 2070 dare
1357 2011 1490 2070 debeant
1510 2018 1543 2070 et
1558 2017 1641 2070 tene·

373 2126 474 2180 antur.
497 2119 532 2179 In
561 2119 648 2177 cuius
670 2118 715 2177 rei
745 2119 931 2176 memoriam
953 2124 1045 2192 atque
1068 2120 1289 2188 testimonium,
1309 2119 1553 2192 firmitatemque
1568 2133 1639 2191 per·

377 2233 511 2299 petuam,
528 2226 723 2299 presentibus
738 2225 879 2298 sigillum
894 2230 1036 2282 nostrum
1051 2240 1216 2284 commune
1232 2225 1379 2284 duximus
1392 2224 1637 2300 appendendum

374 2331 491 2388 Datum
521 2332 553 2389 in
583 2331 661 2390 sesto
696 2331 780 2390 beati
814 2330 973 2388 Vincencii
1007 2333 1161 2404 martyris.
1198 2335 1286 2391 Anno
1317 2332 1438 2391 domini
1470 2331 1640 2390 millesimo

374 2437 678 2510 quadringentesimo
710 2436 940 2512 septuagesimo
964 2438 1068 2494 tercio.

481 2575 585 2623 Summa
608 2573 802 2639 privilegiorum
829 2573 977 2622 monasterii
1004 2573 1179 2626 Remetensis.
1199 2574 1280 2627 MSC.
1298 2575 1331 2623 In
1347 2573 1442 2625 archiv.
1467 2573 1527 2624 incl.
1553 2571 1641 2622 Acad.

375 2662 470 2714 Sclent.
490 2662 588 2714 Slavor.
608 2663 709 2718 merid.¹

964 2875 1052 2942 283.

480 3025 552 3069 Anno
573 3029 648 3082 1473,
671 3030 709 3081 14.
729 3017 861 3069 februarii.
879 3018 976 3069 Budae.

375 3144 522 3218 Muthias,
547 3145 725 3220 Hungariac
746 3151 793 3202 etc.
817 3163 880 3216 rex,
895 3151 1018 3218 patrum
1041 3143 1102 3207 ord.
1128 3144 1368 3202 praedicatonem
1379 3145 1472 3203 saluti
1483 3145 1640 3215 consulens,

375 3272 470 3311 corum
503 3271 518 3310 e
551 3252 686 3310 suburbio
719 3253 798 3310 t'ntm
831 3253 956 3310 civitatis
985 3254 1087 3309 arentis
1118 3250 1273 3310 Grecensis
1295 3269 1393 3311 muros
1414 3250 1641 3326 recipiendorum

374 3360 467 3435 ibique
489 3366 582 3434 prope
603 3359 738 3417 sacellum
768 3376 792 3420 s.
822 3357 1003 3417 Cathan'nae
1031 3359 1103 3416 novi
1123 3359 1248 3416 coenobii
1267 3357 1451 3416 consumti
1465 3357 1641 3432 facultatem

955 3465 1062 3522 trt'bmt

481 3610 543 3668 Nos
566 3611 697 3668 Mathias
717 3625 771 3668 rex
787 3609 953 3682 Hungarie,
970 3609 1115 3668 Bohemie
1137 3615 1191 3667 etc.
1208 3610 1357 3667 Memorie
1377 3609 1634 3668 commendamus

375 3721 480 3773 tenore
503 3715 697 3788 presencium
721 3715 835 3788 quibus
857 3714 984 3789 expedit
1006 3714 1165 3774 universis.
1189 3713 1280 3788 Quod
1303 3730 1375 3772 cum
1397 3731 1463 3787 nos,
1487 3715 1574 3774 cuius
1597 3729 1636 3772 ex

372 3821 507 3894 suscepti
536 3821 695 3892 regiminis
724 3820 829 3879 officio
859 3821 985 3879 interest
1015 3821 1180 3894 providere
1203 3821 1330 3880 utilitati
1359 3821 1557 3880 subditorum
1581 3835 1636 3880 no·

373 3929 518 3999 atrorum,
549 3926 697 4000 precipue
726 3927 867 3984 virorum
897 3926 1183 3998 ecclesiasticorum,
1213 3927 1424 4000 intelligamus
1446 3927 1556 3986 fideles
1577 3939 1633 3984 no·

377 4037 458 4090 stros
482 4031 611 4091 devotos
634 4031 744 4090 fratres
767 4031 884 4090 ordinis
907 4033 1138 4090 Predicatorum
1161 4034 1257 4091 sancti
1281 4033 1436 4092 Dominici
1452 4033 1637 4093 confessoris

377 4145 509 4213 propter
531 4138 705 4213 frequentes
736 4139 924 4197 incursiones
947 4139 1181 4198 sevissimorum
1204 4139 1409 4198 Thwrcorum
1440 4139 1482 4198 ad
1505 4155 1636 4214 regnum

375 4253 516 4304 nostrum
540 4245 686 4304 Slauonie
709 4251 738 4303 et
760 4246 983 4303 monasterium
1007 4247 1146 4320 ipsorum
1177 4246 1209 4303 in
1238 4246 1354 4304 honore
1390 4245 1488 4304 saneti
1518 4245 1640 4304 Nicolai

377 4353 516 4426 episcopi
539 4357 571 4410 et
593 4351 775 4410 confessoris
798 4359 886 4410 extra
909 4367 1014 4410 muros
1038 4352 1170 4411 civitatis
1199 4356 1303 4410 nostre
1333 4352 1448 4410 montis
1477 4351 1639 4412 Grecensis

374 4457 550 4530 fundatum,
580 4457 793 4532 quodquidem
823 4459 1046 4516 monasterium
1078 4467 1143 4516 tam
1173 4463 1303 4532 propter
1332 4458 1477 4516 timorem
1498 4463 1529 4517 et
1552 4459 1638 4518 varia

377 4564 601 4640 impedimenta
623 4565 764 4638 ipsorum
787 4563 983 4622 Thurcorum
1006 4565 1038 4624 in
1059 4565 1189 4624 nimiam
1212 4565 1333 4623 ruinam
1356 4569 1387 4622 et
1409 4563 1637 4624 desolacionem

378 4670 539 4731 devenisse
563 4671 683 4743 dicitur,
714 4687 820 4731 secure
853 4672 942 4730 nullo
972 4671 1067 4730 modo
1099 4671 1265 4730 inhabitari
1294 4685 1400 4746 posse;
1423 4671 1518 4730 rebus
1540 4673 1584 4731 ita
1605 4688 1638 4730 se

374 4779 569 4848 habentibus,
593 4783 629 4835 ut
651 4777 746 4836 iidem
770 4777 880 4836 fratres
904 4793 940 4835 eo
964 4778 1101 4851 quiecius
1123 4777 1311 4836 altissimum
1342 4777 1535 4836 conditorem
1566 4793 1637 4836 exo·

372 4901 443 4944 rare
467 4884 600 4954 valeant,
625 4895 775 4960 quantum
798 4887 830 4943 in
851 4885 941 4943 nobis
965 4891 1012 4942 est
1034 4885 1241 4943 concessimus
1257 4883 1383 4956 eisdem,
1399 4890 1435 4942 ut
1449 4885 1512 4960 ipsi
1527 4899 1636 4959 quam·

373 4991 447 5050 dam
471 4992 651 5068 cappellam
674 4991 733 5050 sub
756 4991 873 5050 honore
896 4991 986 5050 beate
1009 4991 1177 5050 Katherine
1200 4990 1329 5064 virginis
1355 4997 1385 5049 et
1407 4991 1545 5050 martiris
1556 4992 1636 5050 intra
