3804 5858
402 627 464 703 48a
823 622 897 683 Dor.
914 617 988 697 361.
1012 653 1055 664 —-
1078 620 1134 678 An.
1158 631 1249 697 1492.

397 840 525 912 kowyth
556 839 675 914 pretate
707 839 866 896 Dorothee
899 837 1032 908 mulieri,
1068 841 1162 910 prout
1193 837 1328 909 ipsamet
1357 834 1449 892 nobis
1471 833 1580 891 retulit
1602 831 1670 908 jam

401 947 494 1020 plene
510 946 590 1004 datis
613 951 643 1003 et
659 945 835 1019 persolutis,
860 943 1050 1001 vendidisset
1070 949 1101 1001 et
1123 941 1313 1012 contulisset,
1336 940 1435 998 immo
1457 955 1497 998 ex
1519 954 1670 998 consensu

399 1053 574 1110 vicinorum
597 1051 810 1126 predictorum
843 1048 985 1108 vendidit
1015 1054 1045 1108 et
1068 1048 1200 1106 contulit
1223 1062 1329 1105 coram
1353 1047 1443 1105 nobis
1466 1045 1534 1123 jure
1557 1062 1670 1120 perpe-

400 1163 455 1216 tuo
479 1163 510 1216 et
531 1157 779 1216 irrevocabiliter
795 1155 969 1227 tenendam,
993 1154 1214 1228 possidendam
1236 1154 1354 1227 pariter
1377 1161 1407 1211 et
1431 1153 1607 1211 habendam
1633 1169 1671 1210 ac

400 1265 487 1322 iuxta
508 1263 721 1322 condicionem
744 1263 877 1320 civitatis
901 1266 1061 1336 prenotate
1074 1261 1114 1318 ab
1137 1261 1264 1333 antiquo
1287 1259 1531 1333 privilegialiter
1554 1273 1671 1333 appro-

400 1372 507 1428 batam
538 1368 832 1443 quomodocumque
867 1368 1003 1425 voluerit
1039 1365 1272 1440 disponendam.
1308 1367 1388 1423 Mete
1419 1371 1524 1424 autem
1547 1364 1671 1440 predic-

399 1481 503 1534 tarum
524 1476 685 1548 silvarum,
708 1481 802 1550 prout
824 1490 875 1532 eas
899 1475 930 1532 in
952 1474 1022 1531 aliis
1056 1473 1167 1531 litteris
1190 1472 1302 1531 nostris
1326 1472 1410 1530 clare
1434 1471 1583 1543 vidimus,
1607 1473 1669 1530 hoc

401 1582 509 1641 ordine
529 1587 704 1655 ponuntur:
729 1581 832 1655 primo
855 1596 873 1636 a
896 1571 1025 1654 prelata
1041 1579 1090 1636 via
1112 1578 1280 1651 communi,
1296 1577 1443 1636 uidelicet
1466 1593 1484 1636 a
1507 1584 1596 1652 parte
1618 1593 1669 1636 oc·

402 1687 556 1759 cidentali,
580 1685 757 1761 incipiendo
779 1701 798 1743 a
821 1685 1009 1759 quibusdam
1044 1685 1165 1742 duabus
1200 1685 1366 1742 arboribus
1401 1685 1555 1756 quercinis
1578 1699 1671 1741 cruce

398 1793 525 1866 signatis
547 1796 578 1851 et
599 1792 712 1850 abhinc
734 1791 848 1848 directe
872 1790 1085 1850 descendendo
1109 1790 1313 1864 pervenitad
1337 1789 1494 1863 quandam
1518 1791 1667 1875 arborem

401 1899 498 1957 cerasi
528 1913 546 1956 a
577 1897 717 1972 predicta
747 1897 994 1970 septemtrionali
1025 1901 1114 1970 parte
1148 1903 1178 1954 et
1209 1895 1306 1954 tendit
1329 1912 1427 1970 usque
1449 1897 1589 1954 rivulum
1612 1909 1670 1953 seu

400 2010 538 2062 meatum
560 2019 640 2077 aque
671 2003 820 2076 pluvialis
851 2003 891 2060 ad
922 2007 1045 2077 partem
1080 2002 1271 2074 orientalem,
1307 2001 1418 2060 deinde
1454 2018 1529 2060 vero
1552 2002 1670 2061 directe

399 2109 596 2185 procedendo
621 2125 677 2184 per
700 2111 803 2184 ipsum
829 2115 966 2167 meatum
989 2123 1071 2182 aque
1095 2108 1245 2182 pluvialis
1269 2107 1370 2166 eundo
1394 2109 1434 2166 ad
1458 2115 1578 2182 partem
1604 2123 1669 2166 me-

401 2215 586 2275 ridionalem
621 2223 652 2273 et
684 2214 802 2273 ibidem
838 2213 920 2272 cadit
947 2230 1001 2272 seu
1036 2215 1174 2288 pervenit
1197 2213 1236 2270 ad
1260 2213 1420 2288 quoddam
1443 2221 1589 2287 stagnum
1614 2230 1669 2272 seu

403 2321 554 2380 fossatum
577 2322 673 2394 vulgo
696 2318 783 2396 jarek
806 2320 924 2378 dictum
948 2327 979 2378 et
1008 2319 1080 2378 inde
1103 2320 1219 2378 directe
1243 2319 1438 2379 ascendendo
1463 2322 1606 2394 pervenit
1629 2321 1670 2379 ad

401 2427 557 2500 quandam
588 2427 734 2484 arborem
764 2433 913 2496 castanee‚
938 2427 1052 2484 abhinc
1083 2441 1157 2483 vero
1181 2425 1296 2484 directe
1320 2442 1444 2485 sursum
1467 2426 1600 2486 meando
1628 2429 1670 2486 ad

401 2539 522 2612 partem
546 2531 771 2590 occidentalem
796 2533 1000 2606 pervenitad
1025 2534 1109 2591 viam
1132 2532 1285 2607 prefatam
1309 2547 1511 2592 communem
1535 2551 1588 2592 seu
1612 2551 1670 2609 pu-

402 2639 526 2710 blicam,
543 2638 650 2710 ibique
672 2637 791 2712 prefate
814 2645 895 2696 mete
918 2640 1131 2697 terminantur.
1155 2639 1189 2697 In
1205 2641 1292 2697 cuius
1315 2641 1360 2698 rei
1376 2642 1559 2698 memoriam
1576 2649 1670 2715 atque

402 2744 623 2815 testimonium,
646 2743 888 2818 firmitatemque
921 2755 1114 2818 perpetuam,
1138 2745 1333 2817 presentibus
1364 2747 1505 2820 sigillum
1526 2754 1669 2804 nostrum

401 2864 565 2907 commune
588 2848 734 2907 duximus
757 2850 1005 2924 appendendum.
1031 2851 1146 2908 Datum
1170 2851 1246 2908 seria
1269 2851 1403 2910 secunda
1425 2854 1570 2926 proxima
1599 2860 1671 2912 ante

401 2948 515 3014 festum
538 2955 621 3013 beati
644 2955 763 3013 Thome
782 2957 924 3029 apostoli.
941 2958 1029 3014 Anno
1046 2957 1163 3014 domini
1179 2958 1348 3016 millesimo
1365 2959 1671 3032 quadringentesimo

402 3075 604 3134 nonagesimo
628 3076 731 3135 pnmo

509 3249 643 3314 Originale
670 3251 697 3299 in
721 3251 876 3301 membrana.
903 3251 928 3298 A
946 3258 1018 3314 tergo
1038 3251 1192 3316 impressum
1219 3259 1257 3299 est
1284 3251 1407 3317 sigillum.
1437 3253 1468 3301 In
1495 3252 1595 3303 archiv.
1610 3251 1673 3327 incl·

405 3341 484 3394 Acad.
504 3341 599 3390 Scient.
619 3341 716 3392 Slavor.
737 3340 825 3390 merid.

1000 3589 1082 3653 361.

513 3729 593 3776 Anno
616 3739 689 3789 1492,
710 3740 734 3788 9.
754 3729 847 3778 martii.

457 3854 637 3929 Stipendium
661 3873 789 3912 cernuum
812 3854 967 3912 medicinae
988 3855 1100 3913 doctori
1120 3875 1139 3912 a
1162 3859 1289 3932 capitulo
1311 3859 1429 3932 zagrab.
1452 3864 1627 3936 assignatur.

509 4018 598 4076 Feria
630 4017 736 4091 quinta
767 4019 910 4091 proxima
935 4025 1005 4076 ante
1028 4017 1142 4076 festum
1176 4021 1258 4078 beati
1285 4020 1414 4094 Georgii
1437 4037 1527 4096 pape,
1551 4021 1670 4080 domini

404 4122 596 4199 infrascripti
618 4130 648 4182 et
670 4124 702 4182 in
725 4125 862 4182 sacristia
893 4125 1032 4183 interiori
1059 4125 1272 4199 capitulariter
1296 4129 1481 4200 congregati,
1513 4129 1674 4186 concluse·

404 4236 476 4288 runt
508 4246 568 4304 pro
599 4231 682 4288 bono
715 4231 882 4302 communi,
915 4231 999 4304 quod
1033 4232 1174 4304 egregius
1204 4231 1356 4291 medicine
1391 4232 1499 4291 doctor
1521 4233 1674 4292 Henricus

403 4337 555 4394 Almanus
577 4336 789 4411 provisionem
813 4337 940 4395 habebit
969 4352 1028 4410 pro
1051 4353 1113 4395 uno
1136 4339 1256 4412 integro
1279 4355 1394 4396 annoa
1417 4339 1557 4413 capitulo
1580 4341 1672 4413 quin·

402 4442 551 4516 quaginta
582 4443 709 4500 ducatos
739 4442 840 4515 adie,
863 4457 926 4516 quo
959 4443 1092 4517 deponet
1125 4460 1158 4502 se
1188 4445 1238 4502 hic
1263 4446 1315 4502 vel
1337 4445 1369 4503 in
1393 4453 1497 4503 monte
1521 4445 1668 4504 Grecensi

399 4553 603 4619 moraturum
616 4563 693 4620 quos
705 4547 831 4622 quidem
843 4549 1066 4623 quinquaginta
1077 4548 1206 4609 tiorenos
1219 4551 1337 4610 domini
1349 4551 1577 4624 deputaverunt
1588 4551 1673 4627 apud

402 4655 569 4727 magistros
592 4653 783 4728 Stephanum
800 4653 838 4712 de
863 4655 1094 4714 Hrazthowicza
1117 4663 1147 4716 et
1169 4657 1342 4740 johannem
1364 4657 1482 4740 Jalsich
1500 4657 1672 4728 canonicos,

399 4759 605 4819 conductores
637 4760 829 4819 decimarum
864 4761 1087 4835 capitularium
1121 4762 1159 4819 de
1189 4779 1301 4836 campo
1332 4772 1362 4821 et
1395 4763 1573 4822 Glawnicra
1596 4764 1669 4822 anni

395 4867 539 4940 proxime
564 4867 710 4940 preteriti.

504 5001 619 5051 Michael
638 5003 794 5068 prepositus.
814 5019 848 5056 m.
861 5019 885 5068 p.
899 5005 1000 5063 Petrus,
1014 5003 1103 5055 lector.
1123 5021 1156 5055 m.
1172 5021 1196 5069 p.
1222 5007 1350 5069 Georgius
1368 5007 1506 5071 episcopus
1525 5008 1673 5057 rosenensis

395 5107 429 5145 ur.
458 5107 483 5158 p.
513 5090 700 5142 Kamarcensis
722 5093 866 5158 Johannes‚
894 5109 928 5148 m.
946 5109 972 5159 p.
990 5093 1125 5159 Johannes
1146 5095 1311 5158 goriczensis,
1334 5111 1368 5149 m.
1389 5111 1415 5161 p.
1434 5095 1538 5146 Blasius
1556 5095 1675 5148 Keurlek
