3828 5822
658 611 733 670 Doc.
758 605 833 688 284.
858 642 900 653 --
923 611 978 668 An.
1003 619 1091 688 1473,
1433 627 1494 690 353

233 842 341 885 muros
375 827 514 884 eiusdem
549 827 682 884 civitatis
716 831 821 884 nostre
855 827 970 884 montis
1004 825 1166 886 Grecensis
1200 831 1417 901 constructam,
1440 844 1498 903 per

231 932 357 990 eosdem
379 930 490 990 iratres
513 932 605 990 sicuti
627 932 668 989 ab
691 933 818 1006 antiquo
841 931 884 989 ita
907 937 937 990 et
959 947 1041 991 nunc
1064 947 1248 1006 possessam,
1278 949 1337 1008 per
1367 919 1497 992 modum

228 1038 360 1097 claustri
383 1053 437 1096 seu
468 1037 649 1096 monasterii
671 1037 773 1096 ordini
795 1053 905 1096 eorum
926 1038 1158 1096 convenientem
1173 1039 1291 1112 erigere
1306 1043 1337 1098 et
1352 1038 1497 1097 edificare

231 1161 268 1203 ac
292 1145 369 1203 illuc
392 1144 431 1204 de
454 1144 537 1203 dicto
561 1145 697 1203 claustro
720 1145 817 1203 sancti
838 1145 959 1202 Nicolai
984 1149 1170 1204 conventum
1187 1161 1241 1204 seu
1265 1145 1493 1204 habitacionern

231 1267 340 1310 eorum
370 1251 537 1310 transferre
567 1252 693 1325 possint.
724 1250 804 1324 Quia
836 1267 911 1309 vero
942 1251 1031 1309 locus
1061 1266 1115 1310 seu
1145 1252 1221 1309 situs
1245 1251 1327 1310 dicte
1350 1251 1494 1324 cappelle

231 1372 290 1433 pro
312 1357 510 1416 edificacione
532 1357 691 1416 talismodi
715 1357 892 1416 monasterii
927 1357 1098 1415 admodum
1133 1362 1227 1429 artus,
1257 1357 1443 1430 strictusque
1466 1362 1497 1414 et

230 1462 420 1522 insufficiens
455 1463 521 1523 fore
553 1464 745 1538 perhibetur,
774 1464 868 1536 igitur
890 1477 946 1522 nos
969 1467 1100 1538 propter
1124 1462 1325 1522 devocionem
1347 1468 1496 1533 nostram,

231 1585 326 1644 quarn
349 1569 388 1627 ad
412 1571 567 1643 prefatam
590 1570 714 1628 beatam
739 1557 941 1628 Katherinarn
966 1569 1122 1642 virginem
1153 1569 1315 1640 habemus,
1344 1567 1496 1642 quasdam

230 1676 308 1734 duas
330 1677 481 1735 sessiones
504 1691 558 1734 seu
581 1675 694 1734 fundos
717 1677 802 1734 curie
825 1675 987 1750 empticios
1011 1674 1195 1732 eorumdem
1218 1674 1360 1745 fratrum,
1376 1672 1496 1748 prefate

231 1783 375 1857 cappelle
406 1783 565 1856 contiguas
595 1797 652 1841 suo
683 1781 855 1841 comodiori
887 1781 1048 1840 situacioni
1078 1796 1113 1838 ac
1143 1779 1335 1839 edificacioni
1357 1778 1495 1838 eiusdem

231 1889 419 1961 monasterii,
451 1888 567 1947 eisdem
603 1887 752 1946 iratribus
783 1893 813 1946 et
843 1889 887 1946 eis
915 1886 1152 1946 succedentibus
1175 1889 1419 1962 inperpetuum
1443 1885 1495 1944 de-

230 1995 333 2054 dimus
356 2001 386 2054 ct
410 1994 603 2067 donavimus,
628 1996 726 2053 immo
749 1994 955 2065 concedimus,
980 1993 1152 2068 damusque
1175 2000 1206 2052 et
1228 1993 1381 2052 donamus
1397 1991 1493 2052 salvis

230 2102 351 2160 iuribus
383 2101 499 2173 alienis,
523 2101 635 2159 harum
665 2105 851 2172 nostrarum,
883 2100 998 2174 quibus
1028 2099 1169 2172 sigillum
1200 2104 1342 2158 nostrum
1366 2103 1413 2156 est
1441 2113 1496 2172 ap·

229 2223 362 2282 pensum
393 2208 501 2281 vigore
535 2212 566 2265 et
598 2206 773 2265 testimonio
802 2207 978 2264 litterarum
1009 2205 1172 2264 mediante.
1207 2205 1323 2264 Datum
1356 2203 1442 2262 Bude
1464 2204 1497 2262 in

229 2312 308 2371 sesto
339 2313 422 2372 beati
452 2313 610 2371 Valentini
645 2311 789 2370 martiris.
819 2313 910 2369 Anno
941 2309 1060 2368 domini
1092 2310 1263 2369 millesimo
1288 2309 1495 2384 quadringen-

228 2419 339 2477 tesimo
362 2419 592 2492 septuagesimo
616 2418 720 2476 tercio.
751 2417 930 2490 Regnorum
953 2423 1132 2474 nostrorum
1155 2429 1234 2474 anno
1257 2415 1417 2489 Hungarie
1439 2420 1495 2476 etc.

229 2523 469 2598 quintodecimo,
493 2523 640 2582 Bohemie
664 2538 740 2582 uero
764 2529 884 2597 quarto.

333 2662 358 2710 E
376 2665 537 2726 transumpto
561 2660 752 2710 communitatis
770 2660 865 2709 montis
890 2659 1029 2709 Grecensis
1053 2659 1086 2708 de
1109 2673 1177 2708 auno
1197 2660 1273 2722 1473.
1294 2683 1327 2696 -·
1345 2659 1379 2708 In
1397 2657 1495 2712 archia.

225 2749 309 2814 regni.
328 2749 392 2800 Act.
407 2749 462 2814 Jes.
482 2750 544 2802 fasc.
567 2749 606 2800 18.
625 2764 663 2802 nr.
684 2761 725 2800 20.
745 2747 863 2802 Farlatti.
882 2747 949 2801 Illir.
968 2747 1038 2802 Sacr.
1058 2748 1133 2806 Tom,
1153 2748 1188 2800 V.
1207 2763 1265 2813 pag.
1285 2747 1346 2810 498.

821 2977 908 3045 284.

332 3123 414 3172 Anno
435 3131 510 3186 1473,
533 3133 573 3183 19.
591 3121 685 3173 martii.
704 3121 793 3170 Albae

222 3251 381 3328 johannes
407 3250 472 3307 Tua
492 3249 526 3307 dc
548 3250 702 3324 usufructu
728 3248 936 3323 posscssionum
958 3246 1073 3317 Dedili,
1104 3226 1286 3306 C‘emomercc
1306 3255 1357 3310 etc.
1380 3267 1400 3306 a
1423 3267 1494 3307 com·

559 3357 697 3414 munitate
719 3356 845 3414 ctbztan's
867 3353 1027 3412 redimendo
1047 3361 1167 3412 recusat.

332 3499 506 3572 Magnificis
541 3500 617 3558 viris
650 3499 740 3558 banis
770 3497 824 3558 vel
854 3498 1013 3557 vicebanis
1047 3498 1136 3571 regni
1169 3496 1339 3556 Sclauonie.
1377 3497 1495 3557 Amicis

227 3619 336 3664 eorum
362 3605 558 3678 honorandis,
582 3605 756 3680 capitulum
781 3604 909 3663 ecclesie
924 3604 1059 3662 albensis
1075 3603 1248 3662 amiciciam
1265 3607 1408 3678 paratam
1423 3620 1495 3662 cum

229 3713 354 3770 honore.
378 3712 488 3770 Vestre
510 3711 654 3770 noverint
677 3710 917 3784 magnificencie,
942 3709 1026 3784 quod
1048 3725 1106 3768 nos
1120 3709 1241 3768 litteras
1256 3708 1495 3768 introductoriae

227 3825 257 3876 et
280 3819 458 3877 statutorias
488 3817 676 3876 serenissimi
707 3817 864 3892 principis,
896 3816 1016 3874 domini
1045 3816 1168 3888 Mathie,
1201 3815 1250 3873 dei
1280 3815 1384 3888 gracia
1412 3816 1494 3888 regis

226 3925 393 3998 Hungarie‚
417 3923 565 3982 Bohemie
588 3928 654 3996 etc,
678 3923 798 3982 domini
819 3923 917 3981 nostri
940 3922 1170 3996 graciosissimi,
1192 3921 1283 3980 nobis
1299 3921 1494 3995 preceptorie

226 4030 396 4103 loquentes,
411 4043 535 4087 summo
558 4045 629 4087 cum
645 4029 763 4088 honore
786 4029 961 4102 recepimus
981 4028 1012 4086 in
1028 4029 1085 4086 hec
1100 4028 1213 4086 verba:
1230 4019 1315 4105 (vide
1331 4027 1397 4086 Doc
1423 4041 1494 4102 273.

227 4134 265 4192 de
288 4151 368 4193 anno
395 4149 486 4211 1472.
522 4151 570 4194 ac.
593 4128 692 4214 maii).
724 4135 787 4193 Nos
818 4136 923 4208 itaque
945 4133 1100 4192 mandatis
1123 4133 1221 4207 ipsius
1252 4131 1371 4191 domini
1396 4134 1492 4192 nostri

226 4243 308 4315 regis
343 4257 467 4316 semper
500 4241 628 4300 obedire
661 4242 810 4314 volentes,
845 4246 880 4298 ut
914 4246 1082 4306 teneamur,
1106 4253 1240 4297 unacum
1274 4239 1491 4312 prenominato

226 4348 376 4406 Michaele
400 4347 634 4420 Bencekowycz,
663 4349 788 4406 homine
811 4347 950 4406 eiusdem
974 4338 1094 4404 domini
1116 4345 1214 4403 nostri
1237 4345 1328 4418 regis,
1350 4351 1491 4404 nostrum

226 4454 384 4512 hominem
418 4453 563 4512 videlicet
598 4453 766 4513 discretum
798 4453 999 4512 Benedictum
1034 4452 1073 4509 de
1109 4451 1239 4523 Thatha,
1282 4451 1492 4525 presbiterum

226 4559 312 4618 chori
335 4560 464 4618 ecclesie
486 4566 590 4618 nostre
613 4560 752 4635 predicte
769 4575 804 4618 ac
819 4567 973 4619 rectorem
989 4558 1111 4632 capelle
1134 4557 1231 4616 sancti
1253 4556 1389 4617 Ladislai
1412 4557 1494 4630 regis

225 4665 264 4723 ad
288 4666 370 4723 latus
390 4665 529 4726 eiusdem
551 4666 680 4725 ecclesie
702 4673 807 4725 nostre
830 4665 965 4737 fundate,
999 4663 1038 4722 ad
1070 4664 1223 4738 premissa
1256 4661 1391 4720 fideliter
1424 4679 1493 4720 exe·

226 4772 348 4845 quenda
371 4777 478 4830 nostro
501 4788 559 4847 pro
583 4773 759 4832 testimonio
782 4773 1011 4832 transmisimus
1041 4769 1245 4843 fidedignum.
1274 4768 1337 4842 Qui
1367 4767 1492 4826 tandem

226 4877 336 4936 exinde
367 4877 407 4936 ad
436 4893 493 4938 nos
526 4879 653 4953 reversi,
684 4879 776 4937 nobis
806 4877 1002 4936 uniformiter
1032 4876 1214 4948 retulerunt,
1244 4874 1402 4948 quomodo
1432 4875 1493 4948 ipsi

226 4983 303 5042 feria
327 4988 438 5056 quarta
469 4985 613 5058 proxima
636 4991 706 5044 ante
729 4983 841 5042 festum
867 4984 950 5042 beati
973 4983 1118 5055 Gregorii
1142 4997 1231 5057 pape,
1257 4981 1400 5054 proxime
1422 4997 1492 5054 pre·

226 5090 361 5164 teritum,
385 5091 426 5148 ad
449 5090 542 5149 iacies
565 5092 811 5167 prescriptarum
834 5090 1064 5165 possessionum
1095 5087 1228 5161 Dedycz,
1259 5086 1493 5159 Chernomerca,

1391 5207 1428 5266 ²3
