3948 5804
387 583 429 654 56
819 581 891 640 Doc.
915 591 966 658 47.
993 614 1033 624 -
1057 581 1114 640 An.
1138 591 1227 659 1427.

385 797 499 869 salivit,
534 803 628 872 prout
661 798 869 856 communiter
905 796 1052 855 omnibns
1088 796 1166 855 hene
1189 795 1290 854 extitit
1312 795 1522 872 manifestum,
1545 804 1652 860 contra

386 903 565 963 libertatem
588 909 619 963 et
641 906 792 963 honorem
816 901 897 960 dicte
920 902 1061 962 civitatis.

490 1009 577 1084 Item,
593 1009 678 1070 idem
694 1009 872 1082 Gregorius,
887 1008 983 1068 iudex
998 1009 1201 1082 provincialis
1218 1007 1432 1082 predictorum
1447 1011 1651 1075 dominorum

385 1115 425 1174 de
448 1117 594 1192 capitulo,
618 1117 725 1193 plures
757 1117 899 1175 homines
933 1121 999 1175 tam
1035 1117 1198 1188 intraneos,
1234 1132 1329 1190 quam
1360 1117 1458 1177 eciam
1481 1127 1651 1196 extraneos,

385 1227 450 1282 tam
473 1222 619 1283 videlicet
641 1224 831 1283 habitatores
854 1223 996 1295 civitatis,
1020 1237 1116 1296 quarn
1146 1222 1282 1282 advenas
1316 1239 1354 1281 ex
1388 1227 1592 1298 permissione
1622 1234 1652 1287 et

385 1345 535 1390 consensu
557 1331 700 1406 ipsorum
722 1330 924 1388 dominorum
946 1329 985 1387 de
1008 1329 1146 1403 capitulo
1168 1329 1200 1388 iu
1224 1328 1305 1388 dicta
1321 1331 1399 1389 turri
1416 1330 1554 1404 detineri,
1577 1349 1652 1408 spo·

385 1435 457 1495 liari
481 1441 511 1495 et
533 1438 666 1496 vinculis
688 1437 862 1510 mancipari
885 1441 915 1494 et
934 1435 1062 1494 taudem
1076 1435 1208 1495 interfici
1223 1437 1252 1494 ei
1267 1435 1386 1495 ibidem
1403 1439 1553 1498 tumulari
1570 1439 1651 1514 iecit,

386 1549 493 1602 contra
517 1543 696 1602 libertatem
718 1547 748 1601 et
772 1539 1022 1601 iurisdiccionem
1044 1541 1178 1600 civitatis
1200 1547 1370 1616 prenotate.

491 1649 585 1722 Item,
620 1653 691 1724 post
724 1664 881 1707 recessum
915 1647 1035 1706 domini
1067 1647 1217 1730 Johannis
1260 1649 1400 1724 episcopi
1433 1650 1651 1724 zagrabiensis,

388 1755 498 1815 eodem
535 1771 631 1830 anno,
666 1757 747 1815 circa
781 1754 896 1814 festum
929 1754 1161 1814 Purificacionis
1194 1755 1330 1828 gloriose
1364 1771 1488 1830 semper
1521 1757 1652 1831 virginis

389 1863 496 1935 Marie,
532 1863 608 1921 certi
642 1863 791 1934 homiues,
825 1860 908 1920 servi
931 1865 961 1919 et
994 1859 1176 1936 jobagiones
1205 1861 1399 1922 honorabilis
1429 1863 1498 1936 viri,
1530 1863 1649 1923 domini

385 1967 536 2052 Johannis
559 1968 694 2027 cantoris
716 1973 747 2026 et
776 1967 914 2026 canonici
944 1966 1072 2026 ecclesie
1102 1968 1319 2042 zagrabiensis,
1354 1985 1392 2028 ex
1422 1970 1648 2041 commissione,

387 2073 550 2132 voluntate
573 2079 603 2132 et
625 2079 774 2148 precepto
796 2071 944 2146 eiusdem,
968 2073 1122 2147 quosdam
1145 2075 1287 2133 homines
1310 2081 1340 2134 et
1364 2075 1555 2134 habitatores
1576 2077 1652 2135 civi·

390 2180 461 2238 tatis
484 2178 624 2254 predicte
645 2180 676 2238 in
699 2194 812 2254 campo
835 2184 865 2237 et
887 2179 1045 2238 territorio
1076 2179 1217 2238 eiusdem
1247 2181 1390 2254 civitatis,
1422 2181 1518 2240 nullis
1550 2182 1653 2257 culpis

386 2300 495 2345 eorum
518 2286 722 2360 exigentibus,
746 2285 944 2345 detinuerunt
966 2292 997 2346 et
1019 2288 1237 2362 captivarunt;
1258 2292 1289 2346 et
1311 2287 1388 2347 dum
1410 2293 1518 2363 captos
1539 2293 1570 2346 et
1600 2286 1653 2347 de·

349 2439 352 2446 .
386 2397 487 2450 tentos
511 2406 564 2450 eos
586 2407 644 2466 per
666 2393 733 2451 vias
756 2392 949 2465 deduxerint,
972 2399 1046 2452 tuuc
1068 2393 1153 2452 idem
1175 2393 1304 2453 adiuves
1339 2394 1513 2470 presidium
1549 2394 1652 2453 excla-

387 2501 517 2570 mantes,
540 2513 598 2572 per
620 2497 699 2557 alios
722 2497 863 2557 diversos
886 2499 1028 2558 homines
1058 2499 1105 2558 ibi
1133 2515 1233 2574 prope
1267 2501 1299 2559 in
1334 2500 1456 2558 cultura
1479 2500 1652 2572 existentes,

387 2603 442 2662 vix
464 2603 591 2663 liberati
614 2604 806 2677 exstiterunt,
830 2609 860 2663 et
883 2620 1041 2680 superse,
1064 2606 1096 2666 in
1127 2607 1251 2681 signum
1273 2606 1375 2678 huius,
1398 2607 1485 2679 signa
1509 2605 1652 2680 armalia,

385 2709 444 2770 deo
465 2710 601 2784 volente,
624 2710 832 2770 obtinuerunt

491 2847 681 2898 Documentum
709 2847 914 2904 hansactionale.
943 2849 976 2899 In
1002 2849 1072 2902 arch.
1101 2865 1158 2902 ven.
1185 2849 1272 2914 Capit.
1299 2849 1400 2914 zagrab.
1427 2850 1482 2898 Act
1509 2863 1565 2914 cap.
1584 2848 1651 2898 Ant.

384 2935 445 2988 fasc.
468 2947 506 2988 ιο.
525 2951 563 2988 nr.
586 2935 625 2988 16.

993 3113 1056 3181 47.

490 3256 571 3306 Anno
593 3267 668 3320 1427,
688 3267 729 3307 20.
745 3254 828 3320 Junii.
847 3255 972 3318 Potegae.

391 3381 554 3457 Capitulum
577 3401 599 3441 s.
622 3384 710 3444 Petri
723 3383 757 3441 de
772 3379 888 3457 Potega
903 3390 1034 3442 eventum
1050 3381 1252 3457 exquisitiones
1270 3383 1348 3442 inter
1361 3383 1517 3450 capitutum
1533 3385 1650 3459 sagrab.

385 3497 414 3547 et
433 3490 660 3549 communitatem
688 3490 814 3548 mititatis
840 3497 922 3548 actae
951 3489 986 3546 de
1015 3489 1130 3564 injuria
1160 3489 1191 3546 in
1215 3488 1322 3566 Jarun
1352 3489 1414 3548 vtio
1436 3490 1583 3548 commissa
1607 3489 1652 3550 Si-

837 3595 991 3669 gismundo
1013 3595 1078 3668 regt'
1097 3595 1195 3669 refert.

490 3755 692 3817 Serenissimo
727 3757 862 3832 principi
896 3757 1024 3816 domino
1058 3755 1258 3830 sigismundo
1282 3754 1332 3814 dei
1362 3757 1467 3830 gracia
1496 3757 1652 3816 Romano·

385 3881 457 3924 rum
480 3865 556 3938 regi,
579 3878 704 3939 semper
726 3869 867 3936 augusto,
891 3879 927 3922 ac
950 3864 1117 3936 Hungarie,
1148 3862 1303 3935 Bohemie,
1330 3863 1500 3934 Dalmacie,
1523 3862 1652 3924 Croacie

384 3976 442 4030 etc.
467 3971 543 4044 regi,
564 3969 691 4029 domino
714 3971 856 4045 ipsorum
880 3971 1055 4043 metuendo,
1087 3971 1261 4044 capitulum
1288 3969 1417 4028 ecclesie
1450 3969 1533 4028 beati
1567 3970 1651 4030 Petri

385 4077 424 4136 de
448 4077 574 4152 Posega,
598 4078 752 4136 orationes
775 4077 807 4136 in
823 4076 890 4135 filio
907 4077 1037 4150 virginis
1052 4077 1197 4150 gloriose.
1221 4077 1332 4135 Vestra
1348 4077 1471 4134 noverit
1493 4078 1651 4150 serenitas,

385 4183 470 4258 quod
493 4198 550 4242 nos
572 4199 718 4258 sumpma
740 4199 813 4242 cum
837 4183 1017 4242 obediencia
1040 4184 1173 4258 receptis
1196 4183 1308 4242 litteris
1330 4183 1442 4241 vestris
1465 4183 1652 4242 annualibus

384 4306 443 4366 pro
466 4291 645 4350 honorabili
667 4291 808 4366 capitulo
830 4291 959 4349 ecclesie
982 4289 1190 4362 zagrabiensis
1214 4289 1253 4346 ad
1289 4289 1518 4363 inquisiciones,
1542 4303 1651 4347 evoca-

384 4399 486 4458 ciones
510 4404 540 4457 et
562 4397 800 4473 prohibiciones,
824 4412 859 4455 ac
882 4396 921 4456 ad
945 4397 1049 4454 omnia
1072 4396 1142 4467 alia,
1167 4411 1227 4469 que
1249 4396 1336 4454 iuxta
1359 4395 1449 4469 regni
1467 4395 1565 4453 vestri
1581 4409 1653 4453 con·

383 4505 580 4564 sretudinem
603 4505 719 4563 talibus
742 4504 773 4563 in
796 4503 992 4578 processibus
1008 4502 1077 4560 fieri
1093 4508 1320 4560 consueverunt
1336 4501 1477 4560 facienda
1493 4502 1651 4575 emanatis,

384 4611 548 4686 eidemque
570 4627 627 4686 per
650 4616 787 4669 vestram
810 4611 1005 4668 maiestatem
1027 4608 1067 4666 ad
1091 4609 1163 4667 anni
1185 4609 1339 4667 circulum
1362 4609 1501 4682 graciose
1518 4607 1599 4667 datis
1621 4613 1652 4667 et

385 4719 536 4776 concessis
558 4717 596 4775 ad
620 4732 677 4775 nos
699 4717 894 4792 preceptorie
917 4716 1043 4776 directis
1066 4721 1096 4773 et
1118 4717 1205 4774 iuxta
1227 4714 1409 4774 earumdem
1425 4715 1651 4773 continenciam

384 4839 446 4882 una
469 4839 540 4882 cum
574 4824 728 4896 Ladislao,
764 4823 831 4883 filio
863 4822 1023 4882 Michaelis
1055 4822 1093 4881 de
1127 4823 1291 4895 Drenoua,
1327 4822 1455 4880 homine
1480 4824 1594 4895 vestro,
1619 4822 1651 4880 in

385 4929 502 4989 eisdem
525 4930 638 4990 litteris
660 4931 773 4988 vestris
795 4929 983 4988 annualibus
1012 4929 1092 4988 inter
1123 4929 1201 4988 alios
1231 4929 1373 4988 homines
1401 4933 1522 4986 vestros
1551 4928 1650 4987 nomi·

385 5037 484 5096 ratim
507 5037 691 5112 conscripto,
715 5041 857 5096 nostrum
881 5037 1049 5110 hominem,
1074 5035 1221 5096 videlicet
1252 5035 1422 5094 discretum
1455 5035 1561 5093 virum
1594 5033 1652 5093 Fa-
