3948 5804
421 554 462 614 34
848 535 921 595 Dor.
939 547 993 611 32.
1017 567 1060 578 —
1082 535 1138 594 An.
1162 549 1252 614 1422.

420 751 561 809 diversas
584 749 802 824 multipliciter
825 763 997 823 provocare
1019 750 1138 825 pariter
1160 755 1191 808 et
1223 753 1371 826 persequi
1398 754 1431 816 in
1460 751 1563 826 capite
1590 757 1684 826 atque

421 857 580 916 membris.
603 855 794 928 Quinymmo
818 870 836 913 a
860 871 938 916 voce
961 857 1058 930 patris
1081 857 1224 930 ipsorum
1239 859 1412 932 spiritualis
1428 873 1522 920 suum
1538 857 1680 918 auditum

420 966 603 1034 avertentes,
628 962 796 1020 execrabili
820 967 850 1020 et
872 963 1072 1021 horribilium
1089 977 1243 1022 novorum
1268 965 1421 1024 scelerum
1444 981 1554 1024 eorum
1576 964 1683 1024 odiosa

411 1069 661 1144 presumpcione
696 1072 727 1125 et
761 1069 1008 1142 parviprivitatis
1042 1069 1180 1142 licencia,
1213 1069 1329 1128 nedum
1362 1070 1401 1128 ad
1440 1071 1530 1129 illam
1567 1086 1683 1138 novam

419 1174 613 1233 crudelitatis
635 1175 781 1232 seviciem
804 1189 913 1232 manus
936 1174 1137 1247 extendendo,
1162 1191 1256 1248 quam
1280 1177 1415 1249 quilibet
1439 1177 1542 1236 fidelis
1557 1183 1683 1238 actenus

419 1282 554 1354 cogitare
576 1280 724 1339 horrebat
747 1280 799 1338 vel
821 1279 928 1338 audire
951 1295 1062 1338 verum
1086 1282 1183 1340 eciam
1207 1283 1314 1355 pavidi
1336 1288 1367 1340 et
1396 1283 1546 1342 vecordes
1568 1283 1684 1342 redditi

420 1393 449 1445 et
472 1388 503 1446 in
526 1387 644 1446 multos
667 1385 740 1444 facti
763 1385 944 1444 audaciores
966 1387 1005 1444 ad
1029 1387 1154 1446 insolita
1177 1393 1207 1446 et
1230 1389 1396 1448 attrociora
1428 1389 1549 1463 flagicia
1571 1405 1681 1464 perpe-

418 1493 537 1565 tranda,
561 1491 599 1550 de
621 1507 701 1550 anno
724 1492 869 1552 similiter
890 1493 1026 1566 presenti
1050 1493 1169 1552 malum
1192 1494 1277 1552 malo
1301 1495 1526 1553 accumulando
1547 1499 1577 1552 et
1598 1496 1682 1570 ipso·

419 1615 490 1658 rum
514 1599 689 1672 malignum
713 1613 748 1656 ac
771 1599 1001 1672 iniquissimum
1025 1600 1221 1674 propositum
1246 1600 1465 1673 continuantes,
1490 1585 1531 1658 ¹ut
1561 1601 1681 1660 clerum

408 1707 522 1780 ipsum
541 1704 677 1762 finaliter
700 1704 913 1776 extinguerent
936 1711 966 1761 et
988 1705 1116 1762 ecclesie
1137 1705 1235 1779 ipsius
1257 1705 1446 1774 libertatem,
1459 1705 1671 1780 deprimerent

362 1831 363 1834 ¹
418 1813 450 1870 in
475 1811 524 1869 die
547 1811 726 1868 beatissime
748 1811 945 1882 Margarethe
967 1811 1098 1884 virginis
1121 1815 1152 1868 et
1174 1812 1312 1870 martiris
1335 1811 1383 1878 de,
1396 1828 1503 1870 mense
1516 1813 1594 1894 Julii
1607 1814 1680 1871 anni

418 1918 579 1992 presentis,
602 1932 664 1991 qua
687 1917 800 1975 exteris
834 1917 932 1974 eciam
956 1923 986 1974 et
1010 1918 1118 1976 ceteris
1148 1933 1194 1976 ex·
1209 1918 1367 1990 regalibus
1397 1919 1572 1992 privilegiis
1602 1935 1680 1978 nun-

419 2024 562 2082 dinarum
586 2029 727 2096 tempore
749 2023 868 2080 ibidem
891 2028 996 2081 asvete
1019 2024 1199 2082 habitarum
1223 2039 1286 2098 pax
1310 2024 1402 2082 datur
1424 2031 1454 2082 et
1476 2027 1583 2096 slatus,
1598 2030 1681 2084 tran·

419 2130 559 2202 quillitas
581 2129 727 2186 omnibus
750 2136 900 2200 servatur,
922 2144 1030 2202 ymmo
1053 2129 1202 2202 quietudo
1229 2129 1403 2187 criminosis
1422 2130 1553 2200 illibata,
1577 2131 1680 2204 ipsam

417 2235 580 2294 ecclesiam
603 2239 741 2292 nostram
765 2239 795 2292 et
818 2233 939 2292 clerum
962 2239 1102 2293 nostrum
1125 2234 1275 2308 replendo
1305 2235 1512 2294 amaritudine
1530 2235 1680 2310 populus

418 2357 492 2400 suus
525 2355 633 2414 ymmo
668 2346 750 2400 certe
784 2357 865 2398 nunc
894 2356 955 2399 non
979 2357 1061 2412 suus,
1085 2341 1159 2414 quia
1182 2355 1260 2414 quos
1283 2343 1331 2400 ius
1353 2342 1518 2416 spirituale
1541 2341 1627 2400 dedit
1649 2343 1681 2399 in

418 2450 571 2524 proprios,
594 2447 723 2520 laycalis
745 2446 848 2505 reddit
871 2447 982 2506 iniuria
1005 2447 1131 2519 alienos,
1155 2448 1347 2519 insurgentes
1379 2448 1409 2506 in
1442 2453 1576 2506 matrem
1611 2447 1679 2518 filii,

417 2569 435 2610 a
468 2553 646 2628 pastoribus
679 2568 754 2611 oves
787 2553 966 2624 oberantes,
1000 2553 1112 2612 iniuria
1144 2554 1340 2628 superiorum
1375 2569 1503 2613 suorum
1538 2553 1680 2612 iniuriosi

417 2660 556 2730 subiecti,
579 2659 706 2716 sathane
727 2658 885 2730 satellites,
909 2657 1094 2716 desudantes
1117 2669 1243 2717 rursum
1265 2659 1412 2717 videlicet
1443 2659 1526 2719 cives
1557 2659 1605 2717 illi
1636 2659 1681 2717 ni-

417 2766 517 2823 mium
539 2765 706 2822 inciviliter
729 2763 767 2822 de
783 2764 866 2822 dicto
882 2769 986 2823 monte
1002 2763 1149 2830 Grecensi
1163 2779 1262 2838 prope
1278 2763 1465 2837 Zagrabiam
1481 2781 1536 2822 sue
1551 2780 1681 2838 prorsus

416 2871 618 2929 immemores
641 2869 743 2942 saluti,
766 2869 869 2928 adhuc
891 2886 986 2928 manu
1008 2871 1150 2945 ipsorum
1174 2875 1297 2928 extenta
1327 2869 1367 2927 ad
1397 2871 1542 2944 rapinam
1573 2875 1604 2929 et
1635 2871 1680 2929 in·

416 2976 525 3034 stantis
548 2976 747 3034 continuitate
770 2977 947 3034 vexacionis
970 2977 1014 3034 sic
1036 2977 1146 3035 matris
1169 2976 1340 3034 honoribus
1364 2977 1494 3048 onerosi,
1511 2976 1595 3050 quod
1618 2977 1680 3034 sibi

417 3083 478 3140 sint
511 3082 605 3154 oneri,
640 3081 822 3140 ancillantes
856 3087 989 3140 matrem
1021 3084 1123 3156 ipsam
1158 3097 1274 3153 eorum,
1305 3086 1339 3139 ut
1362 3096 1423 3140 non
1447 3087 1597 3140 vocentur
1620 3081 1677 3140 filii

416 3188 517 3246 libere
550 3187 604 3244 sed
638 3188 759 3259 ancille,
794 3188 890 3246 simili
926 3187 1019 3246 modo
1049 3190 1081 3246 in
1111 3203 1209 3246 unum
1243 3187 1378 3259 adunati,
1412 3188 1519 3246 habito
1542 3188 1622 3246 inter
1645 3202 1678 3245 se

422 3295 535 3370 iterum
561 3307 668 3351 eorum
693 3292 802 3352 odioso
824 3294 1017 3367 malignandi
1039 3295 1168 3352 consilio
1200 3309 1235 3351 ac
1269 3296 1300 3351 in
1334 3294 1427 3351 malis
1460 3295 1534 3369 plus
1567 3295 1679 3358 soluto,

416 3415 504 3458 more
539 3399 652 3458 iterum
684 3399 853 3474 predonico
887 3405 917 3458 et
951 3405 1058 3458 asveto
1092 3401 1289 3457 innocentum
1323 3400 1504 3472 sanguinem
1527 3401 1681 3471 sicientes,

416 3519 511 3562 manu
534 3505 676 3578 ipsorum
699 3511 820 3562 armata
843 3512 873 3563 et
896 3506 1057 3578 sacrilega,
1081 3504 1119 3562 de
1143 3505 1210 3578 ipsa
1234 3505 1386 3578 sacrilega
1407 3506 1532 3563 civitate
1548 3506 1579 3564 in
1596 3506 1679 3580 capi-

417 3610 535 3668 tulares
569 3625 656 3668 areas
688 3609 908 3669 descendentes
943 3611 983 3668 ad
1019 3610 1148 3686 pulsum
1183 3626 1333 3684 campane
1363 3611 1504 3684 ipsorum
1535 3613 1681 3670 similiter

416 3717 543 3774 maioris
567 3716 607 3774 ad
623 3716 724 3776 curias
740 3716 940 3775 dominorum
956 3717 1175 3774 canonicorum
1193 3718 1334 3791 nequiter
1350 3716 1554 3789 declinarunt,
1570 3717 1681 3776 domos

416 3822 620 3881 subintrando
656 3822 847 3895 eorumdem,
882 3837 1013 3896 quarum
1050 3823 1201 3896 quasdam
1237 3825 1331 3882 rebus
1363 3828 1394 3882 et
1422 3823 1512 3882 bonis
1534 3825 1681 3882 omnibus

415 3929 493 3986 inibi
516 3929 648 4003 repertis
671 3934 702 3988 et
724 3929 935 4001 existentibus,
967 3928 1132 3987 confractis
1162 3930 1271 3988 hostiis
1302 3929 1469 3988 domorum
1496 3929 1680 3987 eorumdem

415 4048 451 4092 ac
474 4035 590 4109 apertis
613 4035 741 4092 omnino
764 4035 939 4109 spoliarunt
962 4039 992 4092 et
1015 4050 1120 4094 secum
1149 4035 1180 4092 in
1216 4034 1346 4108 predam
1380 4039 1607 4108 auspertarunt.
1643 4035 1680 4092 Et

415 4141 477 4214 ipsi
498 4141 655 4213 rugientes
690 4141 783 4198 belue
814 4156 850 4200 ac
881 4141 979 4198 bestie
1002 4140 1159 4199 indomate
1183 4141 1353 4198 secundum
1377 4141 1461 4214 quod
1484 4140 1585 4198 lacere
1609 4155 1681 4198 con·

416 4249 583 4304 sveverunt
604 4260 753 4319 personas
778 4246 931 4320 plurimas
950 4246 1173 4304 ecclesiasticas
1198 4252 1227 4304 et
1250 4246 1408 4304 seculares
1438 4261 1537 4321 usque
1569 4247 1680 4304 mortis

415 4351 575 4410 interitum
598 4352 783 4410 vulneribus
806 4352 882 4411 diris
906 4353 1091 4424 sauciarunt,
1104 4353 1315 4425 gravibusque
1339 4357 1369 4409 et
1393 4351 1524 4410 diversis
1539 4352 1680 4427 plurima

416 4456 584 4514 homicidia
607 4463 829 4531 perpetrantes,
853 4473 986 4531 quorum
1019 4443 1156 4532 sanguis⁰
1176 4456 1213 4514 de
1244 4461 1328 4515 terra
1357 4456 1397 4514 ad
1427 4458 1531 4516 celum
1564 4457 1680 4514 clamat

324 4607 330 4618 .
414 4563 564 4620 nimirum
598 4578 657 4637 pro
691 4563 837 4636 vindicta,
873 4564 1064 4637 clericosque
1099 4569 1130 4621 et
1164 4563 1362 4636 presbiteros,
1399 4579 1533 4638 quorum
1568 4563 1679 4621 domos

414 4669 512 4726 eciam
546 4668 777 4742 confringenda
813 4671 857 4728 sic
889 4676 923 4728 ut
957 4669 1121 4744 prefertur,
1152 4669 1375 4741 subintrarunt,
1408 4669 1508 4743 ruptis
1532 4669 1679 4726 similiter

413 4775 522 4832 hostiis
545 4774 729 4833 eorumdem
751 4775 846 4833 rebus
869 4775 998 4834 infinitis
1019 4775 1195 4850 spoliarunt
1218 4780 1248 4832 et
1272 4775 1371 4846 libris,
1396 4775 1485 4833 novis
1509 4789 1633 4848 quoque
1650 4780 1680 4831 et

413 4881 577 4954 exquisitis
600 4881 764 4954 suppliciis
787 4895 823 4938 ac
846 4882 1008 4939 tormentis
1032 4882 1200 4940 enormiter
1223 4881 1509 4954 irrecuperabiliter
1532 4895 1567 4936 ac
1590 4880 1679 4938 inhu-

413 4987 546 5044 maniter
569 4991 600 5043 et
621 5002 747 5060 semper
771 5002 868 5060 usque
891 4988 1049 5061 sanguinis
1065 4987 1257 5058 effusionem,
1275 5001 1353 5060 quos
1368 4987 1485 5045 habere
1501 4991 1678 5061 potuerunt,
