3948 5804
744 579 955 666 D0c175ss—
979 591 1035 648 Aa.
1062 579 1152 668 1454.
1520 600 1582 670 πρῲ

319 794 405 868 brari
442 791 678 866 commissarum
713 813 743 866 et
775 807 1005 887 dispositarum,
1039 810 1138 864 certas
1161 795 1367 880 possessiones
1391 800 1584 879 Kralyo'wcz,

318 915 439 988 Cherye
475 915 515 973 ad
546 914 675 972 eandem
711 914 895 984 Kralyowcz
930 914 1143 986 pertinentem,
1179 927 1250 970 cum
1281 913 1398 994 tributo
1422 914 1453 970 in
1477 901 1585 970 eadem

266 1089 268 1092 ,
317 1007 437 1094 Cherye
461 1007 543 1092 exigi
566 1020 666 1092 solite,
689 1033 829 1077 necnon
852 1005 1027 1090 Kobylyak,
1051 1005 1200 1091 twybtye
1224 1009 1262 1076 et
1278 1018 1376 1076 Narth
1410 1007 1532 1076 vocatas
1554 1021 1585 1076 iit

317 1128 464 1186 comitatu
488 1126 680 1198 zagrabiensi
704 1127 875 1196 existentes,
901 1139 978 1196 quas
994 1125 1060 1197 ipse
1077 1124 1209 1182 condam
1226 1124 1371 1182 dominus
1388 1125 1586 1184 Eberhardus

319 1235 482 1307 episcopus
496 1219 584 1290 'inter
607 1233 684 1290 alias
707 1231 914 1304 possessiones
937 1245 955 1287 a
976 1217 1170 1288 serenissimo
1194 1229 1328 1302 domino,
1353 1220 1480 1300 domino
1495 1230 1587 1303 Sigis-

316 1327 439 1397 mundo¹
458 1340 671 1397 Romanorum
694 1339 892 1411 imperatore,
909 1352 1032 1410 semper
1048 1340 1187 1409 augusto,
1210 1352 1245 1394 ac
1260 1337 1419 1411 Hungarie
1435 1343 1490 1396 etc.
1505 1329 1586 1410 rege,

318 1445 444 1503 domino
478 1450 585 1503 nostro
620 1445 775 1516 graciose,
808 1441 932 1500 labores
967 1444 1138 1512 maximos,
1171 1442 1282 1524 fatigas¹
1317 1449 1346 1501 et
1380 1459 1586 1518 expensarum

319 1557 465 1624 sumptus
485 1549 728 1608 innumerabiles
750 1564 812 1606 non
835 1549 899 1605 sine
922 1549 969 1605 sui
995 1550 1134 1621 corporis
1154 1547 1272 1606 tediosa
1289 1549 1499 1622 inquietudine
1515 1542 1587 1606 sub·

321 1656 422 1714 eundo
458 1661 487 1713 et
517 1655 701 1728 sufferendo,
725 1655 785 1712 sibi
808 1669 844 1712 ac
867 1654 999 1713 condam
1023 1653 1193 1711 reverendo
1218 1656 1248 1711 in
1273 1654 1396 1712 Christo
1420 1657 1509 1728 patri,
1534 1654 1587 1713 do·

237 1841 241 1848 .
317 1765 406 1820 mino
430 1763 564 1846 Johanni
586 1762 731 1820 similiter
754 1763 901 1836 episcopo
924 1749 1123 1832 zagrabiensi,
1148 1778 1203 1818 nec
1226 1775 1286 1818 non
1305 1761 1394 1819 Petro
1410 1767 1440 1818 et
1454 1754 1588 1845 Johanni

220 1857 224 1868 ’
322 1870 410 1926 banis
444 1857 604 1926 Dalmacie
639 1873 669 1925 et
704 1867 861 1939 Chroacie,
896 1867 1045 1924 tratribus
1075 1857 1252 1926 carnalibus
1283 1869 1380 1940 ipsius
1418 1866 1587 1941 Rodolphi,

320 1962 441 2049 ipsique
464 1975 632 2049 Rodolpho
657 1978 687 2031 et
709 1975 771 2031 suis
795 1972 961 2050 heredibus
996 1973 1028 2029 in
1061 1961 1247 2046 perpetuum
1282 1967 1587 2046 impetrasset,'cum

319 2069 469 2140 uniuersis
492 2079 672 2138 earumdem
696 2079 922 2153 posscssionum
939 2061 1131 2150 Kralyowcz,
1144 2077 1274 2151 Cherye,
1289 2079 1406 2151 tributi,
1422 2071 1589 2154 Kobilyalr',

321 2187 471 2260 Zwyblye
494 2193 523 2244 et
546 2186 785 2255 Narthvocatis
808 2185 1003 2254 utilitatibus
1028 2186 1119 2242 terris
1141 2184 1287 2242 videlicet
1300 2178 1481 2258 arabilibus
1498 2178 1588 2244 culti's

321 2299 351 2350 et
384 2281 516 2364 incultis,
551 2293 647 2364 silvis,
683 2281 1013 2367 pratis‘nemoribus,
1037 2295 1135 2366 aquis,
1157 2307 1372 2364 aquarumque
1395 2291 1587 2365 decursibus

322 2400 506 2458 molendinis
541 2405 570 2456 el
604 2389 681 2457 locis
714 2399 975 2470 molendinorum,
1011 2401 1174 2473 piscaturis
1208 2415 1245 2456 ac
1268 2400 1385 2457 cunctis
1408 2389 1588 2457 earumdem

321 2507 515 2577 utilitatibus,
551 2505 777 2578 emolumentis,
809 2504 1076 2564 fructuositatibus
1099 2497 1210 2578 quovis
1233 2507 1357 2564 nomine
1381 2507 1525 2564 vocitatis
1548 2505 1588 2564 ad

319 2613 443 2679 easdem
466 2601 602 2670 elidem
625 2614 817 2686 abantiquo
840 2601 1051 2686 spectantibus
1076 2614 1256 2670 cumomni
1280 2628 1317 2670 eo
1336 2610 1412 2687 jure,
1436 2603 1501 2686 quo
1515 2627 1585 2685 pre-

269 2743 272 2747 ·
320 2718 401 2776 dicte
431 2721 636 2793 possessiones
660 2720 865 2778 attributum
889 2719 928 2776 ad
951 2721 1061 2792 ipsum*
1079 2718 1283 2792 Rodolphum
1305 2733 1438 2792 suosque
1453 2709 1589 2776 ⁴heredes

257 2837 258 2842 ¹
321 2842 359 2884 ex
381 2826 552 2883 collacione
574 2831 604 2882 et
627 2813 796 2882 donacione
818 2825 932 2899 prefati
955 2825 1073 2882 domini
1103 2825 1200 2882 nostri
1222 2825 1420 2898 imperatoris
1442 2824 1494 2884 vel
1509 2839 1589 2898 quo·

236 2953 238 2957 ·
278 2945 279 2948 ’
322 2949 455 3004 cumque
478 2932 540 2990 alio
564 2931 657 2990 modo
681 2933 869 3006 pertinerent
892 2937 922 2989 et
945 2931 1176 2988 dinoscerentur
1198 2933 1352 3004 pertinere
1375 2946 1433 3006 pro
1448 2932 1590 3006 ipsorum

321 3029 453 3096 condam
476 3038 675 3096 dominorum
692 3037 864 3096 Eberhardi
887 3043 916 3095 et
931 3037 1080 3119 Johannis
1096 3038 1316 3112 episcoporum
1332 3053 1368 3095 ac
1383 3053 1437 3096 sue
1453 3039 1590 3113 proprie,

320 3144 541 3217 heredumque,
565 3161 622 3202 nec
642 3159 705 3204 non
727 3143 923 3219 prelatorum
946 3145 1029 3202 Petri
1052 3149 1082 3202 et
1104 3144 1252 3226 Johannis
1274 3145 1437 3216 banorum,
1454 3144 1588 3203 aliorum

323 3251 420 3308 eciam
444 3249 578 3308 fratrum
601 3265 729 3308 suorum
753 3250 854 3312 salute
876 3256 905 3308 et
928 3249 1067 3310 remedio
1090 3251 1200 3321 anime,
1225 3251 1257 3308 in
1280 3251 1403 3324 signum
1420 3251 1588 3310 elemosine

321 3364 351 3414 et
374 3361 523 3430 perpetue
546 3356 724 3415 donacionis
748 3357 823 3416 dicti
845 3341 967 3416 altaris
985 3362 1088 3414 sancte
1111 3357 1210 3414 crucis
1233 3371 1269 3413 ac
1291 3357 1432 3430 ipsarum
1455 3356 1588 3416 duarum
1635 3409 1636 3412 ,

320 3464 487 3520 missarum
510 3463 749 3536 continuacione‚
772 3463 1011 3522 honorabilibus
1034 3463 1118 3536 viris,
1142 3462 1276 3520 dominis
1304 3463 1458 3520 canonicis
1481 3463 1519 3520 de
1542 3479 1590 3521 ca·

322 3569 423 3643 pitulo
457 3568 538 3628 dicte
572 3570 699 3628 ecclesie
731 3571 940 3642 zagrabiensis
974 3575 1005 3628 et
1035 3586 1091 3646 per
1123 3585 1311 3643 consequens
1334 3569 1474 3642 predicto
1498 3570 1591 3628 altari

321 3681 424 3733 sancte
455 3661 567 3747 crucis,
601 3666 657 3732 nec
691 3691 753 3734 non
788 3677 901 3736 rectori
937 3673 1078 3750 ejusdem
1109 3676 1224 3747 altaris,
1258 3673 1344 3750 juxta
1367 3676 1589 3734 limitacionem

321 3781 503 3839 eorumdem
526 3781 725 3840 dominorum
748 3784 967 3868 canonicorum
989 3781 1128 3856 predicte
1151 3782 1280 3841 ecclesie
1302 3783 1509 3854 zagrabiensis
1532 3797 1590 3857 pro

322 3893 462 3961 tempore
485 3889 710 3947 constituendis
729 3895 759 3948 et
781 3889 990 3964 disponendis,
1014 3889 1156 3961 dedisset,
1181 3873 1324 3948 donasset
1347 3894 1377 3946 et
1393 3889 1590 3963 contulisset,

320 3983 425 4052 immo
460 4010 566 4053 coram
600 3997 690 4054 nobis
721 3996 966 4068 dedit,donavit
989 4001 1019 4054 et
1041 3996 1173 4054 contulit
1195 3993 1263 4071 jure
1286 4002 1436 4070 perpetuo
1460 4002 1489 4053 et
1512 3997 1588 4054 irre·
1669 4035 1672 4044 ,

321 4101 504 4160 vacabiliter
524 4101 678 4174 tenendas
695 4102 897 4175 possidendas
920 4104 1036 4176 pariter
1060 4107 1090 4160 et
1113 4101 1282 4172 habendas,
1306 4102 1351 4158 nil
1374 4100 1458 4177 juris,
1482 4103 1590 4176 nilque

322 4208 520 4280 proprietatis
543 4209 576 4265 in
600 4208 716 4266 eisdem
741 4209 986 4282 possessionibus
1010 4215 1040 4266 et
1063 4209 1181 4268 tributo
1201 4209 1261 4266 sibi
1285 4213 1314 4266 et
1337 4210 1400 4266 suis
1423 4209 1590 4268 heredibus

322 4329 358 4369 ac
381 4314 512 4386 posteris
536 4314 667 4371 ulterius
690 4313 887 4384 reservandO,
911 4313 965 4371 sed
983 4320 1083 4374 tolum
1099 4313 1147 4390 jus
1164 4329 1351 4387 omnemque
1367 4316 1590 4388 proprietatem

322 4407 502 4476 earumdem
526 4421 756 4492 possessionum
781 4426 810 4479 et
833 4421 943 4478 tributi
966 4422 997 4478 in
1032 4421 1221 4494 prescriptos
1253 4420 1395 4478 dominos
1428 4422 1590 4479 canonicos

322 4525 452 4598 capituli
474 4525 554 4584 dicte
578 4527 704 4584 ecclesie
727 4527 933 4600 zagrabiensis
956 4543 992 4584 ac
1015 4528 1112 4584 altare
1135 4533 1238 4584 sancte
1258 4528 1357 4584 crucis
1381 4532 1589 4600 prenotatum,

322 4648 378 4688 nec
409 4645 471 4689 non
502 4637 656 4690 rectorem
687 4631 826 4709 ejusdem
857 4633 973 4704 altaris,
1004 4635 1057 4704 sic,
1088 4640 1123 4691 ut
1153 4633 1353 4706 premittitur,
1384 4649 1442 4706 per
1465 4632 1590 4690 eosdem

323 4737 465 4795 dominos
499 4739 680 4796 instituendi
713 4741 836 4820 penitus
871 4739 1100 4810 transterendo;
1139 4741 1305 4812 omniaque
1336 4740 1434 4796 eciam
1468 4737 1536 4813 jura
1560 4745 1590 4798 et

323 4845 432 4916 quevis
455 4844 601 4902 litteralia
625 4847 828 4904 instrumenta
852 4847 911 4904 sub
936 4861 1132 4920 quacumque
1156 4845 1257 4904 forma
1272 4846 1443 4904 verborum
1459 4846 1490 4903 in
1507 4845 1589 4904 facto

322 4951 461 5024 ipsarum
496 4952 726 5024 possessionum
760 4957 789 5010 et
824 4953 934 5010 tributi
956 4967 1015 5027 pro
1038 4958 1126 5026 parte
1150 4967 1205 5009 sua
1229 4967 1265 5010 ac
1288 4965 1415 5010 suorum
1439 4951 1590 5010 heredum

323 5055 460 5115 confecta
485 5061 514 5114 et
537 5063 678 5116 emanata
701 5059 732 5116 in
755 5055 857 5134 juset
888 5059 1112 5132 proprietatem
1137 5057 1290 5116 dictorum
1316 5057 1514 5116 dominorum
1540 5073 1589 5115 ca·
