3828 5822
368 389 430 465 376
778 390 851 447 Boc.
870 403 945 466 303.
970 421 1013 431 -
1036 389 1093 448 An.
1117 387 1207 467 1476.

367 603 526 664 voluntate
548 610 653 664 nostra
684 611 737 663 aut
760 618 974 662 successorum
996 609 1174 664 nostrorum
1197 605 1236 663 de
1258 603 1377 662 eisdem
1398 602 1537 678 pecuniis
1559 599 1629 661 retl-

367 708 472 782 dituri‚
504 710 643 785 alioquin
671 711 757 786 ipsos
785 710 1015 769 commissarios
1047 716 1078 769 et
1108 712 1282 785 quemlibet
1309 725 1418 768 eorum
1441 709 1628 768 sentenciam

365 817 697 876 excommunicacionis
721 815 894 890 predictam
916 816 1064 876 volumus
1086 818 1244 876 incurrere
1259 817 1329 891 ipso
1353 816 1443 875 iacto.
1466 815 1510 876 Ut
1524 819 1628 874 autem

365 921 517 998 premissa
549 924 654 982 omnia
677 929 707 982 et
729 923 852 997 singula
876 929 1027 998 perpetue
1050 923 1206 982 firmitatis
1229 924 1327 982 robur
1351 922 1520 993 obtineant,
1542 935 1628 980 man·

365 1027 476 1086 damus
499 1030 558 1086 sub
582 1029 692 1088 eadem
715 1029 1047 1090 excommunicacionis
1071 1044 1151 1103 pena
1174 1044 1230 1104 per
1253 1028 1373 1086 dictum
1397 1026 1571 1101 capitulum
1592 1040 1629 1083 ea
1650 1063 1652 1070 ·

365 1133 430 1192 suis
452 1133 588 1194 inserere
609 1136 739 1208 statutis,
763 1135 958 1208 firmiterque
981 1140 1011 1192 et
1033 1135 1212 1193 inconcusse
1235 1134 1334 1193 veluti
1354 1133 1417 1192 alia
1439 1147 1548 1190 eorum
1569 1136 1629 1192 sta-

364 1243 431 1298 tuta
454 1247 605 1315 perpetuo
629 1242 804 1300 observare.
827 1242 862 1299 In
886 1255 1021 1315 quorum
1051 1242 1237 1300 memoriam
1261 1246 1291 1300 et
1313 1240 1494 1298 firmitatem
1517 1253 1626 1313 perpe-

364 1352 451 1404 tuam
474 1353 633 1420 presentes
662 1347 782 1406 litteras
812 1347 919 1419 sigillo
948 1352 1054 1406 nostro
1089 1347 1262 1422 pontificali
1291 1345 1500 1407 communitas
1523 1343 1625 1402 eidem

365 1451 503 1526 capitulo
525 1451 671 1512 duximus
694 1453 912 1512 concedendas.
935 1453 1054 1512 Datum
1069 1453 1219 1527 Zagrabie
1239 1455 1271 1513 in
1292 1453 1412 1528 palacio
1435 1456 1542 1511 nostro
1563 1450 1629 1524 epi-

364 1558 485 1632 scopali
515 1559 547 1617 in
570 1557 648 1618 festo
679 1560 851 1619 beatissimi
874 1559 1023 1634 Stephani
1045 1560 1142 1635 primi
1164 1561 1247 1634 regis
1270 1559 1438 1634 Hungarie.
1461 1559 1551 1616 Anno
1573 1555 1628 1614 do·

363 1663 441 1722 mini
464 1664 634 1723 millesimo
655 1665 960 1739 quadringentesimo
983 1668 1214 1741 septuagesimo
1234 1673 1329 1726 sexto.

469 1799 602 1864 Originum
619 1800 648 1851 itt
666 1801 821 1856 membrana.
840 1804 910 1854 Zona
928 1803 1025 1853 sericea
1042 1801 1132 1854 viridia
1144 1803 1275 1868 appendet
1286 1801 1385 1866 absque
1397 1797 1492 1863 rigillo.
1512 1797 1545 1846 In
1557 1794 1626 1852 arch,

363 1902 450 1940 vener.
469 1887 553 1956 Capit.
572 1889 673 1954 aagmb.
692 1889 755 1942 Act.
775 1890 838 1958 Cap.
856 1898 909 1941 aut.
927 1893 989 1946 laac.
1012 1903 1052 1956 17.
1071 1907 1110 1944 nr.
1129 1903 1171 1957 70.

951 2104 1044 2171 303.

469 2243 550 2296 Anno
571 2245 646 2310 1476,
666 2255 708 2312 25.
727 2245 852 2310 Augusti.
872 2229 988 2298 damn.

370 2367 474 2430 Coram
496 2371 621 2446 capitulo
650 2371 790 2431 lasmcnst‘
817 2373 1008 2433 communitas
1037 2373 1162 2433 civriatt's
1190 2375 1294 2434 mantra
1322 2371 1474 2433 Grecensis
1495 2373 1629 2432 interces-

364 2477 470 2538 cionem
484 2477 567 2554 fucit
586 2485 686 2537 contm
707 2479 863 2554 capitulum
884 2479 1014 2554 ragrad,
1035 2479 1115 2556 quod
1141 2480 1245 2538 andario
1273 2480 1405 2554 regulari
1434 2481 1520 2537 celato
1549 2476 1631 2553 apud

451 2603 545 2658 regem
568 2603 631 2643 eam
653 2587 728 2644 nect's
749 2585 873 2644 hminis
895 2585 1051 2658 cuiusdam,
1073 2586 1199 2662 capitulo
1220 2585 1344 2662 subjecti,
1359 2605 1440 2644 reum
1454 2585 1537 2662 fecit.

469 2727 533 2788 Nos
555 2730 731 2804 capitulum
754 2730 883 2790 ecclesie
906 2731 1104 2790 chasmensis.
1127 2732 1277 2792 Memorie
1300 2730 1554 2790 commendamus
1570 2745 1627 2804 per

362 2839 529 2910 presentes,
559 2836 643 2911 quod
674 2839 917 2912 circumspectus
948 2837 1131 2896 Valentinus
1154 2839 1231 2898 civis
1254 2838 1388 2898 civitatis
1411 2839 1525 2897 montis
1547 2837 1625 2896 Gre-

363 2942 461 3000 censis
484 2943 515 3000 in
538 2957 593 3000 sua
616 2957 652 3000 ac
673 2941 794 3019 judicis,
824 2941 999 3019 juratorum
1029 2949 1059 3004 et
1091 2945 1307 3004 universorum
1338 2944 1456 3002 civium
1486 2941 1625 3002 eiusdem

362 3047 496 3108 civitatis
519 3049 698 3108 nominibus
721 3055 752 3108 et
773 3051 914 3124 personis
936 3054 1076 3109 nostram
1097 3051 1303 3126 personaliter
1335 3050 1461 3110 veniens
1494 3050 1527 3108 in
1557 3065 1624 3124 pre·

361 3154 497 3212 sensiam
519 3170 577 3229 per
606 3154 735 3214 modum
758 3156 992 3230 protestacionis
1013 3157 1105 3217 nobis
1135 3157 1310 3231 significare
1339 3157 1460 3216 curavit
1489 3157 1522 3216 in
1543 3157 1625 3216 hunc

361 3259 508 3319 modum:
532 3261 691 3336 quomodo
711 3263 855 3336 proxime
878 3264 1033 3337 preteritis
1057 3262 1168 3322 diebus
1191 3263 1339 3321 videlicet
1361 3264 1392 3322 in
1414 3263 1532 3322 octavIs
1554 3263 1625 3322 festi

361 3367 444 3425 beati
467 3366 593 3440 Georgii
615 3369 762 3439 martiris,
784 3370 928 3444 proxime
952 3370 1075 3444 elapsis,
1099 3376 1284 3446 procurator
1307 3385 1470 3429 causarum
1492 3371 1625 3429 bonora-

361 3473 435 3532 bilis
458 3473 587 3548 capituli
610 3475 739 3534 ecclesie
761 3475 969 3549 zagrabiensis
992 3481 1098 3536 contra
1122 3478 1248 3536 eosdem
1270 3475 1415 3554 judicem,
1446 3474 1564 3553 Juratos
1594 3481 1626 3536 et

361 3579 444 3638 cives
464 3593 570 3638 coram
594 3581 743 3654 magistro
766 3581 1070 3656 viceprothouotario
1093 3599 1129 3642 ac
1150 3583 1253 3660 judice
1275 3583 1430 3642 nobilium
1460 3583 1625 3641 comitatus

359 3685 568 3758 zagrabiensis
598 3687 630 3744 in
660 3702 706 3759 eo,
736 3695 770 3745 ut
801 3688 860 3762 ipsi
890 3689 973 3747 cives
1002 3689 1171 3764 quemdam
1196 3691 1356 3748 hominem
1376 3689 1475 3764 ipsius
1494 3689 1624 3764 capituli

359 3789 592 3866 interfecissent,
623 3794 851 3867 querimoniam
881 3797 1078 3868 porrexisset,
1108 3802 1138 3855 et
1169 3813 1207 3855 ex
1239 3806 1327 3870 parte
1357 3795 1540 3855 eorumdem
1562 3795 1625 3855 sibi

359 3897 513 3957 iusticiam
536 3898 746 3960 administrari
770 3901 964 3974 postulasset.
988 3901 1059 3976 Quo
1082 3908 1238 3978 percepto,
1262 3902 1363 3962 dictus
1387 3903 1568 3962 Valentinus
1591 3904 1623 3962 in

360 4005 509 4078 personis,
533 4020 668 4079 quorum
690 4022 793 4081 supra,
818 4006 940 4081 prefato
963 4010 1159 4082 procuratori
1174 4011 1279 4068 taliter
1293 4009 1521 4084 respondisset:
1538 4008 1624 4084 quod

359 4109 420 4184 ipsi
451 4111 534 4170 cives
563 4116 691 4186 propter
721 4113 899 4172 absenciam
922 4111 1032 4188 judicis
1063 4115 1261 4188 eorumdem,
1291 4117 1346 4190 qui
1377 4121 1488 4175 eotunc
1510 4115 1622 4175 consti·

359 4217 504 4276 tuebatur
533 4217 617 4292 apud
647 4203 766 4291 regiam
798 4221 999 4292 maiestatem,
1031 4220 1113 4279 dicto
1137 4223 1332 4295 procuratori
1355 4221 1468 4296 prefati
1491 4222 1621 4298 capituli

359 4321 397 4380 de
420 4327 450 4380 et
472 4337 566 4397 super
588 4324 655 4398 ipsa
677 4324 894 4385 interfeccione
917 4325 957 4384 ad
981 4326 1109 4400 plenum
1133 4326 1320 4400 respondere
1342 4333 1373 4386 et
1394 4344 1451 4387 nec
1480 4329 1621 4403 aliquam

357 4428 511 4487 iusticiam
533 4430 599 4488 sive
621 4445 734 4505 puram
757 4429 868 4507 judicis
891 4433 1032 4505 ipsorum
1055 4433 1162 4515 facere,
1177 4439 1208 4492 et
1231 4435 1406 4494 ministrare
1422 4441 1534 4510 posset.
1556 4436 1623 4496 Ubi

356 4533 441 4594 idem
465 4537 613 4610 magister
635 4538 955 4612 viceprothouotarius
978 4539 1091 4598 auditis
1114 4544 1144 4598 et
1166 4541 1321 4614 perceptis
1337 4541 1442 4600 verbis
1454 4543 1620 4601 ambarum

357 4642 498 4716 parcium
521 4643 582 4718 ipsi
605 4643 771 4703 Valentino
792 4644 896 4704 taliter
918 4645 1131 4718 commisisset,
1154 4650 1189 4704 ut
1212 4644 1306 4704 iidem
1329 4646 1413 4706 cives
1436 4653 1547 4706 octavo
1570 4648 1620 4706 die

356 4753 428 4824 post
451 4748 620 4809 adventum
642 4747 755 4828 judicis
779 4752 921 4826 ipsorum
944 4750 1027 4810 dicto
1050 4751 1187 4826 capitulo
1210 4767 1248 4808 ex
1264 4757 1353 4824 parte
1368 4752 1619 4828 interempcionis

356 4854 490 4914 hominis
522 4856 660 4914 eiusdem
691 4857 845 4916 iusticiam
875 4857 1052 4915 ministrare
1082 4856 1237 4916 deberent.
1273 4856 1335 4932 Qui
1365 4859 1494 4934 quidem
1524 4859 1618 4919 iudex
