<?xml version="1.0" encoding="UTF-8"?>
<!DOCTYPE html PUBLIC "-//W3C//DTD XHTML 1.0 Transitional//EN"
    "http://www.w3.org/TR/xhtml1/DTD/xhtml1-transitional.dtd">
<html xmlns="http://www.w3.org/1999/xhtml" xml:lang="en" lang="en">
 <head>
  <title>
</title>
<meta http-equiv="Content-Type" content="text/html;charset=utf-8" />
  <meta name='ocr-system' content='tesseract 3.04.00' />
  <meta name='ocr-capabilities' content='ocr_page ocr_carea ocr_par ocr_line ocrx_word'/>
</head>
<body>
  <div class='ocr_page' id='page_1' title='image "./monumentahistor20laszgoog_0251.png"; bbox 0 0 3736 5826; ppageno 0'>
   <div class='ocr_carea' id='block_1_1' title="bbox 408 528 1681 5032">
    <p class='ocr_par' dir='ltr' id='par_1_1' title="bbox 408 528 1681 974">
     <span class='ocr_line' id='line_1_1' title="bbox 408 528 1158 603; baseline -0.001 -14"><span class='ocrx_word' id='word_1_1' title='bbox 408 532 624 590; x_wconf 90' lang='lat' dir='ltr'><strong>CCXXXVlll</strong></span> <span class='ocrx_word' id='word_1_2' title='bbox 964 528 1158 603; x_wconf 79' lang='lat' dir='ltr'><em>Argumenta.</em></span> 
     </span>
     <span class='ocr_line' id='line_1_2' title="bbox 1589 749 1681 804; baseline 0 -11"><span class='ocrx_word' id='word_1_3' title='bbox 1589 749 1681 804; x_wconf 62' lang='grc'>111111</span> 
     </span>
     <span class='ocr_line' id='line_1_3' title="bbox 514 823 1568 890; baseline 0.003 -19"><span class='ocrx_word' id='word_1_4' title='bbox 514 824 614 888; x_wconf 82' lang='lat' dir='ltr'><strong>zagrab</strong></span> <span class='ocrx_word' id='word_1_5' title='bbox 635 827 768 890; x_wconf 79' lang='lat' dir='ltr'>praecipit,</span> <span class='ocrx_word' id='word_1_6' title='bbox 787 833 816 876; x_wconf 88' lang='lat' dir='ltr'><strong>ut</strong></span> <span class='ocrx_word' id='word_1_7' title='bbox 834 840 922 874; x_wconf 87' lang='lat' dir='ltr'><strong>murus</strong></span> <span class='ocrx_word' id='word_1_8' title='bbox 940 823 1092 874; x_wconf 88' lang='lat' dir='ltr'><strong>munitionis</strong></span> <span class='ocrx_word' id='word_1_9' title='bbox 1110 823 1223 873; x_wconf 79' lang='lat' dir='ltr'><strong>civitatis</strong></span> <span class='ocrx_word' id='word_1_10' title='bbox 1247 825 1342 874; x_wconf 79' lang='lat' dir='ltr'><strong>montis</strong></span> <span class='ocrx_word' id='word_1_11' title='bbox 1367 824 1504 874; x_wconf 85' lang='lat' dir='ltr'><strong>Grecensis</strong></span> <span class='ocrx_word' id='word_1_12' title='bbox 1529 825 1568 874; x_wconf 88' lang='lat' dir='ltr'><strong>di·</strong></span> 
     </span>
     <span class='ocr_line' id='line_1_4' title="bbox 513 910 1679 974; baseline 0.002 -13"><span class='ocrx_word' id='word_1_13' title='bbox 513 919 584 961; x_wconf 82' lang='lat' dir='ltr'><strong>tutus</strong></span> <span class='ocrx_word' id='word_1_14' title='bbox 604 912 728 962; x_wconf 86' lang='lat' dir='ltr'><strong>rificiatur</strong></span> <span class='ocrx_word' id='word_1_15' title='bbox 736 939 900 954; x_wconf 90' lang='lat'><strong>·········</strong></span> <span class='ocrx_word' id='word_1_16' title='bbox 911 910 922 949; x_wconf 77' lang='lat'><strong>·&#39;</strong></span> <span class='ocrx_word' id='word_1_17' title='bbox 931 936 1562 952; x_wconf 62' lang='lat'><strong>····································</strong></span> <span class='ocrx_word' id='word_1_18' title='bbox 1623 912 1679 974; x_wconf 81' lang='grc'><strong>367</strong></span> 
     </span>
    </p>

    <p class='ocr_par' dir='ltr' id='par_1_2' title="bbox 427 955 1567 1150">
     <span class='ocr_line' id='line_1_5' title="bbox 427 955 1567 1066; baseline 0.001 -19"><span class='ocrx_word' id='word_1_19' title='bbox 427 1011 487 1060; x_wconf 87' lang='lat'><strong>299.</strong></span> <span class='ocrx_word' id='word_1_20' title='bbox 517 1001 598 1050; x_wconf 86' lang='lat' dir='ltr'><strong>Anno</strong></span> <span class='ocrx_word' id='word_1_21' title='bbox 620 1013 694 1066; x_wconf 80' lang='lat'>1475.</span> <span class='ocrx_word' id='word_1_22' title='bbox 713 1016 801 1052; x_wconf 85' lang='lat' dir='ltr'><strong>mense</strong></span> <span class='ocrx_word' id='word_1_23' title='bbox 818 999 899 1066; x_wconf 91' lang='lat' dir='ltr'><strong>Julio.</strong></span> <span class='ocrx_word' id='word_1_24' title='bbox 928 1000 1076 1064; x_wconf 84' lang='lat' dir='ltr'><strong>Zagrabiae.</strong></span> <span class='ocrx_word' id='word_1_25' title='bbox 1105 955 1233 1048; x_wconf 80' lang='lat' dir='ltr'>Homines</span> <span class='ocrx_word' id='word_1_26' title='bbox 1260 998 1417 1065; x_wconf 84' lang='lat' dir='ltr'><strong>capitulares</strong></span> <span class='ocrx_word' id='word_1_27' title='bbox 1435 1015 1450 1048; x_wconf 83' lang='lat' dir='ltr'><strong>a</strong></span> <span class='ocrx_word' id='word_1_28' title='bbox 1469 999 1567 1048; x_wconf 83' lang='lat' dir='ltr'><strong>civibus</strong></span> 
     </span>
     <span class='ocr_line' id='line_1_6' title="bbox 515 1085 1566 1150; baseline 0.002 -16"><span class='ocrx_word' id='word_1_29' title='bbox 515 1088 724 1150; x_wconf 83' lang='lat' dir='ltr'><strong>aagrabiensibus</strong></span> <span class='ocrx_word' id='word_1_30' title='bbox 742 1090 770 1138; x_wconf 90' lang='lat' dir='ltr'><strong>ln</strong></span> <span class='ocrx_word' id='word_1_31' title='bbox 788 1095 901 1138; x_wconf 86' lang='lat' dir='ltr'><strong>mercatu</strong></span> <span class='ocrx_word' id='word_1_32' title='bbox 921 1103 977 1137; x_wconf 89' lang='lat' dir='ltr'><strong>esse</strong></span> <span class='ocrx_word' id='word_1_33' title='bbox 1005 1085 1162 1146; x_wconf 81' lang='lat' dir='ltr'><strong>vulneratos,</strong></span> <span class='ocrx_word' id='word_1_34' title='bbox 1190 1085 1382 1150; x_wconf 88' lang='lat' dir='ltr'><strong>nonnullosque</strong></span> <span class='ocrx_word' id='word_1_35' title='bbox 1409 1086 1566 1144; x_wconf 86' lang='lat' dir='ltr'><strong>interiectos,</strong></span> 
     </span>
    </p>

    <p class='ocr_par' dir='ltr' id='par_1_3' title="bbox 462 1175 1679 1240">
     <span class='ocr_line' id='line_1_7' title="bbox 462 1175 1679 1240; baseline 0.002 -17"><span class='ocrx_word' id='word_1_36' title='bbox 462 1227 464 1232; x_wconf 54' lang='grc'>,</span> <span class='ocrx_word' id='word_1_37' title='bbox 516 1176 652 1226; x_wconf 74' lang='lat' dir='ltr'><strong>comitatus</strong></span> <span class='ocrx_word' id='word_1_38' title='bbox 670 1177 844 1240; x_wconf 81' lang='lat' dir='ltr'><strong>aagrabieusis</strong></span> <span class='ocrx_word' id='word_1_39' title='bbox 862 1176 1022 1240; x_wconf 86' lang='lat' dir='ltr'><strong>exquirendo</strong></span> <span class='ocrx_word' id='word_1_40' title='bbox 1040 1175 1174 1224; x_wconf 85' lang='lat' dir='ltr'><strong>coustituit</strong></span> <span class='ocrx_word' id='word_1_41' title='bbox 1192 1190 1239 1240; x_wconf 89' lang='lat' dir='ltr'><strong>pro</strong></span> <span class='ocrx_word' id='word_1_42' title='bbox 1257 1181 1327 1224; x_wconf 78' lang='lat' dir='ltr'><strong>certo</strong></span> <span class='ocrx_word' id='word_1_43' title='bbox 1343 1199 1561 1213; x_wconf 91' lang='lat'>·············</span> <span class='ocrx_word' id='word_1_44' title='bbox 1623 1175 1679 1238; x_wconf 82' lang='lat'><strong>368</strong></span> 
     </span>
    </p>

    <p class='ocr_par' dir='ltr' id='par_1_4' title="bbox 426 1263 1677 1506">
     <span class='ocr_line' id='line_1_8' title="bbox 426 1263 1566 1329; baseline 0 -19"><span class='ocrx_word' id='word_1_45' title='bbox 426 1274 483 1324; x_wconf 79' lang='grc'>300.</span> <span class='ocrx_word' id='word_1_46' title='bbox 514 1264 588 1312; x_wconf 80' lang='lat' dir='ltr'><strong>Anno</strong></span> <span class='ocrx_word' id='word_1_47' title='bbox 611 1263 685 1327; x_wconf 91' lang='lat'>1476,</span> <span class='ocrx_word' id='word_1_48' title='bbox 708 1265 747 1316; x_wconf 92' lang='grc'><strong>16.</strong></span> <span class='ocrx_word' id='word_1_49' title='bbox 764 1265 846 1329; x_wconf 91' lang='lat' dir='ltr'><strong>Junii.</strong></span> <span class='ocrx_word' id='word_1_50' title='bbox 865 1265 962 1316; x_wconf 86' lang='lat' dir='ltr'><strong>Budae.</strong></span> <span class='ocrx_word' id='word_1_51' title='bbox 981 1263 1104 1322; x_wconf 86' lang='lat' dir='ltr'><strong>Mathias,</strong></span> <span class='ocrx_word' id='word_1_52' title='bbox 1126 1264 1275 1327; x_wconf 88' lang='lat' dir='ltr'><strong>Hungariae</strong></span> <span class='ocrx_word' id='word_1_53' title='bbox 1294 1269 1343 1314; x_wconf 88' lang='lat' dir='ltr'><strong>etc.</strong></span> <span class='ocrx_word' id='word_1_54' title='bbox 1363 1277 1415 1320; x_wconf 86' lang='grc'>101,</span> <span class='ocrx_word' id='word_1_55' title='bbox 1435 1263 1566 1311; x_wconf 84' lang='lat' dir='ltr'><strong>comitatui</strong></span> 
     </span>
     <span class='ocr_line' id='line_1_9' title="bbox 515 1349 1565 1417; baseline 0 -18"><span class='ocrx_word' id='word_1_56' title='bbox 515 1352 615 1415; x_wconf 86' lang='lat' dir='ltr'><strong>zagrab.</strong></span> <span class='ocrx_word' id='word_1_57' title='bbox 635 1353 744 1417; x_wconf 89' lang='lat' dir='ltr'><strong>imperat</strong></span> <span class='ocrx_word' id='word_1_58' title='bbox 763 1360 791 1401; x_wconf 92' lang='lat' dir='ltr'><strong>ut</strong></span> <span class='ocrx_word' id='word_1_59' title='bbox 811 1367 1017 1416; x_wconf 78' lang='lat' dir='ltr'><strong>unamquamque</strong></span> <span class='ocrx_word' id='word_1_60' title='bbox 1042 1351 1234 1400; x_wconf 77' lang='lat' dir='ltr'><strong>communitatis</strong></span> <span class='ocrx_word' id='word_1_61' title='bbox 1259 1349 1371 1402; x_wconf 85' lang='lat' dir='ltr'><strong>civitatis</strong></span> <span class='ocrx_word' id='word_1_62' title='bbox 1389 1351 1484 1400; x_wconf 89' lang='lat' dir='ltr'><strong>montis</strong></span> <span class='ocrx_word' id='word_1_63' title='bbox 1502 1351 1565 1400; x_wconf 89' lang='lat' dir='ltr'><strong>Gre-</strong></span> 
     </span>
     <span class='ocr_line' id='line_1_10' title="bbox 514 1441 1677 1506; baseline 0.003 -18"><span class='ocrx_word' id='word_1_64' title='bbox 514 1441 598 1490; x_wconf 89' lang='lat' dir='ltr'><strong>censis</strong></span> <span class='ocrx_word' id='word_1_65' title='bbox 617 1441 802 1504; x_wconf 87' lang='lat' dir='ltr'><strong>querimoniam</strong></span> <span class='ocrx_word' id='word_1_66' title='bbox 821 1442 891 1490; x_wconf 90' lang='lat' dir='ltr'><strong>omni</strong></span> <span class='ocrx_word' id='word_1_67' title='bbox 911 1448 1026 1506; x_wconf 87' lang='lat' dir='ltr'><strong>tempore</strong></span> <span class='ocrx_word' id='word_1_68' title='bbox 1045 1441 1157 1506; x_wconf 84' lang='lat' dir='ltr'><strong>excipiat</strong></span> <span class='ocrx_word' id='word_1_69' title='bbox 1164 1464 1560 1480; x_wconf 88' lang='lat'><em>·······················</em></span> <span class='ocrx_word' id='word_1_70' title='bbox 1622 1441 1677 1504; x_wconf 78' lang='grc'><strong>360</strong></span> 
     </span>
    </p>

    <p class='ocr_par' dir='ltr' id='par_1_5' title="bbox 426 1527 1564 1769">
     <span class='ocr_line' id='line_1_11' title="bbox 426 1527 1562 1594; baseline -0.001 -18"><span class='ocrx_word' id='word_1_71' title='bbox 426 1539 484 1590; x_wconf 90' lang='grc'>301.</span> <span class='ocrx_word' id='word_1_72' title='bbox 515 1531 590 1577; x_wconf 83' lang='lat' dir='ltr'><strong>Anno</strong></span> <span class='ocrx_word' id='word_1_73' title='bbox 621 1528 698 1594; x_wconf 88' lang='lat'>1476,</span> <span class='ocrx_word' id='word_1_74' title='bbox 731 1541 761 1591; x_wconf 88' lang='lat'><strong>14</strong></span> <span class='ocrx_word' id='word_1_75' title='bbox 788 1529 855 1593; x_wconf 91' lang='lat' dir='ltr'><strong>Julii</strong></span> <span class='ocrx_word' id='word_1_76' title='bbox 880 1529 977 1581; x_wconf 82' lang='lat' dir='ltr'><strong>Eudae.</strong></span> <span class='ocrx_word' id='word_1_77' title='bbox 1005 1527 1129 1586; x_wconf 88' lang='lat' dir='ltr'><strong>Mathias,</strong></span> <span class='ocrx_word' id='word_1_78' title='bbox 1154 1527 1305 1592; x_wconf 87' lang='lat' dir='ltr'><strong>Hungariae</strong></span> <span class='ocrx_word' id='word_1_79' title='bbox 1330 1535 1379 1578; x_wconf 90' lang='lat' dir='ltr'><strong>etc.</strong></span> <span class='ocrx_word' id='word_1_80' title='bbox 1405 1543 1458 1586; x_wconf 82' lang='lat' dir='ltr'><strong>rer,</strong></span> <span class='ocrx_word' id='word_1_81' title='bbox 1477 1527 1562 1576; x_wconf 82' lang='lat' dir='ltr'><strong>abbati</strong></span> 
     </span>
     <span class='ocr_line' id='line_1_12' title="bbox 515 1616 1564 1681; baseline -0.003 -15"><span class='ocrx_word' id='word_1_82' title='bbox 515 1616 621 1668; x_wconf 85' lang='lat' dir='ltr'><strong>Cisterc.</strong></span> <span class='ocrx_word' id='word_1_83' title='bbox 640 1617 741 1680; x_wconf 80' lang='lat' dir='ltr'><strong>zagrab.</strong></span> <span class='ocrx_word' id='word_1_84' title='bbox 759 1617 869 1676; x_wconf 82' lang='lat' dir='ltr'><strong>mandat,</strong></span> <span class='ocrx_word' id='word_1_85' title='bbox 889 1623 917 1665; x_wconf 93' lang='lat' dir='ltr'><strong>ut</strong></span> <span class='ocrx_word' id='word_1_86' title='bbox 936 1617 1081 1681; x_wconf 84' lang='lat' dir='ltr'><strong>irruptione</strong></span> <span class='ocrx_word' id='word_1_87' title='bbox 1099 1617 1242 1668; x_wconf 83' lang='lat' dir='ltr'><strong>Turcorum</strong></span> <span class='ocrx_word' id='word_1_88' title='bbox 1263 1617 1415 1666; x_wconf 88' lang='lat' dir='ltr'><strong>imminente</strong></span> <span class='ocrx_word' id='word_1_89' title='bbox 1433 1616 1564 1665; x_wconf 86' lang='lat' dir='ltr'><strong>diruantur</strong></span> 
     </span>
     <span class='ocr_line' id='line_1_13' title="bbox 516 1704 1560 1769; baseline 0.002 -16"><span class='ocrx_word' id='word_1_90' title='bbox 516 1705 625 1768; x_wconf 88' lang='lat' dir='ltr'><strong>tuguria,</strong></span> <span class='ocrx_word' id='word_1_91' title='bbox 645 1705 693 1753; x_wconf 92' lang='lat' dir='ltr'><strong>sub</strong></span> <span class='ocrx_word' id='word_1_92' title='bbox 712 1706 868 1754; x_wconf 91' lang='lat' dir='ltr'><strong>monasterio</strong></span> <span class='ocrx_word' id='word_1_93' title='bbox 887 1705 945 1764; x_wconf 87' lang='lat' dir='ltr'><strong>sita,</strong></span> <span class='ocrx_word' id='word_1_94' title='bbox 966 1720 1033 1769; x_wconf 87' lang='lat' dir='ltr'><strong>quae</strong></span> <span class='ocrx_word' id='word_1_95' title='bbox 1051 1704 1128 1754; x_wconf 83' lang='lat' dir='ltr'><strong>tacite</strong></span> <span class='ocrx_word' id='word_1_96' title='bbox 1146 1705 1317 1754; x_wconf 82' lang='lat' dir='ltr'><strong>accendantur</strong></span> <span class='ocrx_word' id='word_1_97' title='bbox 1324 1729 1560 1744; x_wconf 89' lang='lat'>··············</span> 
     </span>
    </p>

    <p class='ocr_par' dir='ltr' id='par_1_6' title="bbox 428 1792 1565 2034">
     <span class='ocr_line' id='line_1_14' title="bbox 428 1792 1565 1858; baseline 0 -18"><span class='ocrx_word' id='word_1_98' title='bbox 428 1803 485 1854; x_wconf 87' lang='lat'>302.</span> <span class='ocrx_word' id='word_1_99' title='bbox 518 1793 597 1842; x_wconf 87' lang='lat' dir='ltr'><strong>Anno</strong></span> <span class='ocrx_word' id='word_1_100' title='bbox 631 1792 706 1856; x_wconf 87' lang='lat'>1476,</span> <span class='ocrx_word' id='word_1_101' title='bbox 739 1805 780 1844; x_wconf 87' lang='lat'><strong>20.</strong></span> <span class='ocrx_word' id='word_1_102' title='bbox 813 1793 938 1856; x_wconf 85' lang='lat' dir='ltr'><strong>Augusti.</strong></span> <span class='ocrx_word' id='word_1_103' title='bbox 958 1793 1106 1856; x_wconf 84' lang='lat' dir='ltr'><strong>Zagrabiae.</strong></span> <span class='ocrx_word' id='word_1_104' title='bbox 1139 1792 1277 1850; x_wconf 87' lang='lat' dir='ltr'><strong>Osvaldus,</strong></span> <span class='ocrx_word' id='word_1_105' title='bbox 1301 1793 1440 1858; x_wconf 85' lang='lat' dir='ltr'><strong>episcopus</strong></span> <span class='ocrx_word' id='word_1_106' title='bbox 1458 1792 1565 1856; x_wconf 82' lang='lat' dir='ltr'><strong>aagrab,</strong></span> 
     </span>
     <span class='ocr_line' id='line_1_15' title="bbox 514 1880 1563 1947; baseline 0 -19"><span class='ocrx_word' id='word_1_107' title='bbox 514 1880 627 1945; x_wconf 90' lang='lat' dir='ltr'><strong>capitulo</strong></span> <span class='ocrx_word' id='word_1_108' title='bbox 646 1881 770 1938; x_wconf 88' lang='lat' dir='ltr'><strong>concedit,</strong></span> <span class='ocrx_word' id='word_1_109' title='bbox 792 1887 820 1930; x_wconf 90' lang='lat' dir='ltr'><strong>ut</strong></span> <span class='ocrx_word' id='word_1_110' title='bbox 832 1897 906 1930; x_wconf 85' lang='lat' dir='ltr'><strong>areae</strong></span> <span class='ocrx_word' id='word_1_111' title='bbox 919 1881 1069 1946; x_wconf 85' lang='lat' dir='ltr'><strong>capitularis</strong></span> <span class='ocrx_word' id='word_1_112' title='bbox 1083 1897 1142 1947; x_wconf 90' lang='lat' dir='ltr'><strong>pars</strong></span> <span class='ocrx_word' id='word_1_113' title='bbox 1154 1888 1336 1946; x_wconf 81' lang='lat' dir='ltr'><strong>sequestretur,</strong></span> <span class='ocrx_word' id='word_1_114' title='bbox 1355 1881 1465 1930; x_wconf 88' lang='lat' dir='ltr'><strong>moeniis</strong></span> <span class='ocrx_word' id='word_1_115' title='bbox 1484 1880 1563 1930; x_wconf 91' lang='lat' dir='ltr'><strong>obdu·</strong></span> 
     </span>
     <span class='ocr_line' id='line_1_16' title="bbox 513 1969 1560 2034; baseline 0.002 -17"><span class='ocrx_word' id='word_1_116' title='bbox 513 1975 592 2027; x_wconf 91' lang='lat' dir='ltr'><strong>catur,</strong></span> <span class='ocrx_word' id='word_1_117' title='bbox 612 1969 736 2032; x_wconf 83' lang='lat' dir='ltr'><strong>laicisque</strong></span> <span class='ocrx_word' id='word_1_118' title='bbox 755 1970 788 2018; x_wconf 89' lang='lat' dir='ltr'><strong>ad</strong></span> <span class='ocrx_word' id='word_1_119' title='bbox 807 1969 950 2034; x_wconf 88' lang='lat' dir='ltr'><strong>capitulum</strong></span> <span class='ocrx_word' id='word_1_120' title='bbox 968 1970 1157 2020; x_wconf 75' lang='lat' dir='ltr'><strong>defendendum</strong></span> <span class='ocrx_word' id='word_1_121' title='bbox 1177 1971 1252 2020; x_wconf 86' lang='lat' dir='ltr'><strong>detur</strong></span> <span class='ocrx_word' id='word_1_122' title='bbox 1270 1994 1560 2010; x_wconf 88' lang='lat'><em>················</em></span> 
     </span>
    </p>

    <p class='ocr_par' dir='ltr' id='par_1_7' title="bbox 426 2041 1565 2386">
     <span class='ocr_line' id='line_1_17' title="bbox 426 2041 1565 2124; baseline 0.002 -20"><span class='ocrx_word' id='word_1_123' title='bbox 426 2067 485 2118; x_wconf 88' lang='grc'>303.</span> <span class='ocrx_word' id='word_1_124' title='bbox 513 2059 588 2106; x_wconf 75' lang='lat' dir='ltr'><strong>Anno</strong></span> <span class='ocrx_word' id='word_1_125' title='bbox 620 2057 693 2119; x_wconf 87' lang='lat'>1476,</span> <span class='ocrx_word' id='word_1_126' title='bbox 723 2069 763 2122; x_wconf 86' lang='lat'><strong>25.</strong></span> <span class='ocrx_word' id='word_1_127' title='bbox 793 2057 911 2121; x_wconf 82' lang='lat' dir='ltr'><strong>Augusti.</strong></span> <span class='ocrx_word' id='word_1_128' title='bbox 938 2041 1053 2110; x_wconf 65' lang='grc'>0010110.</span> <span class='ocrx_word' id='word_1_129' title='bbox 1087 2058 1179 2107; x_wconf 86' lang='lat' dir='ltr'><strong>Corum</strong></span> <span class='ocrx_word' id='word_1_130' title='bbox 1206 2057 1321 2124; x_wconf 88' lang='lat' dir='ltr'><strong>capitulo</strong></span> <span class='ocrx_word' id='word_1_131' title='bbox 1347 2057 1474 2107; x_wconf 77' lang='grc'>0011110011</span> <span class='ocrx_word' id='word_1_132' title='bbox 1499 2072 1565 2106; x_wconf 89' lang='lat' dir='ltr'><strong>com·</strong></span> 
     </span>
     <span class='ocr_line' id='line_1_18' title="bbox 513 2143 1563 2210; baseline -0.001 -17"><span class='ocrx_word' id='word_1_133' title='bbox 513 2145 624 2194; x_wconf 84' lang='lat' dir='ltr'><strong>munitas</strong></span> <span class='ocrx_word' id='word_1_134' title='bbox 643 2145 754 2194; x_wconf 84' lang='lat' dir='ltr'><strong>civitatis</strong></span> <span class='ocrx_word' id='word_1_135' title='bbox 768 2146 862 2194; x_wconf 87' lang='lat' dir='ltr'><strong>montis</strong></span> <span class='ocrx_word' id='word_1_136' title='bbox 876 2145 1012 2196; x_wconf 88' lang='lat' dir='ltr'><strong>Gresensis</strong></span> <span class='ocrx_word' id='word_1_137' title='bbox 1024 2146 1234 2196; x_wconf 89' lang='lat' dir='ltr'><strong>intercessionem</strong></span> <span class='ocrx_word' id='word_1_138' title='bbox 1248 2147 1309 2196; x_wconf 83' lang='lat' dir='ltr'><strong>iacit</strong></span> <span class='ocrx_word' id='word_1_139' title='bbox 1322 2154 1410 2195; x_wconf 85' lang='lat' dir='ltr'><strong>contra</strong></span> <span class='ocrx_word' id='word_1_140' title='bbox 1422 2143 1563 2210; x_wconf 88' lang='lat' dir='ltr'><strong>capitulum</strong></span> 
     </span>
     <span class='ocr_line' id='line_1_19' title="bbox 513 2233 1565 2299; baseline 0 -19"><span class='ocrx_word' id='word_1_141' title='bbox 513 2234 623 2298; x_wconf 73' lang='lat' dir='ltr'><strong>zagrab,</strong></span> <span class='ocrx_word' id='word_1_142' title='bbox 649 2233 718 2297; x_wconf 92' lang='lat' dir='ltr'><strong>quod</strong></span> <span class='ocrx_word' id='word_1_143' title='bbox 743 2233 840 2282; x_wconf 90' lang='lat' dir='ltr'><strong>iudicio</strong></span> <span class='ocrx_word' id='word_1_144' title='bbox 859 2234 971 2296; x_wconf 88' lang='lat' dir='ltr'><strong>regulari</strong></span> <span class='ocrx_word' id='word_1_145' title='bbox 997 2235 1075 2284; x_wconf 90' lang='lat' dir='ltr'><strong>citato</strong></span> <span class='ocrx_word' id='word_1_146' title='bbox 1094 2235 1164 2299; x_wconf 91' lang='lat' dir='ltr'><strong>apud</strong></span> <span class='ocrx_word' id='word_1_147' title='bbox 1185 2251 1271 2298; x_wconf 89' lang='lat' dir='ltr'><strong>regem</strong></span> <span class='ocrx_word' id='word_1_148' title='bbox 1289 2251 1345 2284; x_wconf 89' lang='lat' dir='ltr'><strong>eam</strong></span> <span class='ocrx_word' id='word_1_149' title='bbox 1364 2235 1435 2284; x_wconf 88' lang='lat' dir='ltr'><strong>necis</strong></span> <span class='ocrx_word' id='word_1_150' title='bbox 1454 2233 1565 2283; x_wconf 90' lang='lat' dir='ltr'><strong>hominis</strong></span> 
     </span>
     <span class='ocr_line' id='line_1_20' title="bbox 515 2321 1562 2386; baseline 0.002 -17"><span class='ocrx_word' id='word_1_151' title='bbox 515 2321 655 2376; x_wconf 78' lang='grc'>0111010001,</span> <span class='ocrx_word' id='word_1_152' title='bbox 675 2321 788 2386; x_wconf 88' lang='lat' dir='ltr'><strong>capitulo</strong></span> <span class='ocrx_word' id='word_1_153' title='bbox 807 2322 925 2386; x_wconf 88' lang='lat' dir='ltr'><strong>subjecti,</strong></span> <span class='ocrx_word' id='word_1_154' title='bbox 944 2338 1012 2370; x_wconf 87' lang='grc'>1011111</span> <span class='ocrx_word' id='word_1_155' title='bbox 1031 2322 1093 2372; x_wconf 88' lang='grc'>10011</span> <span class='ocrx_word' id='word_1_156' title='bbox 1111 2347 1562 2362; x_wconf 86' lang='lat'>··························</span> 
     </span>
    </p>

    <p class='ocr_par' dir='ltr' id='par_1_8' title="bbox 426 2395 1566 2738">
     <span class='ocr_line' id='line_1_21' title="bbox 426 2395 1565 2476; baseline 0 -18"><span class='ocrx_word' id='word_1_157' title='bbox 426 2421 484 2470; x_wconf 90' lang='grc'>304.</span> <span class='ocrx_word' id='word_1_158' title='bbox 514 2409 594 2457; x_wconf 85' lang='lat' dir='ltr'><strong>Anno</strong></span> <span class='ocrx_word' id='word_1_159' title='bbox 617 2408 690 2472; x_wconf 83' lang='lat'>1476,</span> <span class='ocrx_word' id='word_1_160' title='bbox 719 2409 760 2460; x_wconf 90' lang='lat'><strong>28.</strong></span> <span class='ocrx_word' id='word_1_161' title='bbox 790 2409 914 2473; x_wconf 85' lang='lat' dir='ltr'><strong>Augusti.</strong></span> <span class='ocrx_word' id='word_1_162' title='bbox 943 2395 1058 2463; x_wconf 64' lang='grc'>0010100.</span> <span class='ocrx_word' id='word_1_163' title='bbox 1087 2410 1178 2460; x_wconf 88' lang='lat' dir='ltr'><strong>Coram</strong></span> <span class='ocrx_word' id='word_1_164' title='bbox 1206 2410 1319 2476; x_wconf 88' lang='lat' dir='ltr'><strong>capitulo</strong></span> <span class='ocrx_word' id='word_1_165' title='bbox 1344 2409 1469 2459; x_wconf 67' lang='lat' dir='ltr'><strong>dusmensi</strong></span> <span class='ocrx_word' id='word_1_166' title='bbox 1498 2423 1565 2458; x_wconf 90' lang='lat' dir='ltr'><strong>com·</strong></span> 
     </span>
     <span class='ocr_line' id='line_1_22' title="bbox 513 2497 1566 2563; baseline 0 -19"><span class='ocrx_word' id='word_1_167' title='bbox 513 2497 623 2544; x_wconf 89' lang='lat' dir='ltr'><strong>munitas</strong></span> <span class='ocrx_word' id='word_1_168' title='bbox 652 2497 763 2546; x_wconf 85' lang='lat' dir='ltr'><strong>civitatis</strong></span> <span class='ocrx_word' id='word_1_169' title='bbox 791 2504 880 2546; x_wconf 90' lang='lat' dir='ltr'><strong>contra</strong></span> <span class='ocrx_word' id='word_1_170' title='bbox 907 2498 1049 2563; x_wconf 89' lang='lat' dir='ltr'><strong>capitulum</strong></span> <span class='ocrx_word' id='word_1_171' title='bbox 1072 2499 1240 2562; x_wconf 86' lang='lat' dir='ltr'><strong>zagrabiense</strong></span> <span class='ocrx_word' id='word_1_172' title='bbox 1267 2506 1375 2556; x_wconf 88' lang='lat' dir='ltr'><strong>recusat,</strong></span> <span class='ocrx_word' id='word_1_173' title='bbox 1401 2499 1471 2562; x_wconf 91' lang='lat' dir='ltr'><strong>quod</strong></span> <span class='ocrx_word' id='word_1_174' title='bbox 1497 2498 1566 2546; x_wconf 83' lang='lat' dir='ltr'><strong>cives</strong></span> 
     </span>
     <span class='ocr_line' id='line_1_23' title="bbox 514 2583 1566 2651; baseline 0.002 -19"><span class='ocrx_word' id='word_1_175' title='bbox 514 2583 618 2646; x_wconf 89' lang='lat' dir='ltr'><strong>quidam</strong></span> <span class='ocrx_word' id='word_1_176' title='bbox 637 2584 796 2634; x_wconf 83' lang='lat' dir='ltr'><strong>laboratores</strong></span> <span class='ocrx_word' id='word_1_177' title='bbox 820 2586 928 2651; x_wconf 90' lang='lat' dir='ltr'><strong>capituli</strong></span> <span class='ocrx_word' id='word_1_178' title='bbox 953 2587 979 2636; x_wconf 90' lang='lat' dir='ltr'><strong>in</strong></span> <span class='ocrx_word' id='word_1_179' title='bbox 998 2587 1141 2636; x_wconf 86' lang='lat' dir='ltr'><strong>munitione</strong></span> <span class='ocrx_word' id='word_1_180' title='bbox 1160 2589 1315 2636; x_wconf 87' lang='lat' dir='ltr'><strong>constitutos</strong></span> <span class='ocrx_word' id='word_1_181' title='bbox 1333 2603 1390 2636; x_wconf 88' lang='lat' dir='ltr'><strong>esse</strong></span> <span class='ocrx_word' id='word_1_182' title='bbox 1408 2585 1521 2651; x_wconf 82' lang='lat' dir='ltr'><strong>aggressi</strong></span> <span class='ocrx_word' id='word_1_183' title='bbox 1539 2591 1566 2633; x_wconf 89' lang='lat' dir='ltr'><strong>et</strong></span> 
     </span>
     <span class='ocr_line' id='line_1_24' title="bbox 515 2671 1561 2738; baseline 0.003 -18"><span class='ocrx_word' id='word_1_184' title='bbox 515 2671 542 2720; x_wconf 89' lang='lat' dir='ltr'><strong>in</strong></span> <span class='ocrx_word' id='word_1_185' title='bbox 559 2686 685 2721; x_wconf 78' lang='lat' dir='ltr'><strong>carcerem</strong></span> <span class='ocrx_word' id='word_1_186' title='bbox 704 2673 809 2721; x_wconf 77' lang='lat' dir='ltr'><strong>duxisse</strong></span> <span class='ocrx_word' id='word_1_187' title='bbox 827 2681 968 2738; x_wconf 85' lang='lat' dir='ltr'><strong>arguuntur</strong></span> <span class='ocrx_word' id='word_1_188' title='bbox 985 2699 1561 2715; x_wconf 85' lang='lat'><strong>·································</strong></span> 
     </span>
    </p>

    <p class='ocr_par' dir='ltr' id='par_1_9' title="bbox 427 2759 1567 3002">
     <span class='ocr_line' id='line_1_25' title="bbox 427 2759 1565 2824; baseline 0.003 -17"><span class='ocrx_word' id='word_1_189' title='bbox 427 2771 486 2824; x_wconf 83' lang='grc'>305.</span> <span class='ocrx_word' id='word_1_190' title='bbox 515 2760 596 2809; x_wconf 90' lang='lat' dir='ltr'><strong>Anno</strong></span> <span class='ocrx_word' id='word_1_191' title='bbox 618 2759 692 2824; x_wconf 89' lang='lat'>1476,</span> <span class='ocrx_word' id='word_1_192' title='bbox 713 2762 754 2812; x_wconf 88' lang='lat'><strong>28.</strong></span> <span class='ocrx_word' id='word_1_193' title='bbox 774 2763 893 2824; x_wconf 86' lang='lat' dir='ltr'><strong>Augusti.</strong></span> <span class='ocrx_word' id='word_1_194' title='bbox 913 2762 967 2811; x_wconf 90' lang='lat' dir='ltr'><strong>Sub</strong></span> <span class='ocrx_word' id='word_1_195' title='bbox 985 2761 1057 2814; x_wconf 87' lang='lat' dir='ltr'><strong>Bela.</strong></span> <span class='ocrx_word' id='word_1_196' title='bbox 1078 2763 1242 2822; x_wconf 88' lang='lat' dir='ltr'><strong>Eustachius,</strong></span> <span class='ocrx_word' id='word_1_197' title='bbox 1262 2764 1369 2813; x_wconf 86' lang='lat' dir='ltr'><strong>fratrum</strong></span> <span class='ocrx_word' id='word_1_198' title='bbox 1387 2761 1565 2814; x_wconf 55' lang='grc'>010110001-</span> 
     </span>
     <span class='ocr_line' id='line_1_26' title="bbox 515 2848 1567 2914; baseline 0.002 -18"><span class='ocrx_word' id='word_1_199' title='bbox 515 2854 628 2896; x_wconf 91' lang='lat' dir='ltr'><strong>catorum</strong></span> <span class='ocrx_word' id='word_1_200' title='bbox 642 2855 813 2906; x_wconf 83' lang='lat' dir='ltr'><strong>conservator,</strong></span> <span class='ocrx_word' id='word_1_201' title='bbox 825 2848 944 2914; x_wconf 82' lang='lat' dir='ltr'><strong>plebanis</strong></span> <span class='ocrx_word' id='word_1_202' title='bbox 957 2851 1058 2914; x_wconf 87' lang='lat' dir='ltr'><strong>zagrab.</strong></span> <span class='ocrx_word' id='word_1_203' title='bbox 1073 2850 1184 2909; x_wconf 86' lang='lat' dir='ltr'><strong>mandat,</strong></span> <span class='ocrx_word' id='word_1_204' title='bbox 1197 2857 1225 2900; x_wconf 90' lang='lat' dir='ltr'><strong>nt</strong></span> <span class='ocrx_word' id='word_1_205' title='bbox 1239 2850 1348 2900; x_wconf 89' lang='lat' dir='ltr'><strong>Paulum</strong></span> <span class='ocrx_word' id='word_1_206' title='bbox 1360 2850 1567 2899; x_wconf 85' lang='lat' dir='ltr'><strong>archidiaconum</strong></span> 
     </span>
     <span class='ocr_line' id='line_1_27' title="bbox 512 2935 1556 3002; baseline 0.004 -18"><span class='ocrx_word' id='word_1_207' title='bbox 512 2943 616 3000; x_wconf 85' lang='lat' dir='ltr'><strong>propter</strong></span> <span class='ocrx_word' id='word_1_208' title='bbox 635 2935 753 3000; x_wconf 88' lang='lat' dir='ltr'><strong>injuriam</strong></span> <span class='ocrx_word' id='word_1_209' title='bbox 772 2937 856 2986; x_wconf 92' lang='lat' dir='ltr'><strong>ordini</strong></span> <span class='ocrx_word' id='word_1_210' title='bbox 877 2938 1086 2987; x_wconf 88' lang='lat' dir='ltr'><strong>Praedicatornm</strong></span> <span class='ocrx_word' id='word_1_211' title='bbox 1104 2938 1203 2988; x_wconf 92' lang='lat' dir='ltr'><strong>illatam</strong></span> <span class='ocrx_word' id='word_1_212' title='bbox 1221 2940 1248 2989; x_wconf 94' lang='lat' dir='ltr'><strong>in</strong></span> <span class='ocrx_word' id='word_1_213' title='bbox 1268 2941 1308 3002; x_wconf 88' lang='lat' dir='ltr'><strong>jus</strong></span> <span class='ocrx_word' id='word_1_214' title='bbox 1327 2945 1418 2988; x_wconf 79' lang='lat' dir='ltr'><strong>vocent</strong></span> <span class='ocrx_word' id='word_1_215' title='bbox 1426 2963 1556 2976; x_wconf 90' lang='lat'><strong>········</strong></span> 
     </span>
    </p>

    <p class='ocr_par' dir='ltr' id='par_1_10' title="bbox 427 3022 1565 3257">
     <span class='ocr_line' id='line_1_28' title="bbox 427 3022 1565 3092; baseline 0.003 -21"><span class='ocrx_word' id='word_1_216' title='bbox 427 3022 483 3083; x_wconf 89' lang='grc'>306.</span> <span class='ocrx_word' id='word_1_217' title='bbox 512 3023 593 3073; x_wconf 88' lang='lat' dir='ltr'><strong>Anno</strong></span> <span class='ocrx_word' id='word_1_218' title='bbox 616 3037 689 3088; x_wconf 88' lang='lat'>1477,</span> <span class='ocrx_word' id='word_1_219' title='bbox 710 3037 733 3089; x_wconf 90' lang='lat'><strong>7.</strong></span> <span class='ocrx_word' id='word_1_220' title='bbox 751 3026 834 3089; x_wconf 89' lang='lat' dir='ltr'><strong>Junii.</strong></span> <span class='ocrx_word' id='word_1_221' title='bbox 860 3027 957 3078; x_wconf 84' lang='lat' dir='ltr'><strong>Budae.</strong></span> <span class='ocrx_word' id='word_1_222' title='bbox 986 3028 1013 3075; x_wconf 83' lang='lat' dir='ltr'>A</span> <span class='ocrx_word' id='word_1_223' title='bbox 1033 3027 1142 3084; x_wconf 83' lang='lat' dir='ltr'><strong>Mathia,</strong></span> <span class='ocrx_word' id='word_1_224' title='bbox 1163 3029 1314 3092; x_wconf 86' lang='lat' dir='ltr'><strong>Hungariae</strong></span> <span class='ocrx_word' id='word_1_225' title='bbox 1333 3034 1379 3078; x_wconf 92' lang='lat' dir='ltr'><strong>etc.</strong></span> <span class='ocrx_word' id='word_1_226' title='bbox 1399 3043 1468 3091; x_wconf 86' lang='lat' dir='ltr'><strong>rege,</strong></span> <span class='ocrx_word' id='word_1_227' title='bbox 1487 3025 1565 3091; x_wconf 84' lang='lat' dir='ltr'><strong>privi-</strong></span> 
     </span>
     <span class='ocr_line' id='line_1_29' title="bbox 513 3109 1564 3180; baseline 0.007 -23"><span class='ocrx_word' id='word_1_228' title='bbox 513 3109 617 3176; x_wconf 86' lang='lat' dir='ltr'><strong>legium,</strong></span> <span class='ocrx_word' id='word_1_229' title='bbox 637 3127 689 3175; x_wconf 91' lang='lat' dir='ltr'><strong>quo</strong></span> <span class='ocrx_word' id='word_1_230' title='bbox 715 3113 888 3171; x_wconf 79' lang='lat' dir='ltr'><strong>constituitur,</strong></span> <span class='ocrx_word' id='word_1_231' title='bbox 915 3115 942 3162; x_wconf 90' lang='lat' dir='ltr'><strong>in</strong></span> <span class='ocrx_word' id='word_1_232' title='bbox 961 3115 1033 3178; x_wconf 89' lang='lat' dir='ltr'><strong>cujus</strong></span> <span class='ocrx_word' id='word_1_233' title='bbox 1050 3113 1177 3178; x_wconf 88' lang='lat' dir='ltr'><strong>judicium</strong></span> <span class='ocrx_word' id='word_1_234' title='bbox 1191 3115 1264 3164; x_wconf 84' lang='lat' dir='ltr'><strong>cives</strong></span> <span class='ocrx_word' id='word_1_235' title='bbox 1283 3115 1461 3180; x_wconf 82' lang='lat' dir='ltr'><strong>zagrabienses</strong></span> <span class='ocrx_word' id='word_1_236' title='bbox 1480 3113 1564 3164; x_wconf 79' lang='lat' dir='ltr'><strong>vocari</strong></span> 
     </span>
     <span class='ocr_line' id='line_1_30' title="bbox 513 3199 1558 3257; baseline 0.002 -9"><span class='ocrx_word' id='word_1_237' title='bbox 513 3199 547 3246; x_wconf 87' lang='lat' dir='ltr'><strong>sit</strong></span> <span class='ocrx_word' id='word_1_238' title='bbox 565 3199 611 3257; x_wconf 83' lang='lat' dir='ltr'><strong>tas,</strong></span> <span class='ocrx_word' id='word_1_239' title='bbox 631 3199 774 3249; x_wconf 88' lang='lat' dir='ltr'><strong>identidem</strong></span> <span class='ocrx_word' id='word_1_240' title='bbox 793 3200 958 3250; x_wconf 87' lang='lat' dir='ltr'><strong>confirmatur</strong></span> <span class='ocrx_word' id='word_1_241' title='bbox 965 3227 1558 3242; x_wconf 61' lang='lat'>··································</span> 
     </span>
    </p>

    <p class='ocr_par' dir='ltr' id='par_1_11' title="bbox 428 3287 1564 3438">
     <span class='ocr_line' id='line_1_31' title="bbox 428 3287 1564 3353; baseline 0.007 -21"><span class='ocrx_word' id='word_1_242' title='bbox 428 3294 487 3347; x_wconf 92' lang='grc'>307.</span> <span class='ocrx_word' id='word_1_243' title='bbox 515 3287 591 3334; x_wconf 83' lang='lat' dir='ltr'><strong>Anno</strong></span> <span class='ocrx_word' id='word_1_244' title='bbox 624 3299 698 3352; x_wconf 89' lang='lat'>1477,</span> <span class='ocrx_word' id='word_1_245' title='bbox 726 3289 764 3338; x_wconf 90' lang='lat'><strong>18.</strong></span> <span class='ocrx_word' id='word_1_246' title='bbox 799 3289 921 3353; x_wconf 65' lang='lat' dir='ltr'><strong>Augusti,</strong></span> <span class='ocrx_word' id='word_1_247' title='bbox 959 3288 1105 3353; x_wconf 85' lang='lat' dir='ltr'><strong>Zagrabiae.</strong></span> <span class='ocrx_word' id='word_1_248' title='bbox 1134 3289 1264 3340; x_wconf 77' lang='grc'>8111101001</span> <span class='ocrx_word' id='word_1_249' title='bbox 1282 3291 1315 3338; x_wconf 90' lang='grc'><strong>00</strong></span> <span class='ocrx_word' id='word_1_250' title='bbox 1333 3290 1432 3339; x_wconf 82' lang='lat' dir='ltr'><strong>civibus</strong></span> <span class='ocrx_word' id='word_1_251' title='bbox 1451 3291 1476 3340; x_wconf 93' lang='lat' dir='ltr'><strong>in</strong></span> <span class='ocrx_word' id='word_1_252' title='bbox 1505 3307 1564 3340; x_wconf 83' lang='lat' dir='ltr'><strong>area</strong></span> 
     </span>
     <span class='ocr_line' id='line_1_32' title="bbox 512 3374 1559 3438; baseline 0.003 -15"><span class='ocrx_word' id='word_1_253' title='bbox 512 3374 649 3438; x_wconf 81' lang='lat' dir='ltr'><strong>capitulari</strong></span> <span class='ocrx_word' id='word_1_254' title='bbox 685 3375 801 3424; x_wconf 78' lang='lat' dir='ltr'><strong>locandis</strong></span> <span class='ocrx_word' id='word_1_255' title='bbox 839 3401 1559 3418; x_wconf 84' lang='lat'><strong>·········································</strong></span> 
     </span>
    </p>

    <p class='ocr_par' dir='ltr' id='par_1_12' title="bbox 426 3460 1674 3792">
     <span class='ocr_line' id='line_1_33' title="bbox 426 3460 1565 3530; baseline 0.006 -23"><span class='ocrx_word' id='word_1_256' title='bbox 426 3460 484 3521; x_wconf 89' lang='grc'>308.</span> <span class='ocrx_word' id='word_1_257' title='bbox 513 3463 594 3511; x_wconf 85' lang='lat' dir='ltr'><strong>Anno</strong></span> <span class='ocrx_word' id='word_1_258' title='bbox 617 3474 690 3527; x_wconf 88' lang='grc'>1477,</span> <span class='ocrx_word' id='word_1_259' title='bbox 713 3476 753 3524; x_wconf 90' lang='lat'><strong>19.</strong></span> <span class='ocrx_word' id='word_1_260' title='bbox 773 3464 919 3513; x_wconf 87' lang='lat' dir='ltr'><strong>novembris</strong></span> <span class='ocrx_word' id='word_1_261' title='bbox 947 3463 1044 3516; x_wconf 84' lang='lat' dir='ltr'><strong>Budae.</strong></span> <span class='ocrx_word' id='word_1_262' title='bbox 1058 3466 1085 3514; x_wconf 90' lang='lat' dir='ltr'>A</span> <span class='ocrx_word' id='word_1_263' title='bbox 1099 3465 1231 3529; x_wconf 87' lang='lat' dir='ltr'><strong>Stephano</strong></span> <span class='ocrx_word' id='word_1_264' title='bbox 1243 3465 1349 3524; x_wconf 74' lang='lat' dir='ltr'><strong>Bethor,</strong></span> <span class='ocrx_word' id='word_1_265' title='bbox 1366 3466 1453 3530; x_wconf 83' lang='lat' dir='ltr'><strong>judice</strong></span> <span class='ocrx_word' id='word_1_266' title='bbox 1472 3467 1565 3525; x_wconf 84' lang='grc'>001100,</span> 
     </span>
     <span class='ocr_line' id='line_1_34' title="bbox 512 3551 1564 3619; baseline 0.005 -21"><span class='ocrx_word' id='word_1_267' title='bbox 512 3551 684 3607; x_wconf 90' lang='lat' dir='ltr'><strong>constituitur,</strong></span> <span class='ocrx_word' id='word_1_268' title='bbox 704 3558 732 3600; x_wconf 90' lang='lat' dir='ltr'><strong>nt</strong></span> <span class='ocrx_word' id='word_1_269' title='bbox 751 3568 765 3600; x_wconf 90' lang='lat' dir='ltr'><strong>a</strong></span> <span class='ocrx_word' id='word_1_270' title='bbox 785 3553 966 3601; x_wconf 85' lang='lat' dir='ltr'><strong>communitate</strong></span> <span class='ocrx_word' id='word_1_271' title='bbox 980 3553 1092 3603; x_wconf 83' lang='lat' dir='ltr'><strong>civitatis</strong></span> <span class='ocrx_word' id='word_1_272' title='bbox 1105 3554 1280 3618; x_wconf 87' lang='lat' dir='ltr'><strong>possessiones</strong></span> <span class='ocrx_word' id='word_1_273' title='bbox 1298 3553 1405 3619; x_wconf 84' lang='lat' dir='ltr'><strong>capituli</strong></span> <span class='ocrx_word' id='word_1_274' title='bbox 1425 3554 1564 3619; x_wconf 79' lang='lat' dir='ltr'><strong>Kobiljak,</strong></span> 
     </span>
     <span class='ocr_line' id='line_1_35' title="bbox 514 3637 1567 3707; baseline 0.006 -21"><span class='ocrx_word' id='word_1_275' title='bbox 514 3637 614 3702; x_wconf 85' lang='lat' dir='ltr'><strong>Sriblje</strong></span> <span class='ocrx_word' id='word_1_276' title='bbox 641 3647 689 3689; x_wconf 88' lang='lat' dir='ltr'><strong>etc.</strong></span> <span class='ocrx_word' id='word_1_277' title='bbox 717 3655 763 3704; x_wconf 90' lang='lat' dir='ltr'><strong>per</strong></span> <span class='ocrx_word' id='word_1_278' title='bbox 789 3641 910 3704; x_wconf 84' lang='lat' dir='ltr'><strong>injuriam</strong></span> <span class='ocrx_word' id='word_1_279' title='bbox 929 3655 981 3689; x_wconf 88' lang='lat' dir='ltr'><strong>non</strong></span> <span class='ocrx_word' id='word_1_280' title='bbox 999 3656 1056 3690; x_wconf 89' lang='lat' dir='ltr'><strong>esse</strong></span> <span class='ocrx_word' id='word_1_281' title='bbox 1081 3648 1218 3707; x_wconf 83' lang='lat' dir='ltr'><strong>occupatas</strong></span> <span class='ocrx_word' id='word_1_282' title='bbox 1236 3643 1315 3692; x_wconf 88' lang='grc'>10001</span> <span class='ocrx_word' id='word_1_283' title='bbox 1333 3649 1359 3692; x_wconf 88' lang='grc'><strong>01</strong></span> <span class='ocrx_word' id='word_1_284' title='bbox 1378 3643 1567 3707; x_wconf 79' lang='lat' dir='ltr'><strong>quinquaginta</strong></span> 
     </span>
     <span class='ocr_line' id='line_1_36' title="bbox 512 3721 1674 3792; baseline 0.003 -17"><span class='ocrx_word' id='word_1_285' title='bbox 512 3725 580 3773; x_wconf 82' lang='lat' dir='ltr'><strong>cives</strong></span> <span class='ocrx_word' id='word_1_286' title='bbox 597 3727 763 3791; x_wconf 85' lang='lat' dir='ltr'><strong>jurejurando</strong></span> <span class='ocrx_word' id='word_1_287' title='bbox 781 3721 954 3791; x_wconf 82' lang='lat' dir='ltr'><strong>obstringant</strong></span> <span class='ocrx_word' id='word_1_288' title='bbox 965 3753 1561 3770; x_wconf 82' lang='lat'><strong>··································</strong></span> <span class='ocrx_word' id='word_1_289' title='bbox 1624 3732 1674 3792; x_wconf 84' lang='lat'><strong>382</strong></span> 
     </span>
    </p>

    <p class='ocr_par' dir='ltr' id='par_1_13' title="bbox 426 3814 1671 3972">
     <span class='ocr_line' id='line_1_37' title="bbox 426 3814 1564 3884; baseline 0.005 -24"><span class='ocrx_word' id='word_1_290' title='bbox 426 3823 483 3874; x_wconf 88' lang='lat'><strong>309.</strong></span> <span class='ocrx_word' id='word_1_291' title='bbox 513 3814 594 3864; x_wconf 87' lang='lat' dir='ltr'><strong>Anno</strong></span> <span class='ocrx_word' id='word_1_292' title='bbox 616 3816 690 3878; x_wconf 90' lang='lat'>1478,</span> <span class='ocrx_word' id='word_1_293' title='bbox 711 3827 733 3867; x_wconf 91' lang='lat'><strong>2.</strong></span> <span class='ocrx_word' id='word_1_294' title='bbox 751 3816 868 3880; x_wconf 83' lang='lat' dir='ltr'><strong>januarii.</strong></span> <span class='ocrx_word' id='word_1_295' title='bbox 884 3817 1031 3880; x_wconf 87' lang='lat' dir='ltr'><strong>Zagrabiae.</strong></span> <span class='ocrx_word' id='word_1_296' title='bbox 1046 3817 1185 3866; x_wconf 81' lang='lat' dir='ltr'><strong>Libertatis</strong></span> <span class='ocrx_word' id='word_1_297' title='bbox 1199 3815 1362 3882; x_wconf 84' lang='lat' dir='ltr'><strong>privilegium</strong></span> <span class='ocrx_word' id='word_1_298' title='bbox 1381 3819 1455 3867; x_wconf 88' lang='lat' dir='ltr'><strong>novis</strong></span> <span class='ocrx_word' id='word_1_299' title='bbox 1475 3817 1564 3884; x_wconf 87' lang='lat' dir='ltr'><strong>hospi·</strong></span> 
     </span>
     <span class='ocr_line' id='line_1_38' title="bbox 513 3901 1671 3972; baseline 0.006 -23"><span class='ocrx_word' id='word_1_300' title='bbox 513 3901 582 3950; x_wconf 85' lang='lat' dir='ltr'><strong>tibus</strong></span> <span class='ocrx_word' id='word_1_301' title='bbox 601 3903 627 3952; x_wconf 91' lang='lat' dir='ltr'><strong>in</strong></span> <span class='ocrx_word' id='word_1_302' title='bbox 645 3919 704 3951; x_wconf 86' lang='lat' dir='ltr'><strong>area</strong></span> <span class='ocrx_word' id='word_1_303' title='bbox 731 3903 868 3968; x_wconf 86' lang='lat' dir='ltr'><strong>capitulari</strong></span> <span class='ocrx_word' id='word_1_304' title='bbox 893 3906 1079 3969; x_wconf 86' lang='lat' dir='ltr'><strong>congregandis</strong></span> <span class='ocrx_word' id='word_1_305' title='bbox 1107 3905 1255 3970; x_wconf 75' lang='lat' dir='ltr'><strong>ecapitulo</strong></span> <span class='ocrx_word' id='word_1_306' title='bbox 1273 3907 1374 3970; x_wconf 85' lang='lat' dir='ltr'><strong>zagrab.</strong></span> <span class='ocrx_word' id='word_1_307' title='bbox 1394 3906 1517 3956; x_wconf 88' lang='lat' dir='ltr'><strong>tribuitur</strong></span> <span class='ocrx_word' id='word_1_308' title='bbox 1535 3933 1560 3946; x_wconf 89' lang='lat'><strong>··</strong></span> <span class='ocrx_word' id='word_1_309' title='bbox 1621 3909 1671 3972; x_wconf 79' lang='grc'><strong>383</strong></span> 
     </span>
    </p>

    <p class='ocr_par' dir='ltr' id='par_1_14' title="bbox 426 3978 1565 4238">
     <span class='ocr_line' id='line_1_39' title="bbox 426 3978 1565 4058; baseline 0.007 -22"><span class='ocrx_word' id='word_1_310' title='bbox 426 4000 484 4050; x_wconf 91' lang='grc'>310.</span> <span class='ocrx_word' id='word_1_311' title='bbox 512 3991 588 4039; x_wconf 86' lang='lat' dir='ltr'><strong>Anno</strong></span> <span class='ocrx_word' id='word_1_312' title='bbox 610 3992 684 4054; x_wconf 89' lang='grc'>1478,</span> <span class='ocrx_word' id='word_1_313' title='bbox 705 3992 745 4043; x_wconf 87' lang='lat'><strong>26.</strong></span> <span class='ocrx_word' id='word_1_314' title='bbox 763 3993 881 4056; x_wconf 90' lang='lat' dir='ltr'><strong>januarii.</strong></span> <span class='ocrx_word' id='word_1_315' title='bbox 902 3978 1017 4044; x_wconf 68' lang='lat' dir='ltr'><strong>Casmae.</strong></span> <span class='ocrx_word' id='word_1_316' title='bbox 1032 3993 1181 4058; x_wconf 87' lang='lat' dir='ltr'><strong>Capitulum</strong></span> <span class='ocrx_word' id='word_1_317' title='bbox 1200 3993 1332 4044; x_wconf 75' lang='lat' dir='ltr'><strong>dusmense</strong></span> <span class='ocrx_word' id='word_1_318' title='bbox 1351 3995 1452 4044; x_wconf 85' lang='lat' dir='ltr'><strong>nuntiat</strong></span> <span class='ocrx_word' id='word_1_319' title='bbox 1478 4011 1565 4044; x_wconf 84' lang='lat' dir='ltr'><strong>coram</strong></span> 
     </span>
     <span class='ocr_line' id='line_1_40' title="bbox 513 4077 1564 4148; baseline 0.006 -22"><span class='ocrx_word' id='word_1_320' title='bbox 513 4093 541 4126; x_wconf 90' lang='lat' dir='ltr'><strong>se</strong></span> <span class='ocrx_word' id='word_1_321' title='bbox 560 4077 712 4136; x_wconf 79' lang='lat' dir='ltr'><strong>Soldinaric,</strong></span> <span class='ocrx_word' id='word_1_322' title='bbox 730 4080 843 4144; x_wconf 88' lang='lat' dir='ltr'><strong>judicem</strong></span> <span class='ocrx_word' id='word_1_323' title='bbox 862 4081 982 4138; x_wconf 85' lang='lat' dir='ltr'><strong>civitatis,</strong></span> <span class='ocrx_word' id='word_1_324' title='bbox 994 4087 1020 4130; x_wconf 88' lang='grc'><strong>01</strong></span> <span class='ocrx_word' id='word_1_325' title='bbox 1032 4083 1220 4146; x_wconf 86' lang='lat' dir='ltr'><strong>quinquaginta</strong></span> <span class='ocrx_word' id='word_1_326' title='bbox 1238 4083 1307 4132; x_wconf 88' lang='lat' dir='ltr'><strong>cives</strong></span> <span class='ocrx_word' id='word_1_327' title='bbox 1323 4084 1449 4148; x_wconf 82' lang='lat' dir='ltr'><strong>juravisse</strong></span> <span class='ocrx_word' id='word_1_328' title='bbox 1468 4099 1564 4132; x_wconf 89' lang='lat' dir='ltr'><strong>acom-</strong></span> 
     </span>
     <span class='ocr_line' id='line_1_41' title="bbox 512 4168 1564 4238; baseline 0.008 -23"><span class='ocrx_word' id='word_1_329' title='bbox 512 4168 636 4216; x_wconf 89' lang='lat' dir='ltr'><strong>munitate</strong></span> <span class='ocrx_word' id='word_1_330' title='bbox 655 4169 766 4217; x_wconf 87' lang='lat' dir='ltr'><strong>civitatis</strong></span> <span class='ocrx_word' id='word_1_331' title='bbox 781 4170 956 4233; x_wconf 88' lang='lat' dir='ltr'><strong>possessiones</strong></span> <span class='ocrx_word' id='word_1_332' title='bbox 974 4169 1082 4235; x_wconf 86' lang='lat' dir='ltr'><strong>capituli</strong></span> <span class='ocrx_word' id='word_1_333' title='bbox 1095 4186 1140 4234; x_wconf 88' lang='lat' dir='ltr'><strong>per</strong></span> <span class='ocrx_word' id='word_1_334' title='bbox 1153 4171 1272 4235; x_wconf 86' lang='lat' dir='ltr'><strong>injuriam</strong></span> <span class='ocrx_word' id='word_1_335' title='bbox 1285 4187 1337 4221; x_wconf 93' lang='lat' dir='ltr'><strong>non</strong></span> <span class='ocrx_word' id='word_1_336' title='bbox 1349 4187 1406 4220; x_wconf 88' lang='lat' dir='ltr'><strong>esse</strong></span> <span class='ocrx_word' id='word_1_337' title='bbox 1418 4179 1564 4238; x_wconf 83' lang='lat' dir='ltr'><strong>occupatas.</strong></span> 
     </span>
    </p>

    <p class='ocr_par' dir='ltr' id='par_1_15' title="bbox 424 4256 1564 4483">
     <span class='ocr_line' id='line_1_42' title="bbox 424 4256 1564 4322; baseline 0.005 -18"><span class='ocrx_word' id='word_1_338' title='bbox 424 4268 482 4318; x_wconf 88' lang='lat'>311.</span> <span class='ocrx_word' id='word_1_339' title='bbox 512 4256 593 4306; x_wconf 88' lang='lat' dir='ltr'><strong>Anno</strong></span> <span class='ocrx_word' id='word_1_340' title='bbox 616 4258 689 4321; x_wconf 88' lang='lat'>1478,</span> <span class='ocrx_word' id='word_1_341' title='bbox 712 4270 751 4322; x_wconf 91' lang='lat'><strong>17.</strong></span> <span class='ocrx_word' id='word_1_342' title='bbox 776 4258 907 4310; x_wconf 79' lang='lat' dir='ltr'><strong>februarii.</strong></span> <span class='ocrx_word' id='word_1_343' title='bbox 933 4259 1082 4322; x_wconf 85' lang='lat' dir='ltr'><strong>anrabiae.</strong></span> <span class='ocrx_word' id='word_1_344' title='bbox 1106 4260 1237 4309; x_wconf 82' lang='lat' dir='ltr'><strong>Statutum</strong></span> <span class='ocrx_word' id='word_1_345' title='bbox 1263 4261 1295 4310; x_wconf 89' lang='lat' dir='ltr'><strong>de</strong></span> <span class='ocrx_word' id='word_1_346' title='bbox 1313 4261 1434 4310; x_wconf 90' lang='lat' dir='ltr'><strong>domibus</strong></span> <span class='ocrx_word' id='word_1_347' title='bbox 1452 4261 1479 4310; x_wconf 92' lang='lat' dir='ltr'><strong>in</strong></span> <span class='ocrx_word' id='word_1_348' title='bbox 1497 4261 1564 4318; x_wconf 88' lang='lat' dir='ltr'><strong>vico,</strong></span> 
     </span>
     <span class='ocr_line' id='line_1_43' title="bbox 511 4346 1564 4473; baseline 0.004 -79"><span class='ocrx_word' id='word_1_349' title='bbox 511 4361 588 4408; x_wconf 90' lang='lat' dir='ltr'><strong>quem</strong></span> <span class='ocrx_word' id='word_1_350' title='bbox 619 4346 760 4410; x_wconf 89' lang='lat' dir='ltr'><strong>capitulum</strong></span> <span class='ocrx_word' id='word_1_351' title='bbox 790 4361 872 4410; x_wconf 90' lang='lat' dir='ltr'><strong>nuper</strong></span> <span class='ocrx_word' id='word_1_352' title='bbox 902 4347 1029 4395; x_wconf 86' lang='lat' dir='ltr'><strong>concessit</strong></span> <span class='ocrx_word' id='word_1_353' title='bbox 1059 4347 1092 4396; x_wconf 87' lang='lat' dir='ltr'><strong>ad</strong></span> <span class='ocrx_word' id='word_1_354' title='bbox 1123 4347 1300 4406; x_wconf 88' lang='lat' dir='ltr'><strong>habitandum,</strong></span> <span class='ocrx_word' id='word_1_355' title='bbox 1332 4365 1378 4414; x_wconf 91' lang='lat' dir='ltr'><strong>per</strong></span> <span class='ocrx_word' id='word_1_356' title='bbox 1408 4348 1564 4473; x_wconf 80' lang='lat' dir='ltr'><strong>capitulares</strong></span> 
     </span>
     <span class='ocr_line' id='line_1_44' title="bbox 510 4433 1557 4483; baseline 0.002 -1"><span class='ocrx_word' id='word_1_357' title='bbox 510 4433 676 4483; x_wconf 86' lang='lat' dir='ltr'><strong>aedificandis</strong></span> <span class='ocrx_word' id='word_1_358' title='bbox 696 4459 1557 4476; x_wconf 87' lang='lat'><strong>···············································</strong></span> 
     </span>
    </p>

    <p class='ocr_par' dir='ltr' id='par_1_16' title="bbox 423 4523 1668 4766">
     <span class='ocr_line' id='line_1_45' title="bbox 423 4523 1563 4589; baseline 0.004 -19"><span class='ocrx_word' id='word_1_359' title='bbox 423 4533 481 4584; x_wconf 85' lang='lat'>312.</span> <span class='ocrx_word' id='word_1_360' title='bbox 510 4524 590 4572; x_wconf 85' lang='lat' dir='ltr'><strong>Anno</strong></span> <span class='ocrx_word' id='word_1_361' title='bbox 613 4523 1563 4589; x_wconf 62' lang='grc' dir='ltr'>1478,23.11ρ11111.Β11000.1110111111,Ηο03111100101001Αο1010</span> 
     </span>
     <span class='ocr_line' id='line_1_46' title="bbox 513 4612 1562 4678; baseline 0.005 -19"><span class='ocrx_word' id='word_1_362' title='bbox 513 4612 545 4659; x_wconf 90' lang='lat' dir='ltr'><strong>de</strong></span> <span class='ocrx_word' id='word_1_363' title='bbox 565 4612 703 4674; x_wconf 87' lang='lat' dir='ltr'><strong>Egerwara</strong></span> <span class='ocrx_word' id='word_1_364' title='bbox 730 4613 841 4669; x_wconf 87' lang='lat' dir='ltr'><strong>mandat,</strong></span> <span class='ocrx_word' id='word_1_365' title='bbox 870 4618 898 4661; x_wconf 92' lang='lat' dir='ltr'><strong>ut</strong></span> <span class='ocrx_word' id='word_1_366' title='bbox 917 4627 1001 4670; x_wconf 87' lang='lat' dir='ltr'><strong>causa,</strong></span> <span class='ocrx_word' id='word_1_367' title='bbox 1032 4627 1099 4675; x_wconf 86' lang='lat' dir='ltr'><strong>quae</strong></span> <span class='ocrx_word' id='word_1_368' title='bbox 1119 4613 1172 4678; x_wconf 89' lang='lat' dir='ltr'><strong>jam</strong></span> <span class='ocrx_word' id='word_1_369' title='bbox 1190 4613 1287 4662; x_wconf 89' lang='lat' dir='ltr'><strong>dudum</strong></span> <span class='ocrx_word' id='word_1_370' title='bbox 1306 4613 1390 4677; x_wconf 84' lang='lat' dir='ltr'><strong>agitur</strong></span> <span class='ocrx_word' id='word_1_371' title='bbox 1408 4614 1474 4663; x_wconf 91' lang='lat' dir='ltr'><strong>inter</strong></span> <span class='ocrx_word' id='word_1_372' title='bbox 1494 4629 1562 4664; x_wconf 91' lang='lat' dir='ltr'><strong>com·</strong></span> 
     </span>
     <span class='ocr_line' id='line_1_47' title="bbox 510 4696 1668 4766; baseline 0.003 -18"><span class='ocrx_word' id='word_1_373' title='bbox 510 4701 661 4749; x_wconf 88' lang='lat' dir='ltr'><strong>munitatem</strong></span> <span class='ocrx_word' id='word_1_374' title='bbox 680 4701 790 4750; x_wconf 88' lang='lat' dir='ltr'><strong>civitatis</strong></span> <span class='ocrx_word' id='word_1_375' title='bbox 809 4708 834 4750; x_wconf 87' lang='lat' dir='ltr'><strong>et</strong></span> <span class='ocrx_word' id='word_1_376' title='bbox 853 4696 1002 4765; x_wconf 89' lang='lat' dir='ltr'><strong>capitulum,</strong></span> <span class='ocrx_word' id='word_1_377' title='bbox 1021 4702 1054 4749; x_wconf 90' lang='lat' dir='ltr'><strong>ad</strong></span> <span class='ocrx_word' id='word_1_378' title='bbox 1073 4701 1149 4750; x_wconf 87' lang='lat' dir='ltr'><strong>finem</strong></span> <span class='ocrx_word' id='word_1_379' title='bbox 1169 4701 1322 4766; x_wconf 85' lang='lat' dir='ltr'><strong>perducatur</strong></span> <span class='ocrx_word' id='word_1_380' title='bbox 1355 4727 1557 4741; x_wconf 89' lang='lat'>············</span> <span class='ocrx_word' id='word_1_381' title='bbox 1618 4715 1668 4766; x_wconf 81' lang='lat'><strong>392</strong></span> 
     </span>
    </p>

    <p class='ocr_par' dir='ltr' id='par_1_17' title="bbox 423 4789 1665 5032">
     <span class='ocr_line' id='line_1_48' title="bbox 423 4789 1561 4854; baseline 0 -16"><span class='ocrx_word' id='word_1_382' title='bbox 423 4802 482 4853; x_wconf 86' lang='grc'>313.</span> <span class='ocrx_word' id='word_1_383' title='bbox 511 4791 586 4837; x_wconf 80' lang='grc' dir='ltr'>110οο</span> <span class='ocrx_word' id='word_1_384' title='bbox 608 4789 684 4852; x_wconf 86' lang='grc'>1478,</span> <span class='ocrx_word' id='word_1_385' title='bbox 707 4799 745 4854; x_wconf 84' lang='lat'><strong>15.</strong></span> <span class='ocrx_word' id='word_1_386' title='bbox 762 4789 843 4854; x_wconf 89' lang='lat' dir='ltr'><strong>Junii.</strong></span> <span class='ocrx_word' id='word_1_387' title='bbox 864 4789 961 4840; x_wconf 87' lang='lat' dir='ltr'><strong>Bodae.</strong></span> <span class='ocrx_word' id='word_1_388' title='bbox 983 4789 1104 4846; x_wconf 77' lang='grc'>1111111101,</span> <span class='ocrx_word' id='word_1_389' title='bbox 1131 4790 1281 4854; x_wconf 88' lang='lat' dir='ltr'><strong>Hungariae</strong></span> <span class='ocrx_word' id='word_1_390' title='bbox 1300 4797 1348 4842; x_wconf 91' lang='lat' dir='ltr'><strong>etc.</strong></span> <span class='ocrx_word' id='word_1_391' title='bbox 1371 4806 1421 4847; x_wconf 85' lang='lat' dir='ltr'><strong>rer,</strong></span> <span class='ocrx_word' id='word_1_392' title='bbox 1441 4790 1561 4838; x_wconf 88' lang='lat' dir='ltr'><strong>omnibus</strong></span> 
     </span>
     <span class='ocr_line' id='line_1_49' title="bbox 510 4877 1561 4934; baseline 0 -8"><span class='ocrx_word' id='word_1_393' title='bbox 510 4885 624 4926; x_wconf 87' lang='lat' dir='ltr'><strong>taxarum</strong></span> <span class='ocrx_word' id='word_1_394' title='bbox 652 4877 809 4925; x_wconf 88' lang='lat' dir='ltr'><strong>dicatoribus</strong></span> <span class='ocrx_word' id='word_1_395' title='bbox 836 4883 861 4926; x_wconf 91' lang='lat' dir='ltr'><strong>et</strong></span> <span class='ocrx_word' id='word_1_396' title='bbox 892 4877 1113 4926; x_wconf 86' lang='lat' dir='ltr'><strong>contributionum</strong></span> <span class='ocrx_word' id='word_1_397' title='bbox 1141 4879 1302 4928; x_wconf 78' lang='lat' dir='ltr'><strong>exactoribus</strong></span> <span class='ocrx_word' id='word_1_398' title='bbox 1330 4878 1468 4934; x_wconf 88' lang='lat' dir='ltr'><strong>interdicit,</strong></span> <span class='ocrx_word' id='word_1_399' title='bbox 1496 4893 1528 4926; x_wconf 88' lang='lat' dir='ltr'><strong>ne</strong></span> <span class='ocrx_word' id='word_1_400' title='bbox 1546 4895 1561 4926; x_wconf 89' lang='lat' dir='ltr'><strong>a</strong></span> 
     </span>
     <span class='ocr_line' id='line_1_50' title="bbox 508 4964 1665 5032; baseline 0.003 -19"><span class='ocrx_word' id='word_1_401' title='bbox 508 4965 629 5015; x_wconf 90' lang='lat' dir='ltr'><strong>iratribus</strong></span> <span class='ocrx_word' id='word_1_402' title='bbox 647 4964 744 5013; x_wconf 88' lang='lat' dir='ltr'><strong>ordinis</strong></span> <span class='ocrx_word' id='word_1_403' title='bbox 764 4967 970 5016; x_wconf 84' lang='lat' dir='ltr'><strong>Praedicatorum</strong></span> <span class='ocrx_word' id='word_1_404' title='bbox 988 4965 1113 5015; x_wconf 88' lang='lat' dir='ltr'><strong>tributum</strong></span> <span class='ocrx_word' id='word_1_405' title='bbox 1131 4966 1247 5029; x_wconf 86' lang='lat' dir='ltr'><strong>exigant·</strong></span> <span class='ocrx_word' id='word_1_406' title='bbox 1277 4992 1553 5006; x_wconf 88' lang='lat'><strong>················</strong></span> <span class='ocrx_word' id='word_1_407' title='bbox 1615 4979 1665 5032; x_wconf 85' lang='grc'><strong>393</strong></span> 
     </span>
    </p>
   </div>
   <div class='ocr_carea' id='block_1_2' title="bbox 0 0 1872 5826">
    <p class='ocr_par' dir='ltr' id='par_1_18' title="bbox 0 0 1872 5826">
     <span class='ocr_line' id='line_1_51' title="bbox 0 0 1872 5826; baseline 0 1"><span class='ocrx_word' id='word_1_408' title='bbox 0 0 1872 5826; x_wconf 95' lang='lat' dir='ltr'><strong> </strong></span> 
     </span>
    </p>
   </div>
  </div>
 </body>
</html>
