<?xml version="1.0" encoding="UTF-8"?>
<!DOCTYPE html PUBLIC "-//W3C//DTD XHTML 1.0 Transitional//EN"
    "http://www.w3.org/TR/xhtml1/DTD/xhtml1-transitional.dtd">
<html xmlns="http://www.w3.org/1999/xhtml" xml:lang="en" lang="en">
 <head>
  <title>
</title>
<meta http-equiv="Content-Type" content="text/html;charset=utf-8" />
  <meta name='ocr-system' content='tesseract 3.04.00' />
  <meta name='ocr-capabilities' content='ocr_page ocr_carea ocr_par ocr_line ocrx_word'/>
</head>
<body>
  <div class='ocr_page' id='page_1' title='image "./monumentahistor20laszgoog_0345.png"; bbox 0 0 3948 5804; ppageno 0'>
   <div class='ocr_carea' id='block_1_1' title="bbox 393 563 1222 640">
    <p class='ocr_par' dir='ltr' id='par_1_1' title="bbox 393 563 1222 640">
     <span class='ocr_line' id='line_1_1' title="bbox 393 563 1222 640; baseline -0.007 -14"><span class='ocrx_word' id='word_1_1' title='bbox 393 567 432 626; x_wconf 86' lang='lat'>88</span> <span class='ocrx_word' id='word_1_2' title='bbox 816 563 889 622; x_wconf 80' lang='lat' dir='ltr'>Dec.</span> <span class='ocrx_word' id='word_1_3' title='bbox 912 573 962 639; x_wconf 91' lang='lat'>70.</span> <span class='ocrx_word' id='word_1_4' title='bbox 987 596 1026 606; x_wconf 94' lang='lat'><em>-</em></span> <span class='ocrx_word' id='word_1_5' title='bbox 1052 564 1222 640; x_wconf 69' lang='lat' dir='ltr'>Art-1434·</span> 
     </span>
    </p>
   </div>
   <div class='ocr_carea' id='block_1_2' title="bbox 342 777 1655 5102">
    <p class='ocr_par' dir='ltr' id='par_1_2' title="bbox 342 777 1655 5102">
     <span class='ocr_line' id='line_1_2' title="bbox 390 777 1654 854; baseline 0.002 -18"><span class='ocrx_word' id='word_1_6' title='bbox 390 779 629 854; x_wconf 89' lang='lat' dir='ltr'>disposicionem</span> <span class='ocrx_word' id='word_1_7' title='bbox 653 783 683 837; x_wconf 91' lang='lat' dir='ltr'>et</span> <span class='ocrx_word' id='word_1_8' title='bbox 705 778 896 852; x_wconf 79' lang='lat' dir='ltr'>legacionem</span> <span class='ocrx_word' id='word_1_9' title='bbox 927 779 1201 850; x_wconf 85' lang='lat' dir='ltr'>testamentariam,</span> <span class='ocrx_word' id='word_1_10' title='bbox 1225 778 1338 854; x_wconf 90' lang='lat' dir='ltr'>prefati</span> <span class='ocrx_word' id='word_1_11' title='bbox 1370 778 1503 838; x_wconf 90' lang='lat' dir='ltr'>condam</span> <span class='ocrx_word' id='word_1_12' title='bbox 1535 777 1654 838; x_wconf 91' lang='lat' dir='ltr'>domini</span> 
     </span>
     <span class='ocr_line' id='line_1_3' title="bbox 390 883 1654 968; baseline 0 -26"><span class='ocrx_word' id='word_1_13' title='bbox 390 885 540 968; x_wconf 89' lang='lat' dir='ltr'>Johannis</span> <span class='ocrx_word' id='word_1_14' title='bbox 568 885 707 959; x_wconf 88' lang='lat' dir='ltr'>episcopi</span> <span class='ocrx_word' id='word_1_15' title='bbox 737 883 776 942; x_wconf 91' lang='lat' dir='ltr'>de</span> <span class='ocrx_word' id='word_1_16' title='bbox 809 883 974 943; x_wconf 83' lang='lat' dir='ltr'>medietate</span> <span class='ocrx_word' id='word_1_17' title='bbox 1007 885 1100 944; x_wconf 91' lang='lat' dir='ltr'>castri</span> <span class='ocrx_word' id='word_1_18' title='bbox 1131 884 1248 942; x_wconf 89' lang='lat' dir='ltr'>Kuwar</span> <span class='ocrx_word' id='word_1_19' title='bbox 1277 891 1308 942; x_wconf 90' lang='lat' dir='ltr'>et</span> <span class='ocrx_word' id='word_1_20' title='bbox 1338 884 1449 960; x_wconf 91' lang='lat' dir='ltr'>oppidi</span> <span class='ocrx_word' id='word_1_21' title='bbox 1471 883 1654 960; x_wconf 87' lang='lat' dir='ltr'>Kaproncza</span> 
     </span>
     <span class='ocr_line' id='line_1_4' title="bbox 392 989 1655 1075; baseline 0 -27"><span class='ocrx_word' id='word_1_22' title='bbox 392 1005 449 1063; x_wconf 89' lang='lat' dir='ltr'>per</span> <span class='ocrx_word' id='word_1_23' title='bbox 471 1006 527 1048; x_wconf 93' lang='lat' dir='ltr'>nos</span> <span class='ocrx_word' id='word_1_24' title='bbox 550 989 668 1048; x_wconf 91' lang='lat' dir='ltr'>dudum</span> <span class='ocrx_word' id='word_1_25' title='bbox 704 990 764 1064; x_wconf 92' lang='lat' dir='ltr'>ipsi</span> <span class='ocrx_word' id='word_1_26' title='bbox 797 990 929 1049; x_wconf 91' lang='lat' dir='ltr'>condam</span> <span class='ocrx_word' id='word_1_27' title='bbox 961 990 1089 1049; x_wconf 92' lang='lat' dir='ltr'>domino</span> <span class='ocrx_word' id='word_1_28' title='bbox 1119 991 1252 1075; x_wconf 89' lang='lat' dir='ltr'>Johanni</span> <span class='ocrx_word' id='word_1_29' title='bbox 1277 992 1424 1066; x_wconf 89' lang='lat' dir='ltr'>episcopo</span> <span class='ocrx_word' id='word_1_30' title='bbox 1452 1004 1511 1064; x_wconf 89' lang='lat' dir='ltr'>pro</span> <span class='ocrx_word' id='word_1_31' title='bbox 1533 993 1655 1065; x_wconf 90' lang='lat' dir='ltr'>septem</span> 
     </span>
     <span class='ocr_line' id='line_1_5' title="bbox 391 1095 1653 1172; baseline 0.002 -19"><span class='ocrx_word' id='word_1_32' title='bbox 391 1095 533 1153; x_wconf 92' lang='lat' dir='ltr'>millibus</span> <span class='ocrx_word' id='word_1_33' title='bbox 568 1095 691 1155; x_wconf 89' lang='lat' dir='ltr'>ssorenis</span> <span class='ocrx_word' id='word_1_34' title='bbox 714 1097 781 1154; x_wconf 90' lang='lat' dir='ltr'>auri</span> <span class='ocrx_word' id='word_1_35' title='bbox 805 1097 1105 1170; x_wconf 89' lang='lat' dir='ltr'>impignoratorum,</span> <span class='ocrx_word' id='word_1_36' title='bbox 1136 1096 1265 1156; x_wconf 85' lang='lat' dir='ltr'>iamfato</span> <span class='ocrx_word' id='word_1_37' title='bbox 1295 1097 1432 1172; x_wconf 90' lang='lat' dir='ltr'>capitulo</span> <span class='ocrx_word' id='word_1_38' title='bbox 1461 1096 1653 1172; x_wconf 88' lang='lat' dir='ltr'>zagrabiensi</span> 
     </span>
     <span class='ocr_line' id='line_1_6' title="bbox 390 1201 1653 1277; baseline 0.002 -19"><span class='ocrx_word' id='word_1_39' title='bbox 390 1216 428 1259; x_wconf 87' lang='lat' dir='ltr'>ex</span> <span class='ocrx_word' id='word_1_40' title='bbox 463 1217 499 1260; x_wconf 89' lang='lat' dir='ltr'>eo</span> <span class='ocrx_word' id='word_1_41' title='bbox 533 1201 667 1273; x_wconf 88' lang='lat' dir='ltr'>factam,</span> <span class='ocrx_word' id='word_1_42' title='bbox 702 1207 736 1260; x_wconf 92' lang='lat' dir='ltr'>ut</span> <span class='ocrx_word' id='word_1_43' title='bbox 770 1209 940 1276; x_wconf 91' lang='lat' dir='ltr'>proventus</span> <span class='ocrx_word' id='word_1_44' title='bbox 975 1202 1157 1263; x_wconf 91' lang='lat' dir='ltr'>eorumdem</span> <span class='ocrx_word' id='word_1_45' title='bbox 1193 1202 1334 1276; x_wconf 90' lang='lat' dir='ltr'>tamdiu,</span> <span class='ocrx_word' id='word_1_46' title='bbox 1369 1203 1467 1262; x_wconf 90' lang='lat' dir='ltr'>donec</span> <span class='ocrx_word' id='word_1_47' title='bbox 1501 1218 1559 1277; x_wconf 90' lang='lat' dir='ltr'>per</span> <span class='ocrx_word' id='word_1_48' title='bbox 1594 1217 1653 1261; x_wconf 89' lang='lat' dir='ltr'>nos</span> 
     </span>
     <span class='ocr_line' id='line_1_7' title="bbox 389 1307 1651 1384; baseline 0 -18"><span class='ocrx_word' id='word_1_49' title='bbox 389 1307 624 1378; x_wconf 89' lang='lat' dir='ltr'>redimerentur,</span> <span class='ocrx_word' id='word_1_50' title='bbox 649 1314 679 1366; x_wconf 90' lang='lat' dir='ltr'>et</span> <span class='ocrx_word' id='word_1_51' title='bbox 702 1313 773 1382; x_wconf 93' lang='lat' dir='ltr'>post</span> <span class='ocrx_word' id='word_1_52' title='bbox 796 1309 937 1382; x_wconf 89' lang='lat' dir='ltr'>ipsorum</span> <span class='ocrx_word' id='word_1_53' title='bbox 972 1309 1224 1384; x_wconf 91' lang='lat' dir='ltr'>redempcionem</span> <span class='ocrx_word' id='word_1_54' title='bbox 1259 1309 1457 1368; x_wconf 90' lang='lat' dir='ltr'>medietatem</span> <span class='ocrx_word' id='word_1_55' title='bbox 1492 1308 1651 1383; x_wconf 90' lang='lat' dir='ltr'>prenomi-</span> 
     </span>
     <span class='ocr_line' id='line_1_8' title="bbox 389 1415 1652 1491; baseline -0.002 -17"><span class='ocrx_word' id='word_1_56' title='bbox 389 1419 534 1474; x_wconf 89' lang='lat' dir='ltr'>natorum</span> <span class='ocrx_word' id='word_1_57' title='bbox 566 1420 686 1488; x_wconf 87' lang='lat' dir='ltr'>septem</span> <span class='ocrx_word' id='word_1_58' title='bbox 728 1415 866 1474; x_wconf 91' lang='lat' dir='ltr'>millium</span> <span class='ocrx_word' id='word_1_59' title='bbox 901 1415 1091 1474; x_wconf 87' lang='lat' dir='ltr'>florenorum</span> <span class='ocrx_word' id='word_1_60' title='bbox 1127 1417 1196 1476; x_wconf 88' lang='lat' dir='ltr'>auri</span> <span class='ocrx_word' id='word_1_61' title='bbox 1232 1432 1288 1491; x_wconf 92' lang='lat' dir='ltr'>per</span> <span class='ocrx_word' id='word_1_62' title='bbox 1323 1415 1442 1475; x_wconf 91' lang='lat' dir='ltr'>dictum</span> <span class='ocrx_word' id='word_1_63' title='bbox 1479 1415 1652 1489; x_wconf 91' lang='lat' dir='ltr'>capitulum</span> 
     </span>
     <span class='ocr_line' id='line_1_9' title="bbox 389 1521 1650 1594; baseline 0 -16"><span class='ocrx_word' id='word_1_64' title='bbox 389 1521 587 1594; x_wconf 90' lang='lat' dir='ltr'>zagrabiense</span> <span class='ocrx_word' id='word_1_65' title='bbox 620 1527 650 1579; x_wconf 92' lang='lat' dir='ltr'>et</span> <span class='ocrx_word' id='word_1_66' title='bbox 683 1529 861 1580; x_wconf 84' lang='lat' dir='ltr'>executores</span> <span class='ocrx_word' id='word_1_67' title='bbox 895 1523 943 1580; x_wconf 94' lang='lat' dir='ltr'>sui</span> <span class='ocrx_word' id='word_1_68' title='bbox 978 1523 1153 1582; x_wconf 86' lang='lat' dir='ltr'>testamenti</span> <span class='ocrx_word' id='word_1_69' title='bbox 1181 1523 1221 1581; x_wconf 91' lang='lat' dir='ltr'>ad</span> <span class='ocrx_word' id='word_1_70' title='bbox 1244 1522 1396 1581; x_wconf 84' lang='lat' dir='ltr'>fabricam</span> <span class='ocrx_word' id='word_1_71' title='bbox 1420 1521 1501 1580; x_wconf 91' lang='lat' dir='ltr'>dicte</span> <span class='ocrx_word' id='word_1_72' title='bbox 1521 1521 1650 1579; x_wconf 79' lang='lat' dir='ltr'>ecclesie</span> 
     </span>
     <span class='ocr_line' id='line_1_10' title="bbox 389 1626 1651 1702; baseline 0 -18"><span class='ocrx_word' id='word_1_73' title='bbox 389 1626 598 1700; x_wconf 86' lang='lat' dir='ltr'>zagrabiensis</span> <span class='ocrx_word' id='word_1_74' title='bbox 620 1626 880 1702; x_wconf 89' lang='lat' dir='ltr'>dispensarentur,</span> <span class='ocrx_word' id='word_1_75' title='bbox 903 1628 942 1688; x_wconf 87' lang='lat' dir='ltr'>ad</span> <span class='ocrx_word' id='word_1_76' title='bbox 966 1628 1146 1688; x_wconf 89' lang='lat' dir='ltr'>huiusmodi</span> <span class='ocrx_word' id='word_1_77' title='bbox 1176 1627 1375 1686; x_wconf 89' lang='lat' dir='ltr'>medietatem</span> <span class='ocrx_word' id='word_1_78' title='bbox 1405 1629 1469 1687; x_wconf 93' lang='lat' dir='ltr'>iam</span> <span class='ocrx_word' id='word_1_79' title='bbox 1497 1627 1651 1685; x_wconf 90' lang='lat' dir='ltr'>dictorum</span> 
     </span>
     <span class='ocr_line' id='line_1_11' title="bbox 389 1731 1649 1809; baseline 0 -18"><span class='ocrx_word' id='word_1_80' title='bbox 389 1733 482 1791; x_wconf 89' lang='lat' dir='ltr'>castri</span> <span class='ocrx_word' id='word_1_81' title='bbox 507 1739 537 1790; x_wconf 91' lang='lat' dir='ltr'>et</span> <span class='ocrx_word' id='word_1_82' title='bbox 560 1731 670 1808; x_wconf 88' lang='lat' dir='ltr'>oppidi</span> <span class='ocrx_word' id='word_1_83' title='bbox 700 1733 819 1792; x_wconf 91' lang='lat' dir='ltr'>dictum</span> <span class='ocrx_word' id='word_1_84' title='bbox 852 1735 1026 1809; x_wconf 89' lang='lat' dir='ltr'>capitulum</span> <span class='ocrx_word' id='word_1_85' title='bbox 1056 1735 1254 1808; x_wconf 84' lang='lat' dir='ltr'>ragrabiense</span> <span class='ocrx_word' id='word_1_86' title='bbox 1284 1739 1315 1793; x_wconf 93' lang='lat' dir='ltr'>et</span> <span class='ocrx_word' id='word_1_87' title='bbox 1345 1734 1521 1792; x_wconf 88' lang='lat' dir='ltr'>testamenti</span> <span class='ocrx_word' id='word_1_88' title='bbox 1551 1734 1649 1808; x_wconf 90' lang='lat' dir='ltr'>ipsius</span> 
     </span>
     <span class='ocr_line' id='line_1_12' title="bbox 390 1837 1652 1922; baseline 0.002 -26"><span class='ocrx_word' id='word_1_89' title='bbox 390 1837 523 1897; x_wconf 87' lang='lat' dir='ltr'>condam</span> <span class='ocrx_word' id='word_1_90' title='bbox 557 1838 676 1897; x_wconf 93' lang='lat' dir='ltr'>domini</span> <span class='ocrx_word' id='word_1_91' title='bbox 706 1839 855 1922; x_wconf 90' lang='lat' dir='ltr'>Johannis</span> <span class='ocrx_word' id='word_1_92' title='bbox 889 1841 1028 1914; x_wconf 90' lang='lat' dir='ltr'>episcopi</span> <span class='ocrx_word' id='word_1_93' title='bbox 1061 1845 1239 1899; x_wconf 83' lang='lat' dir='ltr'>executores</span> <span class='ocrx_word' id='word_1_94' title='bbox 1269 1841 1446 1899; x_wconf 91' lang='lat' dir='ltr'>nullatenus</span> <span class='ocrx_word' id='word_1_95' title='bbox 1476 1838 1652 1898; x_wconf 87' lang='lat' dir='ltr'>admisisset</span> 
     </span>
     <span class='ocr_line' id='line_1_13' title="bbox 389 1942 1651 2021; baseline 0.002 -19"><span class='ocrx_word' id='word_1_96' title='bbox 389 1960 489 2018; x_wconf 89' lang='lat' dir='ltr'>neque</span> <span class='ocrx_word' id='word_1_97' title='bbox 520 1942 685 2003; x_wconf 87' lang='lat' dir='ltr'>admittere</span> <span class='ocrx_word' id='word_1_98' title='bbox 717 1945 822 2018; x_wconf 91' lang='lat' dir='ltr'>vellet,</span> <span class='ocrx_word' id='word_1_99' title='bbox 852 1945 982 2004; x_wconf 88' lang='lat' dir='ltr'>eandem</span> <span class='ocrx_word' id='word_1_100' title='bbox 1006 1945 1090 2020; x_wconf 89' lang='lat' dir='ltr'>apud</span> <span class='ocrx_word' id='word_1_101' title='bbox 1114 1961 1224 2004; x_wconf 90' lang='lat' dir='ltr'>manus</span> <span class='ocrx_word' id='word_1_102' title='bbox 1247 1961 1318 2004; x_wconf 90' lang='lat' dir='ltr'>suas</span> <span class='ocrx_word' id='word_1_103' title='bbox 1340 1945 1556 2021; x_wconf 86' lang='lat' dir='ltr'>potencialiter</span> <span class='ocrx_word' id='word_1_104' title='bbox 1578 1946 1651 2004; x_wconf 90' lang='lat' dir='ltr'>reti·</span> 
     </span>
     <span class='ocr_line' id='line_1_14' title="bbox 388 2049 1651 2126; baseline 0 -16"><span class='ocrx_word' id='word_1_105' title='bbox 388 2050 498 2123; x_wconf 89' lang='lat' dir='ltr'>nendo,</span> <span class='ocrx_word' id='word_1_106' title='bbox 521 2049 626 2108; x_wconf 91' lang='lat' dir='ltr'>dicens</span> <span class='ocrx_word' id='word_1_107' title='bbox 649 2057 679 2108; x_wconf 95' lang='lat' dir='ltr'>et</span> <span class='ocrx_word' id='word_1_108' title='bbox 700 2051 895 2110; x_wconf 88' lang='lat' dir='ltr'>subinferens</span> <span class='ocrx_word' id='word_1_109' title='bbox 918 2053 1001 2111; x_wconf 90' lang='lat' dir='ltr'>idem</span> <span class='ocrx_word' id='word_1_110' title='bbox 1024 2051 1185 2124; x_wconf 85' lang='lat' dir='ltr'>Rodolfus,</span> <span class='ocrx_word' id='word_1_111' title='bbox 1210 2057 1303 2126; x_wconf 88' lang='lat' dir='ltr'>prout</span> <span class='ocrx_word' id='word_1_112' title='bbox 1334 2052 1402 2126; x_wconf 91' lang='lat' dir='ltr'>ipse</span> <span class='ocrx_word' id='word_1_113' title='bbox 1424 2051 1523 2110; x_wconf 89' lang='lat' dir='ltr'>eciam</span> <span class='ocrx_word' id='word_1_114' title='bbox 1545 2066 1651 2110; x_wconf 90' lang='lat' dir='ltr'>coram</span> 
     </span>
     <span class='ocr_line' id='line_1_15' title="bbox 388 2155 1651 2231; baseline 0.001 -16"><span class='ocrx_word' id='word_1_115' title='bbox 388 2157 479 2215; x_wconf 90' lang='lat' dir='ltr'>nobis</span> <span class='ocrx_word' id='word_1_116' title='bbox 512 2157 572 2214; x_wconf 91' lang='lat' dir='ltr'>hoc</span> <span class='ocrx_word' id='word_1_117' title='bbox 605 2155 690 2215; x_wconf 91' lang='lat' dir='ltr'>idem</span> <span class='ocrx_word' id='word_1_118' title='bbox 721 2158 879 2215; x_wconf 87' lang='lat' dir='ltr'>asserebat</span> <span class='ocrx_word' id='word_1_119' title='bbox 909 2156 1090 2216; x_wconf 91' lang='lat' dir='ltr'>huiusmodi</span> <span class='ocrx_word' id='word_1_120' title='bbox 1125 2157 1389 2216; x_wconf 88' lang='lat' dir='ltr'>testamentariam</span> <span class='ocrx_word' id='word_1_121' title='bbox 1412 2155 1651 2231; x_wconf 90' lang='lat' dir='ltr'>disposicionem</span> 
     </span>
     <span class='ocr_line' id='line_1_16' title="bbox 389 2261 1651 2346; baseline 0.001 -26"><span class='ocrx_word' id='word_1_122' title='bbox 389 2263 535 2336; x_wconf 88' lang='lat' dir='ltr'>prelibati</span> <span class='ocrx_word' id='word_1_123' title='bbox 558 2261 691 2320; x_wconf 92' lang='lat' dir='ltr'>condam</span> <span class='ocrx_word' id='word_1_124' title='bbox 714 2262 833 2321; x_wconf 90' lang='lat' dir='ltr'>domini</span> <span class='ocrx_word' id='word_1_125' title='bbox 855 2263 1003 2346; x_wconf 90' lang='lat' dir='ltr'>Johannis</span> <span class='ocrx_word' id='word_1_126' title='bbox 1026 2263 1173 2336; x_wconf 90' lang='lat' dir='ltr'>episcopi,</span> <span class='ocrx_word' id='word_1_127' title='bbox 1197 2261 1302 2321; x_wconf 91' lang='lat' dir='ltr'>fratris</span> <span class='ocrx_word' id='word_1_128' title='bbox 1324 2263 1382 2333; x_wconf 93' lang='lat' dir='ltr'>sui,</span> <span class='ocrx_word' id='word_1_129' title='bbox 1405 2262 1554 2322; x_wconf 90' lang='lat' dir='ltr'>frivolam</span> <span class='ocrx_word' id='word_1_130' title='bbox 1585 2277 1651 2321; x_wconf 89' lang='lat' dir='ltr'>esse</span> 
     </span>
     <span class='ocr_line' id='line_1_17' title="bbox 342 2367 1651 2444; baseline 0.002 -18"><span class='ocrx_word' id='word_1_131' title='bbox 342 2434 346 2442; x_wconf 35' lang='lat'>¹</span> <span class='ocrx_word' id='word_1_132' title='bbox 391 2375 420 2426; x_wconf 92' lang='lat' dir='ltr'>et</span> <span class='ocrx_word' id='word_1_133' title='bbox 454 2369 551 2427; x_wconf 92' lang='lat' dir='ltr'>nullis</span> <span class='ocrx_word' id='word_1_134' title='bbox 585 2383 676 2443; x_wconf 91' lang='lat' dir='ltr'>posse</span> <span class='ocrx_word' id='word_1_135' title='bbox 709 2375 763 2426; x_wconf 91' lang='lat' dir='ltr'>aut</span> <span class='ocrx_word' id='word_1_136' title='bbox 798 2369 912 2428; x_wconf 89' lang='lat' dir='ltr'>debere</span> <span class='ocrx_word' id='word_1_137' title='bbox 947 2369 1067 2428; x_wconf 90' lang='lat' dir='ltr'>viribus</span> <span class='ocrx_word' id='word_1_138' title='bbox 1089 2367 1267 2441; x_wconf 87' lang='lat' dir='ltr'>subsistere,</span> <span class='ocrx_word' id='word_1_139' title='bbox 1290 2385 1363 2427; x_wconf 91' lang='lat' dir='ltr'>cum</span> <span class='ocrx_word' id='word_1_140' title='bbox 1385 2369 1423 2427; x_wconf 90' lang='lat' dir='ltr'>de</span> <span class='ocrx_word' id='word_1_141' title='bbox 1446 2368 1564 2428; x_wconf 90' lang='lat' dir='ltr'>eisdem</span> <span class='ocrx_word' id='word_1_142' title='bbox 1585 2370 1651 2444; x_wconf 91' lang='lat' dir='ltr'>ipse</span> 
     </span>
     <span class='ocr_line' id='line_1_18' title="bbox 389 2473 1651 2549; baseline 0.002 -17"><span class='ocrx_word' id='word_1_143' title='bbox 389 2474 509 2533; x_wconf 89' lang='lat' dir='ltr'>nullam</span> <span class='ocrx_word' id='word_1_144' title='bbox 534 2473 666 2532; x_wconf 91' lang='lat' dir='ltr'>testandi</span> <span class='ocrx_word' id='word_1_145' title='bbox 688 2474 833 2532; x_wconf 91' lang='lat' dir='ltr'>habuerit</span> <span class='ocrx_word' id='word_1_146' title='bbox 856 2474 1053 2546; x_wconf 91' lang='lat' dir='ltr'>facultatem;</span> <span class='ocrx_word' id='word_1_147' title='bbox 1077 2479 1107 2532; x_wconf 90' lang='lat' dir='ltr'>et</span> <span class='ocrx_word' id='word_1_148' title='bbox 1130 2474 1215 2548; x_wconf 92' lang='lat' dir='ltr'>quod</span> <span class='ocrx_word' id='word_1_149' title='bbox 1238 2475 1365 2549; x_wconf 90' lang='lat' dir='ltr'>insuper</span> <span class='ocrx_word' id='word_1_150' title='bbox 1390 2474 1474 2534; x_wconf 91' lang='lat' dir='ltr'>idem</span> <span class='ocrx_word' id='word_1_151' title='bbox 1496 2475 1651 2534; x_wconf 87' lang='lat' dir='ltr'>Rodolfus</span> 
     </span>
     <span class='ocr_line' id='line_1_19' title="bbox 389 2579 1649 2656; baseline 0.002 -18"><span class='ocrx_word' id='word_1_152' title='bbox 389 2579 546 2654; x_wconf 91' lang='lat' dir='ltr'>quandam</span> <span class='ocrx_word' id='word_1_153' title='bbox 561 2580 673 2639; x_wconf 87' lang='lat' dir='ltr'>villam</span> <span class='ocrx_word' id='word_1_154' title='bbox 689 2579 860 2654; x_wconf 83' lang='lat' dir='ltr'>CraIyoucz</span> <span class='ocrx_word' id='word_1_155' title='bbox 875 2582 1074 2640; x_wconf 81' lang='lat' dir='ltr'>attributum</span> <span class='ocrx_word' id='word_1_156' title='bbox 1089 2581 1120 2638; x_wconf 93' lang='lat' dir='ltr'>in</span> <span class='ocrx_word' id='word_1_157' title='bbox 1139 2579 1254 2653; x_wconf 87' lang='lat' dir='ltr'>Czerye</span> <span class='ocrx_word' id='word_1_158' title='bbox 1269 2581 1353 2654; x_wconf 84' lang='lat' dir='ltr'>exigi</span> <span class='ocrx_word' id='word_1_159' title='bbox 1375 2582 1512 2655; x_wconf 91' lang='lat' dir='ltr'>solitum,</span> <span class='ocrx_word' id='word_1_160' title='bbox 1536 2597 1596 2656; x_wconf 88' lang='lat' dir='ltr'>que</span> <span class='ocrx_word' id='word_1_161' title='bbox 1619 2587 1649 2641; x_wconf 92' lang='lat' dir='ltr'>et</span> 
     </span>
     <span class='ocr_line' id='line_1_20' title="bbox 389 2685 1651 2764; baseline 0.002 -19"><span class='ocrx_word' id='word_1_162' title='bbox 389 2685 473 2761; x_wconf 88' lang='lat' dir='ltr'>qnod</span> <span class='ocrx_word' id='word_1_163' title='bbox 508 2702 565 2760; x_wconf 90' lang='lat' dir='ltr'>per</span> <span class='ocrx_word' id='word_1_164' title='bbox 598 2685 731 2745; x_wconf 89' lang='lat' dir='ltr'>condam</span> <span class='ocrx_word' id='word_1_165' title='bbox 761 2686 968 2746; x_wconf 92' lang='lat' dir='ltr'>reverendum</span> <span class='ocrx_word' id='word_1_166' title='bbox 999 2693 1122 2762; x_wconf 89' lang='lat' dir='ltr'>patrem</span> <span class='ocrx_word' id='word_1_167' title='bbox 1146 2686 1310 2746; x_wconf 89' lang='lat' dir='ltr'>dominum</span> <span class='ocrx_word' id='word_1_168' title='bbox 1332 2687 1548 2747; x_wconf 90' lang='lat' dir='ltr'>Eberhardum</span> <span class='ocrx_word' id='word_1_169' title='bbox 1571 2689 1651 2764; x_wconf 90' lang='lat' dir='ltr'>epis·</span> 
     </span>
     <span class='ocr_line' id='line_1_21' title="bbox 386 2792 1649 2868; baseline 0.002 -18"><span class='ocrx_word' id='word_1_170' title='bbox 386 2807 502 2868; x_wconf 92' lang='lat' dir='ltr'>copum</span> <span class='ocrx_word' id='word_1_171' title='bbox 524 2793 756 2866; x_wconf 88' lang='lat' dir='ltr'>zagrabiensem</span> <span class='ocrx_word' id='word_1_172' title='bbox 779 2806 838 2866; x_wconf 92' lang='lat' dir='ltr'>pro</span> <span class='ocrx_word' id='word_1_173' title='bbox 861 2792 1056 2852; x_wconf 89' lang='lat' dir='ltr'>celebrandis</span> <span class='ocrx_word' id='word_1_174' title='bbox 1078 2794 1110 2851; x_wconf 92' lang='lat' dir='ltr'>in</span> <span class='ocrx_word' id='word_1_175' title='bbox 1132 2797 1323 2868; x_wconf 90' lang='lat' dir='ltr'>perpetuum</span> <span class='ocrx_word' id='word_1_176' title='bbox 1346 2794 1449 2868; x_wconf 80' lang='lat' dir='ltr'>missis</span> <span class='ocrx_word' id='word_1_177' title='bbox 1464 2794 1497 2854; x_wconf 89' lang='lat' dir='ltr'>in</span> <span class='ocrx_word' id='word_1_178' title='bbox 1511 2793 1649 2868; x_wconf 89' lang='lat' dir='ltr'>quodam</span> 
     </span>
     <span class='ocr_line' id='line_1_22' title="bbox 387 2898 1651 2975; baseline 0.001 -17"><span class='ocrx_word' id='word_1_179' title='bbox 387 2899 479 2958; x_wconf 89' lang='lat' dir='ltr'>altari</span> <span class='ocrx_word' id='word_1_180' title='bbox 501 2899 532 2957; x_wconf 90' lang='lat' dir='ltr'>in</span> <span class='ocrx_word' id='word_1_181' title='bbox 555 2899 623 2974; x_wconf 89' lang='lat' dir='ltr'>ipsa</span> <span class='ocrx_word' id='word_1_182' title='bbox 645 2898 775 2957; x_wconf 90' lang='lat' dir='ltr'>ecclesia</span> <span class='ocrx_word' id='word_1_183' title='bbox 798 2914 855 2972; x_wconf 90' lang='lat' dir='ltr'>per</span> <span class='ocrx_word' id='word_1_184' title='bbox 877 2899 983 2973; x_wconf 91' lang='lat' dir='ltr'>ipsum</span> <span class='ocrx_word' id='word_1_185' title='bbox 1005 2899 1154 2972; x_wconf 88' lang='lat' dir='ltr'>instituto,</span> <span class='ocrx_word' id='word_1_186' title='bbox 1177 2900 1316 2975; x_wconf 90' lang='lat' dir='ltr'>capitulo</span> <span class='ocrx_word' id='word_1_187' title='bbox 1339 2899 1481 2974; x_wconf 91' lang='lat' dir='ltr'>predicto</span> <span class='ocrx_word' id='word_1_188' title='bbox 1500 2906 1532 2962; x_wconf 87' lang='lat' dir='ltr'>et</span> <span class='ocrx_word' id='word_1_189' title='bbox 1553 2906 1651 2959; x_wconf 89' lang='lat' dir='ltr'>recto·</span> 
     </span>
     <span class='ocr_line' id='line_1_23' title="bbox 386 3003 1650 3080; baseline 0 -16"><span class='ocrx_word' id='word_1_190' title='bbox 386 3006 474 3064; x_wconf 91' lang='lat' dir='ltr'>ribus</span> <span class='ocrx_word' id='word_1_191' title='bbox 497 3005 594 3080; x_wconf 91' lang='lat' dir='ltr'>ipsius</span> <span class='ocrx_word' id='word_1_192' title='bbox 625 3004 733 3064; x_wconf 88' lang='lat' dir='ltr'>altaris</span> <span class='ocrx_word' id='word_1_193' title='bbox 763 3003 875 3062; x_wconf 90' lang='lat' dir='ltr'>donate</span> <span class='ocrx_word' id='word_1_194' title='bbox 909 3005 1090 3078; x_wconf 88' lang='lat' dir='ltr'>extitissent,</span> <span class='ocrx_word' id='word_1_195' title='bbox 1124 3011 1154 3064; x_wconf 90' lang='lat' dir='ltr'>et</span> <span class='ocrx_word' id='word_1_196' title='bbox 1185 3021 1319 3080; x_wconf 90' lang='lat' dir='ltr'>quorum</span> <span class='ocrx_word' id='word_1_197' title='bbox 1350 3005 1524 3064; x_wconf 90' lang='lat' dir='ltr'>dominium</span> <span class='ocrx_word' id='word_1_198' title='bbox 1555 3011 1650 3080; x_wconf 85' lang='lat' dir='ltr'>atque</span> 
     </span>
     <span class='ocr_line' id='line_1_24' title="bbox 386 3111 1651 3187; baseline 0.001 -18"><span class='ocrx_word' id='word_1_199' title='bbox 386 3111 550 3186; x_wconf 88' lang='lat' dir='ltr'>pacificam</span> <span class='ocrx_word' id='word_1_200' title='bbox 572 3111 800 3186; x_wconf 92' lang='lat' dir='ltr'>possessionem</span> <span class='ocrx_word' id='word_1_201' title='bbox 824 3111 909 3170; x_wconf 91' lang='lat' dir='ltr'>idem</span> <span class='ocrx_word' id='word_1_202' title='bbox 932 3113 1106 3186; x_wconf 91' lang='lat' dir='ltr'>capitulum</span> <span class='ocrx_word' id='word_1_203' title='bbox 1128 3117 1159 3170; x_wconf 88' lang='lat' dir='ltr'>et</span> <span class='ocrx_word' id='word_1_204' title='bbox 1184 3119 1319 3170; x_wconf 89' lang='lat' dir='ltr'>rectores</span> <span class='ocrx_word' id='word_1_205' title='bbox 1342 3113 1441 3187; x_wconf 88' lang='lat' dir='ltr'>ipsius</span> <span class='ocrx_word' id='word_1_206' title='bbox 1463 3112 1571 3172; x_wconf 90' lang='lat' dir='ltr'>altaris</span> <span class='ocrx_word' id='word_1_207' title='bbox 1594 3129 1651 3187; x_wconf 93' lang='lat' dir='ltr'>per</span> 
     </span>
     <span class='ocr_line' id='line_1_25' title="bbox 387 3217 1650 3302; baseline 0 -26"><span class='ocrx_word' id='word_1_208' title='bbox 387 3225 487 3276; x_wconf 91' lang='lat' dir='ltr'>totum</span> <span class='ocrx_word' id='word_1_209' title='bbox 509 3223 634 3291; x_wconf 92' lang='lat' dir='ltr'>tempus</span> <span class='ocrx_word' id='word_1_210' title='bbox 656 3217 754 3293; x_wconf 88' lang='lat' dir='ltr'>ipsius</span> <span class='ocrx_word' id='word_1_211' title='bbox 776 3217 909 3276; x_wconf 86' lang='lat' dir='ltr'>condam</span> <span class='ocrx_word' id='word_1_212' title='bbox 933 3218 1052 3276; x_wconf 92' lang='lat' dir='ltr'>domini</span> <span class='ocrx_word' id='word_1_213' title='bbox 1073 3218 1223 3302; x_wconf 90' lang='lat' dir='ltr'>Johannis</span> <span class='ocrx_word' id='word_1_214' title='bbox 1243 3217 1383 3293; x_wconf 89' lang='lat' dir='ltr'>episcopi</span> <span class='ocrx_word' id='word_1_215' title='bbox 1401 3219 1589 3292; x_wconf 90' lang='lat' dir='ltr'>habuissent,</span> <span class='ocrx_word' id='word_1_216' title='bbox 1609 3220 1650 3277; x_wconf 91' lang='lat' dir='ltr'>ab</span> 
     </span>
     <span class='ocr_line' id='line_1_26' title="bbox 386 3319 1650 3400; baseline 0.001 -18"><span class='ocrx_word' id='word_1_217' title='bbox 386 3323 503 3382; x_wconf 91' lang='lat' dir='ltr'>eisdem</span> <span class='ocrx_word' id='word_1_218' title='bbox 524 3319 646 3381; x_wconf 82' lang='lat' dir='ltr'>auferre</span> <span class='ocrx_word' id='word_1_219' title='bbox 662 3328 692 3381; x_wconf 91' lang='lat' dir='ltr'>et</span> <span class='ocrx_word' id='word_1_220' title='bbox 707 3323 746 3380; x_wconf 90' lang='lat' dir='ltr'>ad</span> <span class='ocrx_word' id='word_1_221' title='bbox 763 3327 900 3382; x_wconf 89' lang='lat' dir='ltr'>castrum</span> <span class='ocrx_word' id='word_1_222' title='bbox 923 3323 1043 3382; x_wconf 88' lang='lat' dir='ltr'>Medwe</span> <span class='ocrx_word' id='word_1_223' title='bbox 1065 3325 1227 3399; x_wconf 90' lang='lat' dir='ltr'>applicare</span> <span class='ocrx_word' id='word_1_224' title='bbox 1250 3330 1281 3382; x_wconf 90' lang='lat' dir='ltr'>et</span> <span class='ocrx_word' id='word_1_225' title='bbox 1300 3329 1462 3383; x_wconf 90' lang='lat' dir='ltr'>annectere</span> <span class='ocrx_word' id='word_1_226' title='bbox 1477 3331 1650 3400; x_wconf 84' lang='lat' dir='ltr'>conaretur,</span> 
     </span>
     <span class='ocr_line' id='line_1_27' title="bbox 384 3428 1649 3506; baseline 0.002 -19"><span class='ocrx_word' id='word_1_227' title='bbox 384 3431 525 3504; x_wconf 87' lang='lat' dir='ltr'>allegans</span> <span class='ocrx_word' id='word_1_228' title='bbox 556 3430 622 3504; x_wconf 90' lang='lat' dir='ltr'>ipse</span> <span class='ocrx_word' id='word_1_229' title='bbox 656 3428 819 3501; x_wconf 89' lang='lat' dir='ltr'>Rodolfus,</span> <span class='ocrx_word' id='word_1_230' title='bbox 851 3435 944 3504; x_wconf 90' lang='lat' dir='ltr'>prout</span> <span class='ocrx_word' id='word_1_231' title='bbox 967 3437 997 3489; x_wconf 92' lang='lat' dir='ltr'>et</span> <span class='ocrx_word' id='word_1_232' title='bbox 1016 3445 1123 3488; x_wconf 90' lang='lat' dir='ltr'>coram</span> <span class='ocrx_word' id='word_1_233' title='bbox 1145 3431 1236 3489; x_wconf 89' lang='lat' dir='ltr'>nobis</span> <span class='ocrx_word' id='word_1_234' title='bbox 1259 3431 1467 3506; x_wconf 90' lang='lat' dir='ltr'>personaliter</span> <span class='ocrx_word' id='word_1_235' title='bbox 1488 3431 1649 3505; x_wconf 82' lang='lat' dir='ltr'>allegavit,</span> 
     </span>
     <span class='ocr_line' id='line_1_28' title="bbox 386 3534 1649 3611; baseline 0.002 -17"><span class='ocrx_word' id='word_1_236' title='bbox 386 3535 502 3594; x_wconf 89' lang='lat' dir='ltr'>dictam</span> <span class='ocrx_word' id='word_1_237' title='bbox 525 3535 635 3593; x_wconf 89' lang='lat' dir='ltr'>villam</span> <span class='ocrx_word' id='word_1_238' title='bbox 659 3550 694 3592; x_wconf 92' lang='lat' dir='ltr'>ac</span> <span class='ocrx_word' id='word_1_239' title='bbox 717 3534 870 3596; x_wconf 88' lang='lat' dir='ltr'>tributum</span> <span class='ocrx_word' id='word_1_240' title='bbox 892 3535 932 3594; x_wconf 91' lang='lat' dir='ltr'>ad</span> <span class='ocrx_word' id='word_1_241' title='bbox 955 3536 1060 3611; x_wconf 89' lang='lat' dir='ltr'>ipsum</span> <span class='ocrx_word' id='word_1_242' title='bbox 1083 3542 1220 3596; x_wconf 90' lang='lat' dir='ltr'>castrum</span> <span class='ocrx_word' id='word_1_243' title='bbox 1243 3536 1363 3596; x_wconf 89' lang='lat' dir='ltr'>Medwe</span> <span class='ocrx_word' id='word_1_244' title='bbox 1394 3553 1518 3610; x_wconf 89' lang='lat' dir='ltr'>semper</span> <span class='ocrx_word' id='word_1_245' title='bbox 1548 3543 1579 3598; x_wconf 90' lang='lat' dir='ltr'>et</span> <span class='ocrx_word' id='word_1_246' title='bbox 1608 3537 1649 3596; x_wconf 93' lang='lat' dir='ltr'>ab</span> 
     </span>
     <span class='ocr_line' id='line_1_29' title="bbox 386 3641 1650 3725; baseline 0.003 -26"><span class='ocrx_word' id='word_1_247' title='bbox 386 3643 512 3716; x_wconf 90' lang='lat' dir='ltr'>antiquo</span> <span class='ocrx_word' id='word_1_248' title='bbox 544 3641 735 3725; x_wconf 84' lang='lat' dir='ltr'>pertinuisse,</span> <span class='ocrx_word' id='word_1_249' title='bbox 771 3647 801 3699; x_wconf 90' lang='lat' dir='ltr'>et</span> <span class='ocrx_word' id='word_1_250' title='bbox 835 3642 939 3715; x_wconf 89' lang='lat' dir='ltr'>ipsum</span> <span class='ocrx_word' id='word_1_251' title='bbox 974 3643 1107 3701; x_wconf 90' lang='lat' dir='ltr'>condam</span> <span class='ocrx_word' id='word_1_252' title='bbox 1141 3642 1304 3702; x_wconf 90' lang='lat' dir='ltr'>dominum</span> <span class='ocrx_word' id='word_1_253' title='bbox 1326 3643 1544 3702; x_wconf 92' lang='lat' dir='ltr'>Eberhardum</span> <span class='ocrx_word' id='word_1_254' title='bbox 1568 3645 1650 3720; x_wconf 90' lang='lat' dir='ltr'>epis·</span> 
     </span>
     <span class='ocr_line' id='line_1_30' title="bbox 386 3746 1649 3824; baseline 0.002 -18"><span class='ocrx_word' id='word_1_255' title='bbox 386 3763 501 3823; x_wconf 91' lang='lat' dir='ltr'>copum</span> <span class='ocrx_word' id='word_1_256' title='bbox 535 3749 567 3805; x_wconf 90' lang='lat' dir='ltr'>in</span> <span class='ocrx_word' id='word_1_257' title='bbox 601 3747 808 3824; x_wconf 85' lang='lat' dir='ltr'>preiudicium</span> <span class='ocrx_word' id='word_1_258' title='bbox 843 3749 892 3806; x_wconf 92' lang='lat' dir='ltr'>sui</span> <span class='ocrx_word' id='word_1_259' title='bbox 920 3746 998 3824; x_wconf 90' lang='lat' dir='ltr'>juris</span> <span class='ocrx_word' id='word_1_260' title='bbox 1028 3748 1209 3806; x_wconf 90' lang='lat' dir='ltr'>huiusmodi</span> <span class='ocrx_word' id='word_1_261' title='bbox 1233 3748 1474 3824; x_wconf 91' lang='lat' dir='ltr'>disposicionem</span> <span class='ocrx_word' id='word_1_262' title='bbox 1497 3749 1536 3808; x_wconf 91' lang='lat' dir='ltr'>de</span> <span class='ocrx_word' id='word_1_263' title='bbox 1559 3750 1649 3810; x_wconf 89' lang='lat' dir='ltr'>dictis</span> 
     </span>
     <span class='ocr_line' id='line_1_31' title="bbox 386 3852 1649 3929; baseline 0.002 -18"><span class='ocrx_word' id='word_1_264' title='bbox 386 3855 464 3912; x_wconf 92' lang='lat' dir='ltr'>villa</span> <span class='ocrx_word' id='word_1_265' title='bbox 495 3858 526 3912; x_wconf 91' lang='lat' dir='ltr'>et</span> <span class='ocrx_word' id='word_1_266' title='bbox 555 3853 672 3912; x_wconf 91' lang='lat' dir='ltr'>tributo</span> <span class='ocrx_word' id='word_1_267' title='bbox 702 3853 804 3912; x_wconf 87' lang='lat' dir='ltr'>facere</span> <span class='ocrx_word' id='word_1_268' title='bbox 830 3869 891 3912; x_wconf 94' lang='lat' dir='ltr'>non</span> <span class='ocrx_word' id='word_1_269' title='bbox 915 3856 1060 3929; x_wconf 91' lang='lat' dir='ltr'>potuisse,</span> <span class='ocrx_word' id='word_1_270' title='bbox 1084 3852 1345 3912; x_wconf 86' lang='lat' dir='ltr'>mandaveramus</span> <span class='ocrx_word' id='word_1_271' title='bbox 1368 3871 1426 3928; x_wconf 93' lang='lat' dir='ltr'>per</span> <span class='ocrx_word' id='word_1_272' title='bbox 1448 3859 1568 3914; x_wconf 88' lang='lat' dir='ltr'>nostras</span> <span class='ocrx_word' id='word_1_273' title='bbox 1598 3856 1649 3914; x_wconf 91' lang='lat' dir='ltr'>lit·</span> 
     </span>
     <span class='ocr_line' id='line_1_32' title="bbox 385 3947 1648 4034; baseline 0.002 -16"><span class='ocrx_word' id='word_1_274' title='bbox 385 3947 466 4018; x_wconf 77' lang='lat' dir='ltr'>ter&#39;as</span> <span class='ocrx_word' id='word_1_275' title='bbox 500 3959 665 4034; x_wconf 86' lang='lat' dir='ltr'>spectabili</span> <span class='ocrx_word' id='word_1_276' title='bbox 702 3969 732 4017; x_wconf 92' lang='lat' dir='ltr'>et</span> <span class='ocrx_word' id='word_1_277' title='bbox 767 3961 934 4033; x_wconf 89' lang='lat' dir='ltr'>magnifico</span> <span class='ocrx_word' id='word_1_278' title='bbox 969 3963 1148 4020; x_wconf 90' lang='lat' dir='ltr'>Hermanno</span> <span class='ocrx_word' id='word_1_279' title='bbox 1182 3960 1262 4018; x_wconf 86' lang='lat' dir='ltr'>Cilic</span> <span class='ocrx_word' id='word_1_280' title='bbox 1299 3967 1330 4018; x_wconf 92' lang='lat' dir='ltr'>et</span> <span class='ocrx_word' id='word_1_281' title='bbox 1370 3961 1500 4034; x_wconf 88' lang='lat' dir='ltr'>Zagorie</span> <span class='ocrx_word' id='word_1_282' title='bbox 1533 3961 1648 4034; x_wconf 91' lang='lat' dir='ltr'>comiti,</span> 
     </span>
     <span class='ocr_line' id='line_1_33' title="bbox 386 4065 1649 4141; baseline 0.002 -17"><span class='ocrx_word' id='word_1_283' title='bbox 386 4067 545 4140; x_wconf 91' lang='lat' dir='ltr'>nostrique</span> <span class='ocrx_word' id='word_1_284' title='bbox 568 4067 655 4139; x_wconf 86' lang='lat' dir='ltr'>regni</span> <span class='ocrx_word' id='word_1_285' title='bbox 678 4065 842 4126; x_wconf 90' lang='lat' dir='ltr'>Sclauonie</span> <span class='ocrx_word' id='word_1_286' title='bbox 864 4068 956 4140; x_wconf 91' lang='lat' dir='ltr'>bano,</span> <span class='ocrx_word' id='word_1_287' title='bbox 980 4081 1086 4126; x_wconf 90' lang='lat' dir='ltr'>socero</span> <span class='ocrx_word' id='word_1_288' title='bbox 1109 4073 1226 4141; x_wconf 90' lang='lat' dir='ltr'>nostro,</span> <span class='ocrx_word' id='word_1_289' title='bbox 1250 4071 1285 4124; x_wconf 93' lang='lat' dir='ltr'>ut</span> <span class='ocrx_word' id='word_1_290' title='bbox 1314 4081 1440 4125; x_wconf 90' lang='lat' dir='ltr'>causam</span> <span class='ocrx_word' id='word_1_291' title='bbox 1469 4067 1649 4127; x_wconf 89' lang='lat' dir='ltr'>huiusmodi</span> 
     </span>
     <span class='ocr_line' id='line_1_34' title="bbox 386 4173 1648 4248; baseline 0 -16"><span class='ocrx_word' id='word_1_292' title='bbox 386 4174 615 4232; x_wconf 89' lang='lat' dir='ltr'>testamentarie</span> <span class='ocrx_word' id='word_1_293' title='bbox 646 4173 861 4246; x_wconf 90' lang='lat' dir='ltr'>disposicionis</span> <span class='ocrx_word' id='word_1_294' title='bbox 892 4180 922 4232; x_wconf 90' lang='lat' dir='ltr'>et</span> <span class='ocrx_word' id='word_1_295' title='bbox 952 4175 1049 4233; x_wconf 91' lang='lat' dir='ltr'>eciam</span> <span class='ocrx_word' id='word_1_296' title='bbox 1073 4173 1279 4232; x_wconf 88' lang='lat' dir='ltr'>ordinacionis</span> <span class='ocrx_word' id='word_1_297' title='bbox 1302 4173 1415 4248; x_wconf 90' lang='lat' dir='ltr'>prefati</span> <span class='ocrx_word' id='word_1_298' title='bbox 1438 4173 1571 4234; x_wconf 88' lang='lat' dir='ltr'>condam</span> <span class='ocrx_word' id='word_1_299' title='bbox 1593 4173 1648 4232; x_wconf 91' lang='lat' dir='ltr'>do·</span> 
     </span>
     <span class='ocr_line' id='line_1_35' title="bbox 385 4278 1648 4355; baseline 0.001 -18"><span class='ocrx_word' id='word_1_300' title='bbox 385 4281 462 4338; x_wconf 91' lang='lat' dir='ltr'>mini</span> <span class='ocrx_word' id='word_1_301' title='bbox 485 4279 658 4338; x_wconf 90' lang='lat' dir='ltr'>Eberhardi</span> <span class='ocrx_word' id='word_1_302' title='bbox 692 4280 830 4354; x_wconf 92' lang='lat' dir='ltr'>episcopi</span> <span class='ocrx_word' id='word_1_303' title='bbox 862 4295 957 4354; x_wconf 90' lang='lat' dir='ltr'>super</span> <span class='ocrx_word' id='word_1_304' title='bbox 978 4279 1138 4355; x_wconf 89' lang='lat' dir='ltr'>premissis</span> <span class='ocrx_word' id='word_1_305' title='bbox 1160 4281 1254 4338; x_wconf 89' lang='lat' dir='ltr'>rebus</span> <span class='ocrx_word' id='word_1_306' title='bbox 1277 4280 1356 4338; x_wconf 92' lang='lat' dir='ltr'>inter</span> <span class='ocrx_word' id='word_1_307' title='bbox 1377 4278 1541 4338; x_wconf 89' lang='lat' dir='ltr'>iamfatum</span> <span class='ocrx_word' id='word_1_308' title='bbox 1564 4279 1648 4354; x_wconf 92' lang='lat' dir='ltr'>capi·</span> 
     </span>
     <span class='ocr_line' id='line_1_36' title="bbox 385 4385 1649 4460; baseline 0.002 -17"><span class='ocrx_word' id='word_1_309' title='bbox 385 4387 487 4443; x_wconf 93' lang='lat' dir='ltr'>tulum</span> <span class='ocrx_word' id='word_1_310' title='bbox 510 4385 711 4458; x_wconf 90' lang='lat' dir='ltr'>zagrabiense</span> <span class='ocrx_word' id='word_1_311' title='bbox 735 4391 765 4443; x_wconf 90' lang='lat' dir='ltr'>et</span> <span class='ocrx_word' id='word_1_312' title='bbox 787 4391 923 4445; x_wconf 90' lang='lat' dir='ltr'>rectores</span> <span class='ocrx_word' id='word_1_313' title='bbox 946 4386 1054 4445; x_wconf 88' lang='lat' dir='ltr'>altaris</span> <span class='ocrx_word' id='word_1_314' title='bbox 1076 4386 1231 4460; x_wconf 90' lang='lat' dir='ltr'>prenotati</span> <span class='ocrx_word' id='word_1_315' title='bbox 1253 4401 1291 4444; x_wconf 91' lang='lat' dir='ltr'>ex</span> <span class='ocrx_word' id='word_1_316' title='bbox 1314 4401 1376 4444; x_wconf 90' lang='lat' dir='ltr'>una</span> <span class='ocrx_word' id='word_1_317' title='bbox 1408 4401 1444 4444; x_wconf 92' lang='lat' dir='ltr'>ac</span> <span class='ocrx_word' id='word_1_318' title='bbox 1473 4385 1649 4460; x_wconf 85' lang='lat' dir='ltr'>sepefatum</span> 
     </span>
     <span class='ocr_line' id='line_1_37' title="bbox 384 4490 1648 4567; baseline 0.002 -19"><span class='ocrx_word' id='word_1_319' title='bbox 384 4490 556 4549; x_wconf 87' lang='lat' dir='ltr'>Rodolfum</span> <span class='ocrx_word' id='word_1_320' title='bbox 579 4507 617 4549; x_wconf 90' lang='lat' dir='ltr'>ex</span> <span class='ocrx_word' id='word_1_321' title='bbox 640 4491 738 4549; x_wconf 91' lang='lat' dir='ltr'>altera</span> <span class='ocrx_word' id='word_1_322' title='bbox 760 4492 903 4565; x_wconf 88' lang='lat' dir='ltr'>partibus</span> <span class='ocrx_word' id='word_1_323' title='bbox 927 4493 1076 4564; x_wconf 87' lang='lat' dir='ltr'>habitam,</span> <span class='ocrx_word' id='word_1_324' title='bbox 1099 4493 1235 4551; x_wconf 91' lang='lat' dir='ltr'>evocatis</span> <span class='ocrx_word' id='word_1_325' title='bbox 1258 4493 1376 4552; x_wconf 90' lang='lat' dir='ltr'>eisdem</span> <span class='ocrx_word' id='word_1_326' title='bbox 1398 4494 1447 4552; x_wconf 91' lang='lat' dir='ltr'>sui</span> <span class='ocrx_word' id='word_1_327' title='bbox 1469 4493 1501 4552; x_wconf 92' lang='lat' dir='ltr'>in</span> <span class='ocrx_word' id='word_1_328' title='bbox 1523 4509 1648 4567; x_wconf 91' lang='lat' dir='ltr'>presen-</span> 
     </span>
     <span class='ocr_line' id='line_1_38' title="bbox 385 4597 1648 4683; baseline 0.002 -28"><span class='ocrx_word' id='word_1_329' title='bbox 385 4598 466 4655; x_wconf 86' lang='lat' dir='ltr'>ciam</span> <span class='ocrx_word' id='word_1_330' title='bbox 489 4603 519 4655; x_wconf 94' lang='lat' dir='ltr'>et</span> <span class='ocrx_word' id='word_1_331' title='bbox 542 4598 644 4656; x_wconf 89' lang='lat' dir='ltr'>revisa</span> <span class='ocrx_word' id='word_1_332' title='bbox 668 4599 771 4656; x_wconf 91' lang='lat' dir='ltr'>littera</span> <span class='ocrx_word' id='word_1_333' title='bbox 795 4599 970 4657; x_wconf 87' lang='lat' dir='ltr'>testamenti</span> <span class='ocrx_word' id='word_1_334' title='bbox 993 4597 1068 4658; x_wconf 90' lang='lat' dir='ltr'>dicti</span> <span class='ocrx_word' id='word_1_335' title='bbox 1090 4598 1221 4658; x_wconf 90' lang='lat' dir='ltr'>condam</span> <span class='ocrx_word' id='word_1_336' title='bbox 1246 4598 1365 4658; x_wconf 91' lang='lat' dir='ltr'>domini</span> <span class='ocrx_word' id='word_1_337' title='bbox 1387 4599 1536 4683; x_wconf 91' lang='lat' dir='ltr'>Johannis</span> <span class='ocrx_word' id='word_1_338' title='bbox 1567 4599 1648 4673; x_wconf 90' lang='lat' dir='ltr'>epis-</span> 
     </span>
     <span class='ocr_line' id='line_1_39' title="bbox 385 4703 1647 4781; baseline 0.002 -20"><span class='ocrx_word' id='word_1_339' title='bbox 385 4704 465 4777; x_wconf 92' lang='lat' dir='ltr'>copi,</span> <span class='ocrx_word' id='word_1_340' title='bbox 501 4705 672 4777; x_wconf 86' lang='lat' dir='ltr'>ceterisque</span> <span class='ocrx_word' id='word_1_341' title='bbox 705 4703 826 4780; x_wconf 84' lang='lat' dir='ltr'>juribus</span> <span class='ocrx_word' id='word_1_342' title='bbox 860 4719 916 4762; x_wconf 91' lang='lat' dir='ltr'>nec</span> <span class='ocrx_word' id='word_1_343' title='bbox 949 4719 1011 4763; x_wconf 92' lang='lat' dir='ltr'>non</span> <span class='ocrx_word' id='word_1_344' title='bbox 1045 4706 1315 4781; x_wconf 92' lang='lat' dir='ltr'>proposicionibus</span> <span class='ocrx_word' id='word_1_345' title='bbox 1349 4711 1380 4764; x_wconf 94' lang='lat' dir='ltr'>et</span> <span class='ocrx_word' id='word_1_346' title='bbox 1402 4705 1647 4779; x_wconf 86' lang='lat' dir='ltr'>allegacionibus</span> 
     </span>
     <span class='ocr_line' id='line_1_40' title="bbox 384 4809 1647 4898; baseline 0.002 -30"><span class='ocrx_word' id='word_1_347' title='bbox 384 4809 567 4868; x_wconf 89' lang='lat' dir='ltr'>earumdem</span> <span class='ocrx_word' id='word_1_348' title='bbox 601 4811 742 4884; x_wconf 90' lang='lat' dir='ltr'>parcium</span> <span class='ocrx_word' id='word_1_349' title='bbox 778 4827 849 4898; x_wconf 87' lang='lat' dir='ltr'>cum</span> <span class='ocrx_word' id='word_1_350' title='bbox 880 4811 941 4870; x_wconf 90' lang='lat' dir='ltr'>sibi</span> <span class='ocrx_word' id='word_1_351' title='bbox 963 4826 1020 4885; x_wconf 89' lang='lat' dir='ltr'>per</span> <span class='ocrx_word' id='word_1_352' title='bbox 1042 4827 1099 4870; x_wconf 90' lang='lat' dir='ltr'>nos</span> <span class='ocrx_word' id='word_1_353' title='bbox 1121 4809 1281 4884; x_wconf 90' lang='lat' dir='ltr'>adiunctis,</span> <span class='ocrx_word' id='word_1_354' title='bbox 1305 4811 1389 4884; x_wconf 92' lang='lat' dir='ltr'>visis,</span> <span class='ocrx_word' id='word_1_355' title='bbox 1412 4812 1534 4886; x_wconf 88' lang='lat' dir='ltr'>auditis,</span> <span class='ocrx_word' id='word_1_356' title='bbox 1556 4813 1647 4872; x_wconf 90' lang='lat' dir='ltr'>iutel-</span> 
     </span>
     <span class='ocr_line' id='line_1_41' title="bbox 382 4915 1648 4994; baseline 0.004 -23"><span class='ocrx_word' id='word_1_357' title='bbox 382 4917 480 4986; x_wconf 90' lang='lat' dir='ltr'>lectis‚</span> <span class='ocrx_word' id='word_1_358' title='bbox 515 4917 707 4988; x_wconf 89' lang='lat' dir='ltr'>examinatis,</span> <span class='ocrx_word' id='word_1_359' title='bbox 742 4917 906 4976; x_wconf 89' lang='lat' dir='ltr'>ruminatis</span> <span class='ocrx_word' id='word_1_360' title='bbox 937 4927 967 4976; x_wconf 90' lang='lat' dir='ltr'>et</span> <span class='ocrx_word' id='word_1_361' title='bbox 1001 4917 1147 4976; x_wconf 91' lang='lat' dir='ltr'>discussis</span> <span class='ocrx_word' id='word_1_362' title='bbox 1169 4915 1321 4994; x_wconf 74' lang='lat' dir='ltr'>Judiearet</span> <span class='ocrx_word' id='word_1_363' title='bbox 1344 4933 1380 4976; x_wconf 93' lang='lat' dir='ltr'>ac</span> <span class='ocrx_word' id='word_1_364' title='bbox 1402 4917 1464 4976; x_wconf 89' lang='lat' dir='ltr'>fine</span> <span class='ocrx_word' id='word_1_365' title='bbox 1487 4918 1594 4978; x_wconf 92' lang='lat' dir='ltr'>debito</span> <span class='ocrx_word' id='word_1_366' title='bbox 1616 4923 1648 4976; x_wconf 90' lang='lat' dir='ltr'>et</span> 
     </span>
     <span class='ocr_line' id='line_1_42' title="bbox 383 5022 1643 5102; baseline 0.004 -22"><span class='ocrx_word' id='word_1_367' title='bbox 383 5022 519 5081; x_wconf 82' lang='lat' dir='ltr'>decisivo</span> <span class='ocrx_word' id='word_1_368' title='bbox 543 5024 729 5097; x_wconf 88' lang='lat' dir='ltr'>terminaret,</span> <span class='ocrx_word' id='word_1_369' title='bbox 745 5031 911 5100; x_wconf 88' lang='lat' dir='ltr'>partesque</span> <span class='ocrx_word' id='word_1_370' title='bbox 934 5027 1013 5084; x_wconf 90' lang='lat' dir='ltr'>inter</span> <span class='ocrx_word' id='word_1_371' title='bbox 1036 5024 1161 5084; x_wconf 90' lang='lat' dir='ltr'>easdem</span> <span class='ocrx_word' id='word_1_372' title='bbox 1184 5027 1216 5084; x_wconf 94' lang='lat' dir='ltr'>in</span> <span class='ocrx_word' id='word_1_373' title='bbox 1236 5026 1304 5100; x_wconf 90' lang='lat' dir='ltr'>ipsa</span> <span class='ocrx_word' id='word_1_374' title='bbox 1319 5041 1411 5084; x_wconf 91' lang='lat' dir='ltr'>causa</span> <span class='ocrx_word' id='word_1_375' title='bbox 1425 5023 1494 5102; x_wconf 89' lang='lat' dir='ltr'>jure</span> <span class='ocrx_word' id='word_1_376' title='bbox 1510 5025 1643 5085; x_wconf 91' lang='lat' dir='ltr'>dictante</span> 
     </span>
    </p>
   </div>
   <div class='ocr_carea' id='block_1_3' title="bbox 0 0 1978 5804">
    <p class='ocr_par' dir='ltr' id='par_1_3' title="bbox 0 0 1978 5804">
     <span class='ocr_line' id='line_1_43' title="bbox 0 0 1978 5804; baseline 0 2"><span class='ocrx_word' id='word_1_377' title='bbox 0 0 1978 5804; x_wconf 95' lang='lat' dir='ltr'> </span> 
     </span>
    </p>
   </div>
  </div>
 </body>
</html>
