3932 5806
385 520 445 594 296
816 517 890 574 Doc.
915 530 986 593 239.
1009 550 1052 559 -
1076 517 1132 574 An.
1158 515 1249 595 1465.

382 736 535 806 tebantur,
566 740 638 792 tunc
668 734 786 791 domini
815 733 854 790 de
885 734 1022 807 capitulo
1053 733 1188 790 ecclesie·
1210 733 1417 806 zagrabiensis
1451 740 1584 807 quatuor
1607 751 1645 793 ex

381 841 457 916 ipsis
480 847 511 898 et
526 841 683 913 signanter
699 839 831 898 condam
847 839 1010 896 dominum
1027 840 1199 922 Johannem
1215 839 1375 897 doctorem
1399 845 1429 898 et
1451 838 1645 914 Stephanum

381 945 601 1016 cathedralem,
632 960 765 1003 unacum
788 945 857 1002 aliis
880 943 1011 1016 duobus,
1035 960 1130 1018 quam
1154 946 1342 1019 pocioribus,
1366 945 1547 1004 inobviam
1574 961 1647 1020 gen·

381 1053 463 1111 cium
488 1051 643 1110 dictorum
667 1051 867 1109 dominorum
889 1051 1040 1108 comitum
1057 1049 1261 1110 destinassent
1277 1057 1307 1109 et
1329 1051 1456 1110 eosdem
1478 1053 1510 1110 in
1526 1051 1642 1110 dictum

380 1159 553 1232 capitulum
577 1159 826 1225 introduxissent,
849 1157 955 1230 eisque
977 1157 1009 1215 in
1033 1156 1178 1215 domibus
1202 1164 1232 1215 et
1255 1158 1350 1215 curiis
1373 1173 1482 1216 eorum
1506 1158 1646 1232 hospicia

380 1265 483 1338 quiete
515 1269 546 1322 et
578 1263 706 1337 pacifice
736 1262 939 1334 admisissent,
966 1263 1096 1335 locaque
1121 1261 1262 1336 pixidum
1286 1261 1325 1320 ad
1349 1263 1592 1336 expugnandum
1617 1271 1648 1323 et

380 1370 646 1445 confrangendum
669 1385 796 1428 murum
820 1369 901 1427 dicte
916 1369 1049 1428 civitatis
1066 1368 1336 1440 demonstrassent,
1360 1369 1399 1427 de
1422 1371 1501 1428 turri
1519 1385 1646 1444 quoque

380 1479 522 1552 ipsorum
550 1477 583 1534 in
605 1475 687 1533 dicta
709 1476 834 1533 civitate
856 1475 963 1533 habita
980 1475 1041 1548 ipsi
1064 1473 1183 1533 domini
1199 1473 1238 1531 de
1254 1473 1337 1532 dicto
1362 1475 1501 1548 capitulo
1524 1475 1646 1532 nullam

381 1598 520 1658 pugnam
552 1597 606 1640 seu
634 1580 846 1640 defensionem
876 1596 970 1654 penes
1001 1580 1100 1638 dictos
1130 1580 1214 1638 cives
1237 1597 1295 1654 per
1319 1577 1460 1640 homines
1483 1596 1592 1640 eorum
1614 1582 1646 1640 in

380 1688 489 1747 eadem
512 1689 591 1746 turri
614 1689 795 1744 constitutos
818 1685 919 1744 facere
941 1701 1003 1744 non
1027 1685 1231 1758 admisissent,
1255 1687 1419 1761 ipsamque
1439 1688 1550 1746 turrim
1571 1687 1645 1745 sim·

381 1795 504 1869 pliciter
533 1808 592 1866 pro
623 1791 842 1850 traditamento
871 1806 996 1850 manere
1026 1791 1185 1862 fecissent;
1217 1807 1255 1849 ex
1286 1808 1421 1866 quorum
1448 1792 1645 1850 dominorum

381 1900 419 1959 de
450 1899 533 1958 dicto
563 1898 700 1972 capitulo
731 1897 989 1956 subordinacione
1019 1899 1087 1972 ipsa
1120 1898 1229 1956 civitas
1261 1905 1386 1972 recepta
1410 1905 1440 1956 et
1471 1903 1646 1972 expugnata

384 2007 500 2077 fuisset,
532 2007 615 2063 cives
646 2017 770 2077 quoque
800 2011 830 2062 et
853 2004 1075 2062 inhabitatores
1098 2003 1236 2061 eiusdem
1260 2004 1393 2062 civitatis
1417 2019 1512 2076 quam
1538 2004 1645 2078 plures

382 2113 465 2185 capti
496 2115 526 2168 et
556 2111 702 2168 omnibus
730 2111 823 2168 rebus
847 2123 955 2166 eorum
978 2110 1095 2182 privati
1117 2115 1147 2168 et
1170 2110 1297 2183 spoliati
1319 2111 1500 2182 extitissent,
1522 2109 1554 2168 in
1582 2125 1644 2183 quo

349 2286 351 2290 Α
383 2216 510 2274 domino
535 2221 642 2273 nostro
672 2216 739 2288 regi
768 2230 804 2272 ac
827 2221 892 2272 toto
915 2229 1010 2286 regno
1033 2215 1193 2288 Hungarie
1216 2221 1247 2273 et
1269 2232 1307 2273 ex
1329 2216 1446 2274 eisdem
1471 2215 1593 2274 civibus
1615 2223 1645 2273 et

382 2323 643 2382 inhabitatoribus
674 2321 754 2378 dicte
785 2321 918 2378 civitatis
949 2321 1009 2393 ipsi
1032 2317 1150 2378 domini
1174 2321 1213 2378 de
1235 2323 1373 2395 capitulo
1396 2323 1565 2396 plusquam
1593 2323 1639 2380 vi-

379 2429 457 2503 ginti
479 2428 581 2486 millia
603 2426 792 2485 florenorum
811 2425 947 2501 dampna
959 2426 1135 2484 intulissent
1158 2427 1300 2501 potencia
1315 2426 1471 2486 mediante
1494 2429 1524 2485 in
1542 2427 1646 2501 prelu-

381 2535 498 2593 dicium
530 2538 560 2590 et
590 2531 761 2607 dampnum
794 2532 934 2606 ipsorum
966 2531 1173 2590 manifestum.
1205 2532 1363 2590 Presentes
1394 2538 1498 2590 autem
1532 2533 1645 2606 sigillis

380 2640 576 2714 egregiorum
609 2637 759 2712 Stephani
790 2637 828 2696 de
860 2637 1006 2695 Becchele
1040 2636 1078 2695 de
1110 2636 1282 2696 Zelinawar
1312 2643 1343 2696 et
1373 2639 1537 2712 Augustini
1569 2637 1645 2697 dicti

379 2745 545 2818 Porkolab,
558 2745 710 2804 comitum
725 2750 902 2802 nostrorum
917 2744 1173 2817 zagrabiensium,
1189 2743 1318 2802 fecimus
1334 2745 1515 2818 consignari.
1529 2743 1644 2802 Datum

382 2852 532 2925 Zagrabie
562 2851 714 2924 vigesimo
745 2850 795 2908 die
825 2850 887 2908 diei
916 2855 1097 2907 octavarum
1131 2847 1202 2907 festi
1232 2850 1480 2924 Epiphaniamm
1514 2849 1641 2908 domini.

380 2951 493 3017 Annno
517 2955 603 3014 domi
626 2956 796 3014 millesimo
818 2955 1124 3028 quadringentesimo
1147 2957 1342 3028 sexagesimo
1364 2957 1479 3030 quinto.

396 3145 402 3156 ¹
485 3073 618 3194 On'lginale
636 3075 663 3124 in
682 3074 776 3126 charta.
796 3075 824 3123 A
844 3081 916 3138 tergo
934 3073 1044 3136 vestigia
1062 3075 1170 3122 duomm
1188 3074 1341 3138 sigillorum.
1360 3077 1393 3124 In
1410 3076 1506 3125 archiv.
1524 3075 1571 3129 lib.
1590 3091 1643 3141 reg.

381 3161 430 3198 civ.
449 3161 524 3210 angra
544 3180 550 3194 .

975 3270 1062 3336 239.

485 3376 565 3426 Anno
588 3375 662 3442 1465,
684 3387 723 3427 ro.
743 3376 835 3428 martii.
854 3377 951 3429 Budas.

386 3467 489 3526 Caram
512 3467 642 3537 Mathia,
663 3468 840 3542 Hungan'ae
862 3475 909 3526 etc.
926 3487 1000 3542 rege,
1015 3469 1200 3526 communitas
1214 3466 1342 3528 civitatis
1356 3468 1391 3526 de
1405 3470 1519 3542 magnis
1533 3471 1645 3528 &mnas

379 3557 540 3630 imponatis
556 3565 613 3631 per
634 3556 736 3614 honam
759 3557 872 3631 aliquot
892 3575 1036 3614 annorum
1057 3557 1180 3630 capituli
1200 3556 1279 3615 banis
1301 3576 1321 3613 a
1343 3559 1469 3632 capa'tulo
1485 3566 1643 3618 accusatur.

485 3684 627 3756 Mathyas
659 3681 710 3740 dei
732 3683 835 3756 gracia
858 3699 913 3742 rex
936 3684 1103 3757 Hungarie,
1126 3683 1297 3756 Dalmacie,
1320 3683 1448 3742 Croacie
1471 3691 1527 3744 etc.
1551 3685 1640 3744 Fide·

379 3789 464 3848 libus
489 3790 602 3848 nostris
633 3789 741 3847 comiti
770 3789 823 3846 vel
846 3789 1022 3847 vicecomiti
1052 3794 1083 3846 et
1112 3787 1268 3864 judicibus
1298 3790 1455 3848 nobilium
1479 3792 1644 3850 comitatus

378 3895 586 3968 zagrabiensis
608 3895 743 3954 salutem
758 3901 788 3953 et
803 3895 948 3968 graciam.
973 3895 1096 3954 Dicitur
1118 3895 1209 3953 nobis
1233 3895 1264 3953 in
1286 3896 1428 3969 personis
1445 3897 1639 3956 honorabilis

379 4001 510 4076 capituli
533 4000 661 4059 ecclesie
683 4000 900 4074 zagrabiensis,
924 3999 1008 4073 quod
1031 4001 1205 4058 anthonius
1228 3997 1330 4075 judex,
1353 4003 1504 4061 Martinus
1527 4004 1642 4077 Marty-

378 4124 460 4181 necz,
488 4107 644 4193 Johannes
674 4107 853 4180 Perowych,
876 4105 1059 4165 Valentinus
1082 4105 1252 4179 Sarawych
1273 4105 1356 4181 dicti,
1379 4107 1515 4175 Rawser,
1537 4109 1644 4168 Dioni·

379 4213 442 4272 sius
470 4219 579 4286 sartor,
611 4213 726 4272 Paulus
756 4218 786 4272 et
816 4212 998 4271 Benedictus
1020 4211 1180 4284 aurifabri,
1204 4211 1350 4270 Clemens
1373 4213 1519 4286 carnifex,
1543 4213 1643 4274 Simu·

378 4321 519 4393 nowych,
542 4320 664 4392 Kamis,
680 4317 854 4394 Stephanus
870 4325 964 4393 sutor,
983 4319 1119 4403 Jacobus
1138 4319 1282 4377 similiter
1296 4325 1392 4392 sutor,
1408 4319 1528 4378 Blasius
1543 4325 1645 4380 sartor

381 4423 547 4499 Philippus
581 4430 683 4496 sutor,
710 4425 808 4484 Lucas
839 4425 983 4484 similiter
1009 4429 1111 4496 sutor,
1138 4421 1258 4482 Benche
1293 4423 1441 4498 decanus,
1470 4425 1644 4486 anthonius

379 4533 473 4602 sutor,
497 4529 703 4605 Stephanych,
726 4531 846 4590 Blasius
861 4546 1002 4606 arcupar,
1026 4530 1182 4604 Plathnar,
1206 4529 1387 4589 Benedictus
1409 4531 1540 4606 institor,
1564 4533 1643 4592 Lau·

378 4636 498 4696 rencius
527 4635 637 4714 judex,
669 4637 801 4696 Michael
831 4637 970 4712 pellifex,
1001 4637 1121 4696 Blasius
1152 4637 1354 4710 Wythezych,
1384 4637 1563 4713 Phillippus
1598 4640 1643 4698 in·

274 4745 277 4752 '
379 4743 476 4816 stitor,
506 4743 649 4813 Michael,
679 4745 764 4803 filius
795 4744 959 4817 Valentini,
992 4745 1133 4818 Mathyas
1163 4758 1304 4818 arcupar,
1328 4743 1464 4802 Tuomas
1491 4742 1641 4818 frenipar,

377 4849 555 4908 Demetrius
584 4853 693 4921 sartor,
724 4850 844 4908 Blasius
873 4851 1003 4922 institor,
1033 4850 1128 4910 Pazar
1150 4851 1280 4922 institor,
1313 4847 1466 4923 Georgius
1497 4849 1642 4925 pellifex,

378 4955 518 5028 Hansycz
541 4954 672 5028 institor,
694 4955 830 5015 Thomas
847 4955 1001 5030 Chyeden,
1018 4957 1166 5016 Nicolaus
1182 4957 1348 5031 aurifaber,
1373 4957 1480 5016 relicta
1504 4957 1640 5031 Mathye,
