3930 5802
718 565 792 624 Dec.
815 579 879 642 113.
905 597 947 608 —
971 565 1029 624 An.
1053 559 1145 643 1438.

889 773 955 842 lla.

393 935 474 986 Anno
496 936 570 1000 1438,
591 949 632 1000 31.
649 935 768 1002 januarii.
788 935 936 1000 Zograbiae.

294 1061 450 1121 Comitatus
471 1063 591 1137 aagrab,
613 1063 720 1122 civibus
735 1062 921 1137 precantibus
942 1061 1152 1136 inquisitionem
1175 1061 1209 1118 dc
1230 1062 1350 1138 injurit's
1371 1081 1391 1120 a
1416 1062 1555 1121 Vilkclmc

288 1170 445 1227 castellane
474 1169 600 1228 cecitatis
633 1170 736 1227 montes
772 1167 927 1227 Grecensis
956 1168 1048 1225 illaa's
1078 1185 1098 1224 a
1119 1185 1149 1226 se
1171 1185 1230 1227 esse
1251 1170 1431 1228 constitutam
1452 1171 1553 1246 refert,

636 1293 784 1350 omnesque
806 1275 1000 1333 accusationes
1013 1275 1097 1349 facit
1115 1281 1206 1332 ratas.

393 1417 458 1476 Nos
480 1417 627 1476 Nicolaus
653 1417 739 1476 filius
762 1418 906 1492 Gregorii
929 1418 967 1477 de
997 1418 1125 1494 Gepew,
1156 1433 1259 1477 comes
1290 1434 1326 1477 ac
1347 1416 1442 1495 judex
1464 1421 1553 1481 nobi-

288 1524 368 1582 lium
393 1525 558 1583 comitatus
585 1527 800 1598 zagrabiensis.
825 1526 975 1585 Memorie
998 1526 1262 1599 commendamus,
1286 1526 1371 1600 quod
1402 1544 1474 1586 cum
1496 1545 1553 1587 nos

288 1631 328 1690 ad
352 1632 517 1690 instantem
539 1632 723 1706 peticionem
739 1631 857 1708 judicis,
873 1631 1045 1708 juratorum
1061 1640 1092 1691 et
1112 1634 1209 1692 tocius
1232 1634 1463 1693 communitatis
1477 1635 1553 1694 civi·

288 1739 360 1796 tatis
383 1738 498 1797 montis
522 1737 683 1798 Grecensis
707 1738 744 1797 de
768 1739 854 1798 iuxta
889 1738 1082 1813 Zagrabiam,
1116 1739 1273 1798 Thomam
1307 1739 1479 1798 litteratum
1513 1737 1552 1799 de

287 1844 503 1917 Domagouich
519 1860 555 1902 ac
578 1844 757 1918 Georgium,
773 1845 875 1904 filium
899 1847 1039 1904 Matheus
1062 1846 1101 1904 de
1131 1845 1328 1918 Sythomeria
1363 1849 1393 1904 et
1414 1846 1551 1919 Petrum,

288 1949 391 2008 filium
414 1951 563 2034 Johannis
582 1951 620 2008 de
642 1949 764 2024 Sythar,
787 1956 851 2010 tres
873 1967 911 2010 ex
933 1952 1024 2010 nobis
1045 1951 1163 2010 scilicet
1192 1948 1309 2026 judices
1331 1951 1489 2010 nobilium
1511 1951 1552 2010 ad

288 2055 520 2131 infrascriptam
543 2057 776 2132 inquisicionem
802 2057 975 2116 faciendam
998 2057 1037 2114 de
1059 2056 1132 2114 sede
1154 2061 1259 2115 nostra
1281 2054 1443 2133 judiciaria
1463 2058 1551 2132 legit·

289 2163 364 2221 time
388 2163 643 2234 destinassemus,
669 2163 724 2238 qui
745 2163 873 2222 demum
904 2163 1014 2222 exinde
1048 2161 1088 2220 ad
1111 2177 1167 2221 nos
1201 2163 1319 2220 reversi
1354 2162 1551 2223 uniformiter

288 2269 468 2341 retulerunt,
492 2269 577 2343 quod
599 2270 662 2344 ipsi
684 2271 725 2327 ab
748 2270 903 2341 omnibus,
920 2269 1033 2343 quibus
1057 2267 1209 2327 decuisset
1231 2275 1262 2326 et
1283 2269 1421 2326 licuisset
1443 2270 1551 2344 palam

288 2383 318 2434 et
340 2376 459 2434 occulte
492 2375 658 2448 diligenter
689 2375 882 2450 inquirendo,
916 2375 1011 2433 talem
1045 2374 1084 2433 de
1117 2374 1322 2448 infrascriptis
1356 2376 1552 2436 rescivissent

288 2481 469 2541 veritatem:
495 2483 653 2556 quomodo
669 2483 860 2540 Wilhelmus
884 2483 1086 2556 theutonicus
1107 2481 1292 2539 castellanus
1315 2482 1408 2540 castri
1430 2482 1550 2541 Medwe

288 2603 326 2646 ex
349 2588 435 2658 scitu,
459 2589 588 2647 consilio
611 2594 641 2646 et
664 2588 812 2646 mandato
835 2588 1006 2647 illustrium
1023 2587 1201 2662 principum
1221 2586 1421 2646 dominorum
1443 2588 1550 2647 Fride·

285 2693 350 2765 rici,
374 2694 461 2766 Cilie,
485 2695 679 2770 Ortenburge
702 2699 732 2753 et
755 2695 883 2768 Zagorie
906 2695 1057 2752 comitum
1080 2709 1115 2752 ac
1139 2693 1238 2752 Vlrici
1258 2694 1402 2752 similiter
1417 2696 1548 2769 comitis,

287 2799 425 2858 eiusdem
449 2801 569 2861 domini
590 2803 739 2861 Friderici
754 2801 821 2873 filii,
838 2800 1036 2859 dominorum
1059 2814 1195 2870 suorum,
1209 2799 1364 2858 diabolico
1387 2801 1549 2876 instigatus

287 2907 546 2980 machinamento,
570 2916 681 2966 octavo
704 2909 754 2967 die
778 2907 849 2966 sesti
871 2908 955 2966 beati
979 2907 1102 2966 Andree
1132 2907 1276 2980 apostoli,
1307 2907 1450 2981 proxime
1479 2923 1548 2982 pre·

285 3012 377 3080 teriti,
400 3013 502 3071 missis
527 3019 557 3072 et
579 3013 739 3072 destinatis
771 3013 961 3088 quibusdam
984 3011 1193 3071 familiaribus
1216 3012 1279 3070 suis
1302 3013 1435 3090 armatis,
1463 3015 1549 3088 equi·

285 3118 370 3176 tibus
405 3118 445 3176 ad
467 3120 577 3177 valvas
599 3135 653 3178 seu
675 3125 781 3194 portas
812 3119 893 3177 dicte
927 3119 1061 3177 civitatis
1091 3117 1205 3176 montis
1234 3115 1396 3176 Grecensis
1425 3120 1548 3193 regalis,

285 3225 392 3299 ibique
414 3225 536 3299 aliquos
559 3207 700 3284 homines
724 3226 807 3284 cives
835 3233 865 3283 et
896 3225 1087 3283 habitatores
1124 3224 1204 3282 dicte
1235 3224 1376 3295 civitatis,
1407 3225 1549 3284 custodes

286 3331 404 3388 scilicet
427 3338 590 3405 portarum
611 3330 832 3405 predictarum,
849 3331 881 3390 in
904 3330 1021 3388 eisdem
1045 3331 1143 3404 portis
1167 3329 1280 3388 ictibus
1303 3330 1487 3402 sagittarum
1511 3331 1549 3389 de

285 3436 437 3496 ballistris
470 3438 607 3510 graviter
629 3437 788 3496 vulnerari
810 3441 841 3495 et
874 3437 1013 3510 sagittari
1036 3435 1164 3505 fecisset,
1198 3451 1237 3493 ex
1272 3437 1385 3509 quibus
1420 3437 1548 3510 quidam

286 3541 403 3601 ibidem
432 3543 531 3602 vitam
560 3543 706 3602 finierunt
736 3544 951 3618 temporalem,
987 3543 1040 3600 alii
1069 3556 1146 3599 vero
1179 3542 1323 3600 semivivi
1356 3549 1549 3602 remanentes

285 3648 422 3719 graviter
450 3653 676 3723 torquerentur.
700 3649 768 3707 Hiis
790 3665 852 3707 non
875 3655 1035 3707 contentus
1058 3647 1142 3705 idem
1167 3647 1381 3721 Wilchelmus,
1405 3649 1549 3708 similiter

285 3770 324 3812 ex
347 3755 423 3814 scitu
457 3761 486 3813 et
508 3755 669 3814 voluntate
692 3756 848 3814 dictorum
871 3755 1069 3814 dominorum
1092 3770 1221 3813 suorum
1244 3770 1300 3828 per
1333 3754 1470 3828 prefatos
1504 3755 1548 3814 fa·

284 3855 423 3918 mil‘iares
446 3876 517 3919 suos
541 3867 707 3936 equestres,
739 3879 757 3920 a
788 3862 870 3920 dicta
905 3862 1028 3920 civitate
1061 3860 1240 3920 huiusmodi
1274 3865 1431 3934 patrantes
1464 3863 1548 3920 mala

284 3982 435 4038 reversus,
460 3967 613 4040 quosdam
636 3968 720 4026 cives'
743 3973 772 4026 et
795 3969 935 4026 homines
958 3968 1037 4025 alios
1059 3966 1139 4025 dicte
1162 3967 1296 4025 civitatis
1320 3967 1370 4023 via
1393 3967 1424 4024 in
1447 3967 1549 4026 libera

284 4071 517 4146 progredientes
548 4081 697 4148 repertos
721 4073 866 4132 similiter
887 4073 1001 4131 ictibus
1031 4073 1214 4146 sagittarum
1246 4071 1284 4129 de
1307 4072 1444 4130 balistris
1468 4073 1545 4132 adeo

284 4182 313 4234 et
337 4178 439 4236 taliter
464 4179 620 4238 vulnerari
654 4178 783 4252 fecisset,
808 4179 892 4254 quod
916 4179 1014 4252 aliqui
1038 4195 1076 4237 ex
1099 4178 1216 4236 eisdem
1239 4177 1357 4236 ibidem
1387 4179 1544 4253 obiissent,

284 4282 337 4341 alii
361 4298 436 4341 vero
459 4285 604 4343 semivivi
626 4290 820 4344 remanentes
847 4291 1065 4358 torquerentur
1095 4284 1135 4342 ad
1169 4300 1303 4360 presens,
1338 4283 1376 4342 de
1412 4298 1546 4358 quorum

283 4389 348 4446 vita
371 4389 503 4448 dubium
525 4391 699 4449 haberetur.
723 4391 791 4449 Hiis
807 4390 909 4449 adhuc
929 4391 1057 4448 minime
1072 4397 1232 4448 contentus
1247 4389 1331 4448 idem
1354 4390 1545 4448 Wilhelmus

283 4510 321 4554 ex
342 4496 428 4567 scitu,
452 4496 612 4554 voluntate
634 4503 664 4555 et
686 4497 814 4572 speciali
837 4497 1053 4556 commissione
1077 4496 1232 4554 dictorum
1255 4495 1454 4554 dominorum
1494 4513 1545 4554 su·

284 4615 383 4674 orum,
407 4601 516 4660 diebus
539 4604 709 4662 novissime
732 4604 856 4678 elapsis,
880 4605 1040 4662 universos
1063 4609 1093 4660 et
1123 4603 1281 4676 quoslibet
1310 4600 1491 4677 jobagiones
1516 4609 1546 4662 et

284 4707 413 4765 colonos
436 4708 517 4766 dicte
540 4710 673 4768 civitatis
696 4710 728 4768 in
763 4710 956 4784 possessione
990 4707 1134 4767 Graclran
1167 4715 1276 4766 vocata
1310 4715 1545 4782 commorantes,

282 4817 433 4872 nocturno
457 4815 489 4873 in
511 4815 638 4874 silencio
661 4816 757 4874 simul
780 4831 852 4874 cum
875 4815 1026 4873 uxoribus
1056 4821 1086 4872 et
1119 4815 1225 4890 pueris
1259 4815 1367 4886 levari,
1403 4830 1438 4872 ac
1473 4815 1544 4874 aliis

283 4935 392 4977 eorum
408 4921 502 4978 rebus
519 4927 549 4980 et
565 4922 654 4981 bonis
670 4923 823 4982 universis
835 4921 949 4980 abduci
964 4927 994 4980 et
1009 4921 1144 4980 nescitur
1155 4936 1195 4980 an
1211 4921 1294 4995 ipsas
1316 4965 1478 4981 ......
1491 4927 1545 4981 aut

282 5027 359 5084 alias
382 5027 495 5102 predas
520 5027 650 5089 fecisset.
673 5030 710 5088 Et
733 5029 807 5087 licet
829 5028 943 5103 prefati
967 5028 1085 5086 domini
1107 5029 1236 5086 comites
1261 5029 1349 5086 binas
1372 5029 1424 5086 vel
1447 5028 1543 5086 trinas
