<?xml version="1.0" encoding="UTF-8"?>
<!DOCTYPE html PUBLIC "-//W3C//DTD XHTML 1.0 Transitional//EN"
    "http://www.w3.org/TR/xhtml1/DTD/xhtml1-transitional.dtd">
<html xmlns="http://www.w3.org/1999/xhtml" xml:lang="en" lang="en">
 <head>
  <title>
</title>
<meta http-equiv="Content-Type" content="text/html;charset=utf-8" />
  <meta name='ocr-system' content='tesseract 3.04.00' />
  <meta name='ocr-capabilities' content='ocr_page ocr_carea ocr_par ocr_line ocrx_word'/>
</head>
<body>
  <div class='ocr_page' id='page_1' title='image "./monumentahistor20laszgoog_0676.png"; bbox 0 0 3804 5858; ppageno 0'>
   <div class='ocr_carea' id='block_1_1' title="bbox 531 545 1376 634">
    <p class='ocr_par' dir='ltr' id='par_1_1' title="bbox 531 545 1376 634">
     <span class='ocr_line' id='line_1_1' title="bbox 531 545 1376 634; baseline -0.004 -23"><span class='ocrx_word' id='word_1_1' title='bbox 531 553 607 614; x_wconf 85' lang='lat' dir='ltr'>Doc.</span> <span class='ocrx_word' id='word_1_2' title='bbox 622 564 691 628; x_wconf 79' lang='lat'>329</span> <span class='ocrx_word' id='word_1_3' title='bbox 723 583 765 596; x_wconf 91' lang='lat'><em>-</em></span> <span class='ocrx_word' id='word_1_4' title='bbox 788 551 844 609; x_wconf 71' lang='lat' dir='ltr'>Arc</span> <span class='ocrx_word' id='word_1_5' title='bbox 868 545 961 628; x_wconf 80' lang='lat'><em>1482.</em></span> <span class='ocrx_word' id='word_1_6' title='bbox 1313 573 1376 634; x_wconf 86' lang='lat'>419</span> 
     </span>
    </p>
   </div>
   <div class='ocr_carea' id='block_1_2' title="bbox 109 765 1384 4124">
    <p class='ocr_par' dir='ltr' id='par_1_2' title="bbox 139 765 1375 841">
     <span class='ocr_line' id='line_1_2' title="bbox 139 765 1375 841; baseline 0.001 -14"><span class='ocrx_word' id='word_1_7' title='bbox 139 773 228 827; x_wconf 89' lang='lat' dir='ltr'>tarum</span> <span class='ocrx_word' id='word_1_8' title='bbox 247 766 370 826; x_wconf 88' lang='lat' dir='ltr'>ecclesie</span> <span class='ocrx_word' id='word_1_9' title='bbox 405 768 495 826; x_wconf 91' lang='lat' dir='ltr'>beate</span> <span class='ocrx_word' id='word_1_10' title='bbox 518 767 615 826; x_wconf 91' lang='lat' dir='ltr'>Marie</span> <span class='ocrx_word' id='word_1_11' title='bbox 637 766 767 840; x_wconf 82' lang='lat' dir='ltr'>virginis</span> <span class='ocrx_word' id='word_1_12' title='bbox 789 765 829 826; x_wconf 93' lang='lat' dir='ltr'>de</span> <span class='ocrx_word' id='word_1_13' title='bbox 851 767 1067 841; x_wconf 90' lang='lat' dir='ltr'>promontorio</span> <span class='ocrx_word' id='word_1_14' title='bbox 1089 767 1281 841; x_wconf 78' lang='lat' dir='ltr'>mgrabiensi</span> <span class='ocrx_word' id='word_1_15' title='bbox 1304 783 1375 828; x_wconf 89' lang='lat' dir='ltr'>cum</span> 
     </span>
    </p>

    <p class='ocr_par' dir='ltr' id='par_1_3' title="bbox 140 871 1379 947">
     <span class='ocr_line' id='line_1_3' title="bbox 140 871 1379 947; baseline 0.003 -17"><span class='ocrx_word' id='word_1_16' title='bbox 140 873 246 931; x_wconf 89' lang='lat' dir='ltr'>duobus</span> <span class='ocrx_word' id='word_1_17' title='bbox 264 872 332 932; x_wconf 91' lang='lat' dir='ltr'>aliis</span> <span class='ocrx_word' id='word_1_18' title='bbox 364 872 523 945; x_wconf 88' lang='lat' dir='ltr'>fratribus,</span> <span class='ocrx_word' id='word_1_19' title='bbox 546 871 693 932; x_wconf 86' lang='lat' dir='ltr'>videlicet</span> <span class='ocrx_word' id='word_1_20' title='bbox 715 873 838 930; x_wconf 90' lang='lat' dir='ltr'>Matheo</span> <span class='ocrx_word' id='word_1_21' title='bbox 861 873 1045 947; x_wconf 84' lang='lat' dir='ltr'>presbytero</span> <span class='ocrx_word' id='word_1_22' title='bbox 1068 878 1099 931; x_wconf 89' lang='lat' dir='ltr'>et</span> <span class='ocrx_word' id='word_1_23' title='bbox 1121 872 1285 932; x_wconf 89' lang='lat' dir='ltr'>Benedicto</span> <span class='ocrx_word' id='word_1_24' title='bbox 1308 889 1379 934; x_wconf 91' lang='lat' dir='ltr'>con·</span> 
     </span>
    </p>

    <p class='ocr_par' dir='ltr' id='par_1_4' title="bbox 140 977 1380 1053">
     <span class='ocr_line' id='line_1_4' title="bbox 140 977 1380 1053; baseline 0.002 -17"><span class='ocrx_word' id='word_1_25' title='bbox 140 994 226 1051; x_wconf 87' lang='lat' dir='ltr'>verso,</span> <span class='ocrx_word' id='word_1_26' title='bbox 253 977 366 1038; x_wconf 86' lang='lat' dir='ltr'>ordinis</span> <span class='ocrx_word' id='word_1_27' title='bbox 396 978 550 1050; x_wconf 88' lang='lat' dir='ltr'>eiusdem;</span> <span class='ocrx_word' id='word_1_28' title='bbox 580 977 706 1036; x_wconf 90' lang='lat' dir='ltr'>tandem</span> <span class='ocrx_word' id='word_1_29' title='bbox 736 992 888 1050; x_wconf 81' lang='lat' dir='ltr'>exurgens</span> <span class='ocrx_word' id='word_1_30' title='bbox 919 977 1029 1036; x_wconf 91' lang='lat' dir='ltr'>eadem</span> <span class='ocrx_word' id='word_1_31' title='bbox 1053 977 1179 1038; x_wconf 90' lang='lat' dir='ltr'>domina</span> <span class='ocrx_word' id='word_1_32' title='bbox 1201 979 1380 1053; x_wconf 86' lang='lat' dir='ltr'>Katheryna</span> 
     </span>
    </p>

    <p class='ocr_par' dir='ltr' id='par_1_5' title="bbox 138 1082 1380 1159">
     <span class='ocr_line' id='line_1_5' title="bbox 138 1082 1380 1159; baseline 0.002 -17"><span class='ocrx_word' id='word_1_33' title='bbox 138 1101 200 1144; x_wconf 91' lang='lat' dir='ltr'>cum</span> <span class='ocrx_word' id='word_1_34' title='bbox 229 1085 313 1143; x_wconf 93' lang='lat' dir='ltr'>solita</span> <span class='ocrx_word' id='word_1_35' title='bbox 344 1085 567 1159; x_wconf 89' lang='lat' dir='ltr'>pretestacione</span> <span class='ocrx_word' id='word_1_36' title='bbox 597 1082 772 1142; x_wconf 88' lang='lat' dir='ltr'>exhibendo</span> <span class='ocrx_word' id='word_1_37' title='bbox 795 1098 891 1141; x_wconf 92' lang='lat' dir='ltr'>unum</span> <span class='ocrx_word' id='word_1_38' title='bbox 915 1082 1067 1142; x_wconf 88' lang='lat' dir='ltr'>florenum</span> <span class='ocrx_word' id='word_1_39' title='bbox 1090 1083 1241 1144; x_wconf 89' lang='lat' dir='ltr'>fratribus</span> <span class='ocrx_word' id='word_1_40' title='bbox 1263 1085 1380 1144; x_wconf 92' lang='lat' dir='ltr'>eisdem</span> 
     </span>
    </p>

    <p class='ocr_par' dir='ltr' id='par_1_6' title="bbox 136 1190 1380 1267">
     <span class='ocr_line' id='line_1_6' title="bbox 136 1190 1380 1267; baseline -0.002 -17"><span class='ocrx_word' id='word_1_41' title='bbox 136 1197 234 1267; x_wconf 90' lang='lat' dir='ltr'>sponte</span> <span class='ocrx_word' id='word_1_42' title='bbox 255 1191 330 1250; x_wconf 83' lang='lat' dir='ltr'>dixit</span> <span class='ocrx_word' id='word_1_43' title='bbox 346 1197 376 1250; x_wconf 89' lang='lat' dir='ltr'>et</span> <span class='ocrx_word' id='word_1_44' title='bbox 391 1191 473 1250; x_wconf 91' lang='lat' dir='ltr'>fassa</span> <span class='ocrx_word' id='word_1_45' title='bbox 489 1195 535 1249; x_wconf 90' lang='lat' dir='ltr'>est</span> <span class='ocrx_word' id='word_1_46' title='bbox 558 1191 630 1250; x_wconf 88' lang='lat' dir='ltr'>vive</span> <span class='ocrx_word' id='word_1_47' title='bbox 653 1191 739 1248; x_wconf 86' lang='lat' dir='ltr'>uocis</span> <span class='ocrx_word' id='word_1_48' title='bbox 762 1205 817 1248; x_wconf 93' lang='lat' dir='ltr'>sue</span> <span class='ocrx_word' id='word_1_49' title='bbox 840 1190 967 1248; x_wconf 92' lang='lat' dir='ltr'>oraculo</span> <span class='ocrx_word' id='word_1_50' title='bbox 990 1190 1022 1248; x_wconf 92' lang='lat' dir='ltr'>in</span> <span class='ocrx_word' id='word_1_51' title='bbox 1044 1190 1127 1249; x_wconf 93' lang='lat' dir='ltr'>hunc</span> <span class='ocrx_word' id='word_1_52' title='bbox 1142 1191 1288 1249; x_wconf 92' lang='lat' dir='ltr'>modum:</span> <span class='ocrx_word' id='word_1_53' title='bbox 1306 1205 1380 1264; x_wconf 91' lang='lat' dir='ltr'>quo·</span> 
     </span>
    </p>

    <p class='ocr_par' dir='ltr' id='par_1_7' title="bbox 135 1295 1382 1372">
     <span class='ocr_line' id='line_1_7' title="bbox 135 1295 1382 1372; baseline -0.001 -16"><span class='ocrx_word' id='word_1_54' title='bbox 135 1297 219 1356; x_wconf 90' lang='lat' dir='ltr'>modo</span> <span class='ocrx_word' id='word_1_55' title='bbox 239 1297 302 1372; x_wconf 89' lang='lat' dir='ltr'>ipsa</span> <span class='ocrx_word' id='word_1_56' title='bbox 327 1297 454 1357; x_wconf 91' lang='lat' dir='ltr'>domina</span> <span class='ocrx_word' id='word_1_57' title='bbox 476 1297 654 1370; x_wconf 88' lang='lat' dir='ltr'>Katheryna</span> <span class='ocrx_word' id='word_1_58' title='bbox 677 1311 747 1354; x_wconf 91' lang='lat' dir='ltr'>cum</span> <span class='ocrx_word' id='word_1_59' title='bbox 773 1295 893 1370; x_wconf 83' lang='lat' dir='ltr'>prefato</span> <span class='ocrx_word' id='word_1_60' title='bbox 911 1295 1012 1354; x_wconf 87' lang='lat' dir='ltr'>Blasio</span> <span class='ocrx_word' id='word_1_61' title='bbox 1033 1296 1184 1368; x_wconf 86' lang='lat' dir='ltr'>Latzarin,</span> <span class='ocrx_word' id='word_1_62' title='bbox 1208 1296 1336 1356; x_wconf 89' lang='lat' dir='ltr'>domiuo</span> <span class='ocrx_word' id='word_1_63' title='bbox 1351 1301 1382 1355; x_wconf 91' lang='lat' dir='ltr'>et</span> 
     </span>
    </p>

    <p class='ocr_par' dir='ltr' id='par_1_8' title="bbox 131 1401 1382 1689">
     <span class='ocr_line' id='line_1_8' title="bbox 133 1401 1382 1478; baseline 0.001 -17"><span class='ocrx_word' id='word_1_64' title='bbox 133 1404 233 1462; x_wconf 90' lang='lat' dir='ltr'>marito</span> <span class='ocrx_word' id='word_1_65' title='bbox 253 1418 316 1478; x_wconf 90' lang='lat' dir='ltr'>suo,</span> <span class='ocrx_word' id='word_1_66' title='bbox 341 1403 380 1462; x_wconf 94' lang='lat' dir='ltr'>de</span> <span class='ocrx_word' id='word_1_67' title='bbox 405 1403 500 1462; x_wconf 90' lang='lat' dir='ltr'>domo</span> <span class='ocrx_word' id='word_1_68' title='bbox 523 1409 554 1462; x_wconf 88' lang='lat' dir='ltr'>et</span> <span class='ocrx_word' id='word_1_69' title='bbox 582 1404 717 1461; x_wconf 83' lang='lat' dir='ltr'>stacione</span> <span class='ocrx_word' id='word_1_70' title='bbox 748 1401 821 1460; x_wconf 87' lang='lat' dir='ltr'>dicti</span> <span class='ocrx_word' id='word_1_71' title='bbox 844 1402 975 1461; x_wconf 93' lang='lat' dir='ltr'>condam</span> <span class='ocrx_word' id='word_1_72' title='bbox 1000 1401 1121 1462; x_wconf 91' lang='lat' dir='ltr'>Nicolai</span> <span class='ocrx_word' id='word_1_73' title='bbox 1145 1403 1281 1475; x_wconf 85' lang='lat' dir='ltr'>sartoris,</span> <span class='ocrx_word' id='word_1_74' title='bbox 1305 1403 1382 1462; x_wconf 86' lang='lat' dir='ltr'>civis</span> 
     </span>
     <span class='ocr_line' id='line_1_9' title="bbox 131 1507 1382 1585; baseline 0.001 -18"><span class='ocrx_word' id='word_1_75' title='bbox 131 1507 189 1585; x_wconf 86' lang='lat' dir='ltr'>jam</span> <span class='ocrx_word' id='word_1_76' title='bbox 203 1508 259 1567; x_wconf 91' lang='lat' dir='ltr'>fate</span> <span class='ocrx_word' id='word_1_77' title='bbox 272 1509 406 1568; x_wconf 83' lang='lat' dir='ltr'>civitatis</span> <span class='ocrx_word' id='word_1_78' title='bbox 429 1517 459 1568; x_wconf 91' lang='lat' dir='ltr'>et</span> <span class='ocrx_word' id='word_1_79' title='bbox 475 1524 582 1568; x_wconf 84' lang='lat' dir='ltr'>ornnes</span> <span class='ocrx_word' id='word_1_80' title='bbox 598 1507 695 1568; x_wconf 88' lang='lat' dir='ltr'>futuri</span> <span class='ocrx_word' id='word_1_81' title='bbox 710 1523 902 1567; x_wconf 91' lang='lat' dir='ltr'>successores</span> <span class='ocrx_word' id='word_1_82' title='bbox 915 1508 963 1566; x_wconf 93' lang='lat' dir='ltr'>sui</span> <span class='ocrx_word' id='word_1_83' title='bbox 979 1508 1117 1567; x_wconf 91' lang='lat' dir='ltr'>eiusdem</span> <span class='ocrx_word' id='word_1_84' title='bbox 1133 1509 1252 1568; x_wconf 92' lang='lat' dir='ltr'>scilicet</span> <span class='ocrx_word' id='word_1_85' title='bbox 1269 1509 1382 1568; x_wconf 87' lang='lat' dir='ltr'>domus</span> 
     </span>
     <span class='ocr_line' id='line_1_10' title="bbox 131 1615 1379 1689; baseline 0.002 -17"><span class='ocrx_word' id='word_1_86' title='bbox 131 1619 159 1672; x_wconf 92' lang='lat' dir='ltr'>et</span> <span class='ocrx_word' id='word_1_87' title='bbox 179 1615 313 1673; x_wconf 90' lang='lat' dir='ltr'>stacionis</span> <span class='ocrx_word' id='word_1_88' title='bbox 335 1629 390 1673; x_wconf 90' lang='lat' dir='ltr'>seu</span> <span class='ocrx_word' id='word_1_89' title='bbox 412 1615 499 1674; x_wconf 90' lang='lat' dir='ltr'>holte</span> <span class='ocrx_word' id='word_1_90' title='bbox 523 1630 581 1689; x_wconf 91' lang='lat' dir='ltr'>pro</span> <span class='ocrx_word' id='word_1_91' title='bbox 604 1619 746 1688; x_wconf 91' lang='lat' dir='ltr'>tempore</span> <span class='ocrx_word' id='word_1_92' title='bbox 768 1629 962 1688; x_wconf 85' lang='lat' dir='ltr'>possessores</span> <span class='ocrx_word' id='word_1_93' title='bbox 986 1629 1080 1688; x_wconf 88' lang='lat' dir='ltr'>penes</span> <span class='ocrx_word' id='word_1_94' title='bbox 1103 1615 1313 1674; x_wconf 87' lang='lat' dir='ltr'>voluntariam</span> <span class='ocrx_word' id='word_1_95' title='bbox 1336 1619 1379 1674; x_wconf 93' lang='lat' dir='ltr'>te·</span> 
     </span>
    </p>

    <p class='ocr_par' dir='ltr' id='par_1_9' title="bbox 109 1719 1384 4124">
     <span class='ocr_line' id='line_1_11' title="bbox 129 1719 1382 1796; baseline 0.001 -18"><span class='ocrx_word' id='word_1_96' title='bbox 129 1721 331 1780; x_wconf 89' lang='lat' dir='ltr'>stamentalem</span> <span class='ocrx_word' id='word_1_97' title='bbox 366 1721 604 1796; x_wconf 87' lang='lat' dir='ltr'>disposicionem</span> <span class='ocrx_word' id='word_1_98' title='bbox 639 1721 737 1794; x_wconf 88' lang='lat' dir='ltr'>ipsius</span> <span class='ocrx_word' id='word_1_99' title='bbox 772 1719 904 1778; x_wconf 87' lang='lat' dir='ltr'>condam</span> <span class='ocrx_word' id='word_1_100' title='bbox 938 1719 1058 1778; x_wconf 91' lang='lat' dir='ltr'>Nicolai</span> <span class='ocrx_word' id='word_1_101' title='bbox 1093 1721 1220 1778; x_wconf 89' lang='lat' dir='ltr'>sartoris</span> <span class='ocrx_word' id='word_1_102' title='bbox 1251 1720 1382 1794; x_wconf 90' lang='lat' dir='ltr'>singulis</span> 
     </span>
     <span class='ocr_line' id='line_1_12' title="bbox 130 1819 1382 1900; baseline -0.002 -15"><span class='ocrx_word' id='word_1_103' title='bbox 130 1827 211 1886; x_wconf 93' lang='lat' dir='ltr'>annis</span> <span class='ocrx_word' id='word_1_104' title='bbox 233 1833 260 1885; x_wconf 88' lang='lat' dir='ltr'>et</span> <span class='ocrx_word' id='word_1_105' title='bbox 282 1827 397 1886; x_wconf 88' lang='lat' dir='ltr'>cunctis</span> <span class='ocrx_word' id='word_1_106' title='bbox 421 1825 533 1884; x_wconf 89' lang='lat' dir='ltr'>futuris</span> <span class='ocrx_word' id='word_1_107' title='bbox 556 1825 750 1900; x_wconf 85' lang='lat' dir='ltr'>temporibus</span> <span class='ocrx_word' id='word_1_108' title='bbox 773 1826 805 1884; x_wconf 89' lang='lat' dir='ltr'>in</span> <span class='ocrx_word' id='word_1_109' title='bbox 828 1825 907 1884; x_wconf 88' lang='lat' dir='ltr'>festo</span> <span class='ocrx_word' id='word_1_110' title='bbox 929 1825 1158 1898; x_wconf 87' lang='lat' dir='ltr'>purificacionis</span> <span class='ocrx_word' id='word_1_111' title='bbox 1176 1827 1266 1884; x_wconf 89' lang='lat' dir='ltr'>beate</span> <span class='ocrx_word' id='word_1_112' title='bbox 1281 1819 1382 1886; x_wconf 87' lang='lat' dir='ltr'>Marie</span> 
     </span>
     <span class='ocr_line' id='line_1_13' title="bbox 128 1931 1382 2007; baseline -0.002 -15"><span class='ocrx_word' id='word_1_113' title='bbox 128 1933 249 2007; x_wconf 80' lang='lat' dir='ltr'>virginis</span> <span class='ocrx_word' id='word_1_114' title='bbox 276 1932 315 1991; x_wconf 88' lang='lat' dir='ltr'>ad</span> <span class='ocrx_word' id='word_1_115' title='bbox 349 1931 433 1990; x_wconf 91' lang='lat' dir='ltr'>idem</span> <span class='ocrx_word' id='word_1_116' title='bbox 464 1931 635 1990; x_wconf 89' lang='lat' dir='ltr'>claustrum</span> <span class='ocrx_word' id='word_1_117' title='bbox 666 1931 897 1990; x_wconf 87' lang='lat' dir='ltr'>Heremitarum</span> <span class='ocrx_word' id='word_1_118' title='bbox 929 1947 989 2006; x_wconf 91' lang='lat' dir='ltr'>pro</span> <span class='ocrx_word' id='word_1_119' title='bbox 1013 1936 1163 2006; x_wconf 90' lang='lat' dir='ltr'>perpetua</span> <span class='ocrx_word' id='word_1_120' title='bbox 1186 1933 1382 2004; x_wconf 87' lang='lat' dir='ltr'>eleemosyna</span> 
     </span>
     <span class='ocr_line' id='line_1_14' title="bbox 126 2037 1382 2112; baseline -0.002 -14"><span class='ocrx_word' id='word_1_121' title='bbox 126 2039 248 2099; x_wconf 88' lang='lat' dir='ltr'>salutari</span> <span class='ocrx_word' id='word_1_122' title='bbox 268 2055 365 2098; x_wconf 91' lang='lat' dir='ltr'>unum</span> <span class='ocrx_word' id='word_1_123' title='bbox 388 2038 539 2097; x_wconf 75' lang='lat' dir='ltr'>florenum</span> <span class='ocrx_word' id='word_1_124' title='bbox 555 2037 629 2096; x_wconf 90' lang='lat' dir='ltr'>dare</span> <span class='ocrx_word' id='word_1_125' title='bbox 652 2047 683 2096; x_wconf 91' lang='lat' dir='ltr'>et</span> <span class='ocrx_word' id='word_1_126' title='bbox 697 2038 820 2096; x_wconf 88' lang='lat' dir='ltr'>solvere</span> <span class='ocrx_word' id='word_1_127' title='bbox 843 2038 1058 2111; x_wconf 80' lang='lat' dir='ltr'>obligarentur</span> <span class='ocrx_word' id='word_1_128' title='bbox 1080 2043 1111 2096; x_wconf 92' lang='lat' dir='ltr'>et</span> <span class='ocrx_word' id='word_1_129' title='bbox 1132 2045 1230 2112; x_wconf 89' lang='lat' dir='ltr'>erunt,</span> <span class='ocrx_word' id='word_1_130' title='bbox 1249 2043 1382 2112; x_wconf 90' lang='lat' dir='ltr'>suntque</span> 
     </span>
     <span class='ocr_line' id='line_1_15' title="bbox 126 2137 1381 2219; baseline -0.001 -15"><span class='ocrx_word' id='word_1_131' title='bbox 126 2145 258 2219; x_wconf 90' lang='lat' dir='ltr'>obligati,</span> <span class='ocrx_word' id='word_1_132' title='bbox 288 2160 381 2219; x_wconf 91' lang='lat' dir='ltr'>quem</span> <span class='ocrx_word' id='word_1_133' title='bbox 405 2137 514 2217; x_wconf 75' lang='lat' dir='ltr'>sic‚&#39;ut</span> <span class='ocrx_word' id='word_1_134' title='bbox 546 2144 734 2218; x_wconf 88' lang='lat' dir='ltr'>premissum</span> <span class='ocrx_word' id='word_1_135' title='bbox 758 2149 812 2216; x_wconf 91' lang='lat' dir='ltr'>est,</span> <span class='ocrx_word' id='word_1_136' title='bbox 836 2143 946 2201; x_wconf 89' lang='lat' dir='ltr'>eadem</span> <span class='ocrx_word' id='word_1_137' title='bbox 969 2143 1096 2201; x_wconf 90' lang='lat' dir='ltr'>domina</span> <span class='ocrx_word' id='word_1_138' title='bbox 1120 2143 1299 2218; x_wconf 88' lang='lat' dir='ltr'>Katheryna</span> <span class='ocrx_word' id='word_1_139' title='bbox 1323 2159 1381 2218; x_wconf 90' lang='lat' dir='ltr'>pro</span> 
     </span>
     <span class='ocr_line' id='line_1_16' title="bbox 124 2249 1382 2326; baseline 0.001 -16"><span class='ocrx_word' id='word_1_140' title='bbox 124 2251 229 2310; x_wconf 88' lang='lat' dir='ltr'>eodem</span> <span class='ocrx_word' id='word_1_141' title='bbox 250 2264 329 2310; x_wconf 95' lang='lat' dir='ltr'>anno</span> <span class='ocrx_word' id='word_1_142' title='bbox 358 2251 507 2326; x_wconf 87' lang='lat' dir='ltr'>preterito</span> <span class='ocrx_word' id='word_1_143' title='bbox 537 2251 612 2324; x_wconf 88' lang='lat' dir='ltr'>ipsis</span> <span class='ocrx_word' id='word_1_144' title='bbox 643 2249 793 2308; x_wconf 90' lang='lat' dir='ltr'>fratribus</span> <span class='ocrx_word' id='word_1_145' title='bbox 823 2255 853 2307; x_wconf 91' lang='lat' dir='ltr'>et</span> <span class='ocrx_word' id='word_1_146' title='bbox 876 2249 1013 2308; x_wconf 91' lang='lat' dir='ltr'>claustro</span> <span class='ocrx_word' id='word_1_147' title='bbox 1037 2251 1153 2308; x_wconf 92' lang='lat' dir='ltr'>obtulit</span> <span class='ocrx_word' id='word_1_148' title='bbox 1176 2256 1207 2308; x_wconf 92' lang='lat' dir='ltr'>et</span> <span class='ocrx_word' id='word_1_149' title='bbox 1229 2250 1382 2325; x_wconf 86' lang='lat' dir='ltr'>persolvit</span> 
     </span>
     <span class='ocr_line' id='line_1_17' title="bbox 123 2354 1382 2433; baseline -0.002 -17"><span class='ocrx_word' id='word_1_150' title='bbox 123 2357 246 2433; x_wconf 89' lang='lat' dir='ltr'>publice</span> <span class='ocrx_word' id='word_1_151' title='bbox 278 2361 309 2416; x_wconf 93' lang='lat' dir='ltr'>et</span> <span class='ocrx_word' id='word_1_152' title='bbox 338 2356 510 2428; x_wconf 85' lang='lat' dir='ltr'>manifeste,</span> <span class='ocrx_word' id='word_1_153' title='bbox 534 2362 641 2431; x_wconf 87' lang='lat' dir='ltr'>petens</span> <span class='ocrx_word' id='word_1_154' title='bbox 666 2356 726 2415; x_wconf 91' lang='lat' dir='ltr'>sibi</span> <span class='ocrx_word' id='word_1_155' title='bbox 748 2354 916 2430; x_wconf 86' lang='lat' dir='ltr'>superinde</span> <span class='ocrx_word' id='word_1_156' title='bbox 939 2355 1008 2414; x_wconf 86' lang='lat' dir='ltr'>dari</span> <span class='ocrx_word' id='word_1_157' title='bbox 1031 2356 1150 2414; x_wconf 86' lang='lat' dir='ltr'>litteras</span> <span class='ocrx_word' id='word_1_158' title='bbox 1173 2355 1382 2432; x_wconf 87' lang='lat' dir='ltr'>expeditorias</span> 
     </span>
     <span class='ocr_line' id='line_1_18' title="bbox 121 2461 1380 2539; baseline -0.002 -17"><span class='ocrx_word' id='word_1_159' title='bbox 121 2479 178 2539; x_wconf 90' lang='lat' dir='ltr'>per</span> <span class='ocrx_word' id='word_1_160' title='bbox 198 2463 281 2538; x_wconf 90' lang='lat' dir='ltr'>ipsos</span> <span class='ocrx_word' id='word_1_161' title='bbox 312 2462 424 2522; x_wconf 90' lang='lat' dir='ltr'>fratres</span> <span class='ocrx_word' id='word_1_162' title='bbox 454 2461 493 2521; x_wconf 91' lang='lat' dir='ltr'>ad</span> <span class='ocrx_word' id='word_1_163' title='bbox 517 2462 681 2534; x_wconf 89' lang='lat' dir='ltr'>cautelam,</span> <span class='ocrx_word' id='word_1_164' title='bbox 711 2477 807 2536; x_wconf 90' lang='lat' dir='ltr'>quam</span> <span class='ocrx_word' id='word_1_165' title='bbox 831 2461 891 2536; x_wconf 91' lang='lat' dir='ltr'>ipsi</span> <span class='ocrx_word' id='word_1_166' title='bbox 915 2462 1016 2520; x_wconf 89' lang='lat' dir='ltr'>eidem</span> <span class='ocrx_word' id='word_1_167' title='bbox 1040 2463 1113 2522; x_wconf 92' lang='lat' dir='ltr'>dare</span> <span class='ocrx_word' id='word_1_168' title='bbox 1136 2463 1380 2538; x_wconf 88' lang='lat' dir='ltr'>spoponderunt.</span> 
     </span>
     <span class='ocr_line' id='line_1_19' title="bbox 120 2568 1381 2645; baseline -0.001 -17"><span class='ocrx_word' id='word_1_169' title='bbox 120 2568 218 2645; x_wconf 89' lang='lat' dir='ltr'>Super</span> <span class='ocrx_word' id='word_1_170' title='bbox 240 2584 302 2643; x_wconf 93' lang='lat' dir='ltr'>quo</span> <span class='ocrx_word' id='word_1_171' title='bbox 334 2569 430 2627; x_wconf 87' lang='lat' dir='ltr'>nichil</span> <span class='ocrx_word' id='word_1_172' title='bbox 453 2570 580 2627; x_wconf 89' lang='lat' dir='ltr'>omnino</span> <span class='ocrx_word' id='word_1_173' title='bbox 602 2569 835 2644; x_wconf 88' lang='lat' dir='ltr'>prenominatus</span> <span class='ocrx_word' id='word_1_174' title='bbox 858 2568 1006 2640; x_wconf 89' lang='lat' dir='ltr'>magister</span> <span class='ocrx_word' id='word_1_175' title='bbox 1028 2568 1143 2626; x_wconf 91' lang='lat' dir='ltr'>Paulus</span> <span class='ocrx_word' id='word_1_176' title='bbox 1165 2569 1299 2627; x_wconf 86' lang='lat' dir='ltr'>vicarius</span> <span class='ocrx_word' id='word_1_177' title='bbox 1314 2583 1381 2628; x_wconf 93' lang='lat' dir='ltr'>om·</span> 
     </span>
     <span class='ocr_line' id='line_1_20' title="bbox 119 2672 1381 2750; baseline -0.002 -15"><span class='ocrx_word' id='word_1_178' title='bbox 119 2677 210 2735; x_wconf 91' lang='lat' dir='ltr'>nibus</span> <span class='ocrx_word' id='word_1_179' title='bbox 233 2675 425 2748; x_wconf 88' lang='lat' dir='ltr'>melioribus,</span> <span class='ocrx_word' id='word_1_180' title='bbox 457 2674 559 2746; x_wconf 90' lang='lat' dir='ltr'>modo,</span> <span class='ocrx_word' id='word_1_181' title='bbox 582 2675 642 2748; x_wconf 85' lang='lat' dir='ltr'>via,</span> <span class='ocrx_word' id='word_1_182' title='bbox 673 2672 748 2750; x_wconf 88' lang='lat' dir='ltr'>jure,</span> <span class='ocrx_word' id='word_1_183' title='bbox 773 2673 875 2732; x_wconf 91' lang='lat' dir='ltr'>forma</span> <span class='ocrx_word' id='word_1_184' title='bbox 898 2679 928 2732; x_wconf 91' lang='lat' dir='ltr'>et</span> <span class='ocrx_word' id='word_1_185' title='bbox 951 2689 1051 2744; x_wconf 91' lang='lat' dir='ltr'>causa,</span> <span class='ocrx_word' id='word_1_186' title='bbox 1076 2675 1190 2748; x_wconf 89' lang='lat' dir='ltr'>quibus</span> <span class='ocrx_word' id='word_1_187' title='bbox 1214 2675 1327 2734; x_wconf 91' lang='lat' dir='ltr'>melius</span> <span class='ocrx_word' id='word_1_188' title='bbox 1350 2681 1381 2733; x_wconf 91' lang='lat' dir='ltr'>et</span> 
     </span>
     <span class='ocr_line' id='line_1_21' title="bbox 118 2781 1379 2860; baseline -0.001 -20"><span class='ocrx_word' id='word_1_189' title='bbox 118 2781 273 2840; x_wconf 85' lang='lat' dir='ltr'>efficacius</span> <span class='ocrx_word' id='word_1_190' title='bbox 297 2782 407 2854; x_wconf 89' lang='lat' dir='ltr'>potuit,</span> <span class='ocrx_word' id='word_1_191' title='bbox 440 2781 549 2840; x_wconf 90' lang='lat' dir='ltr'>debuit</span> <span class='ocrx_word' id='word_1_192' title='bbox 570 2787 601 2838; x_wconf 90' lang='lat' dir='ltr'>et</span> <span class='ocrx_word' id='word_1_193' title='bbox 623 2781 723 2839; x_wconf 88' lang='lat' dir='ltr'>valuit</span> <span class='ocrx_word' id='word_1_194' title='bbox 752 2781 955 2855; x_wconf 89' lang='lat' dir='ltr'>solempniter</span> <span class='ocrx_word' id='word_1_195' title='bbox 977 2786 1024 2838; x_wconf 91' lang='lat' dir='ltr'>est</span> <span class='ocrx_word' id='word_1_196' title='bbox 1046 2785 1242 2855; x_wconf 89' lang='lat' dir='ltr'>protestatus,</span> <span class='ocrx_word' id='word_1_197' title='bbox 1265 2797 1379 2860; x_wconf 85' lang='lat' dir='ltr'>¹meque</span> 
     </span>
     <span class='ocr_line' id='line_1_22' title="bbox 116 2885 1380 2960; baseline -0.002 -13"><span class='ocrx_word' id='word_1_198' title='bbox 116 2888 273 2948; x_wconf 90' lang='lat' dir='ltr'>notarium</span> <span class='ocrx_word' id='word_1_199' title='bbox 305 2887 467 2960; x_wconf 90' lang='lat' dir='ltr'>publicum</span> <span class='ocrx_word' id='word_1_200' title='bbox 498 2886 710 2960; x_wconf 88' lang='lat' dir='ltr'>subscriptum</span> <span class='ocrx_word' id='word_1_201' title='bbox 740 2885 845 2943; x_wconf 90' lang='lat' dir='ltr'>debita</span> <span class='ocrx_word' id='word_1_202' title='bbox 874 2901 947 2944; x_wconf 90' lang='lat' dir='ltr'>cum</span> <span class='ocrx_word' id='word_1_203' title='bbox 970 2887 1118 2945; x_wconf 89' lang='lat' dir='ltr'>instancia</span> <span class='ocrx_word' id='word_1_204' title='bbox 1151 2887 1323 2960; x_wconf 80' lang='lat' dir='ltr'>requisivit,</span> <span class='ocrx_word' id='word_1_205' title='bbox 1347 2892 1380 2945; x_wconf 89' lang='lat' dir='ltr'>ut</span> 
     </span>
     <span class='ocr_line' id='line_1_23' title="bbox 115 2990 1378 3068; baseline -0.002 -16"><span class='ocrx_word' id='word_1_206' title='bbox 115 2995 178 3052; x_wconf 91' lang='lat' dir='ltr'>sibi</span> <span class='ocrx_word' id='word_1_207' title='bbox 213 3008 272 3068; x_wconf 92' lang='lat' dir='ltr'>pro</span> <span class='ocrx_word' id='word_1_208' title='bbox 306 2991 426 3051; x_wconf 89' lang='lat' dir='ltr'>cautela</span> <span class='ocrx_word' id='word_1_209' title='bbox 459 2990 536 3068; x_wconf 85' lang='lat' dir='ltr'>juris</span> <span class='ocrx_word' id='word_1_210' title='bbox 571 2998 601 3050; x_wconf 90' lang='lat' dir='ltr'>et</span> <span class='ocrx_word' id='word_1_211' title='bbox 635 2990 850 3065; x_wconf 88' lang='lat' dir='ltr'>disposicionis</span> <span class='ocrx_word' id='word_1_212' title='bbox 873 2991 1040 3050; x_wconf 87' lang='lat' dir='ltr'>solucionis</span> <span class='ocrx_word' id='word_1_213' title='bbox 1063 2991 1183 3066; x_wconf 87' lang='lat' dir='ltr'>prefate</span> <span class='ocrx_word' id='word_1_214' title='bbox 1204 3007 1302 3050; x_wconf 91' lang='lat' dir='ltr'>unum</span> <span class='ocrx_word' id='word_1_215' title='bbox 1326 2993 1378 3050; x_wconf 86' lang='lat' dir='ltr'>vel</span> 
     </span>
     <span class='ocr_line' id='line_1_24' title="bbox 114 3097 1380 3173; baseline 0 -17"><span class='ocrx_word' id='word_1_216' title='bbox 114 3099 219 3173; x_wconf 91' lang='lat' dir='ltr'>plura,</span> <span class='ocrx_word' id='word_1_217' title='bbox 244 3099 408 3172; x_wconf 82' lang='lat' dir='ltr'>publicum</span> <span class='ocrx_word' id='word_1_218' title='bbox 423 3112 476 3156; x_wconf 92' lang='lat' dir='ltr'>seu</span> <span class='ocrx_word' id='word_1_219' title='bbox 490 3097 626 3170; x_wconf 88' lang='lat' dir='ltr'>publica,</span> <span class='ocrx_word' id='word_1_220' title='bbox 638 3097 877 3155; x_wconf 89' lang='lat' dir='ltr'>instrumentum</span> <span class='ocrx_word' id='word_1_221' title='bbox 893 3103 946 3156; x_wconf 94' lang='lat' dir='ltr'>aut</span> <span class='ocrx_word' id='word_1_222' title='bbox 968 3098 1169 3156; x_wconf 90' lang='lat' dir='ltr'>instrumenta</span> <span class='ocrx_word' id='word_1_223' title='bbox 1185 3097 1380 3172; x_wconf 90' lang='lat' dir='ltr'>conficerem,</span> 
     </span>
     <span class='ocr_line' id='line_1_25' title="bbox 116 3203 1378 3280; baseline -0.002 -16"><span class='ocrx_word' id='word_1_224' title='bbox 116 3205 202 3280; x_wconf 92' lang='lat' dir='ltr'>quod</span> <span class='ocrx_word' id='word_1_225' title='bbox 228 3211 259 3263; x_wconf 88' lang='lat' dir='ltr'>et</span> <span class='ocrx_word' id='word_1_226' title='bbox 292 3204 351 3262; x_wconf 88' lang='lat' dir='ltr'>feci</span> <span class='ocrx_word' id='word_1_227' title='bbox 381 3203 485 3262; x_wconf 90' lang='lat' dir='ltr'>officio</span> <span class='ocrx_word' id='word_1_228' title='bbox 517 3203 595 3261; x_wconf 92' lang='lat' dir='ltr'>mihi</span> <span class='ocrx_word' id='word_1_229' title='bbox 625 3203 822 3263; x_wconf 88' lang='lat' dir='ltr'>incumbente</span> <span class='ocrx_word' id='word_1_230' title='bbox 845 3209 874 3260; x_wconf 92' lang='lat' dir='ltr'>et</span> <span class='ocrx_word' id='word_1_231' title='bbox 898 3203 1056 3260; x_wconf 88' lang='lat' dir='ltr'>communi</span> <span class='ocrx_word' id='word_1_232' title='bbox 1080 3203 1199 3261; x_wconf 87' lang='lat' dir='ltr'>iusticia</span> <span class='ocrx_word' id='word_1_233' title='bbox 1223 3203 1378 3270; x_wconf 82' lang='lat' dir='ltr'>suadente.</span> 
     </span>
     <span class='ocr_line' id='line_1_26' title="bbox 112 3307 1381 3380; baseline -0.002 -11"><span class='ocrx_word' id='word_1_234' title='bbox 112 3313 193 3370; x_wconf 88' lang='lat' dir='ltr'>Acta</span> <span class='ocrx_word' id='word_1_235' title='bbox 223 3315 296 3370; x_wconf 93' lang='lat' dir='ltr'>sunt</span> <span class='ocrx_word' id='word_1_236' title='bbox 330 3311 386 3367; x_wconf 89' lang='lat' dir='ltr'>hec</span> <span class='ocrx_word' id='word_1_237' title='bbox 419 3315 450 3366; x_wconf 92' lang='lat' dir='ltr'>et</span> <span class='ocrx_word' id='word_1_238' title='bbox 480 3308 560 3366; x_wconf 90' lang='lat' dir='ltr'>facta</span> <span class='ocrx_word' id='word_1_239' title='bbox 594 3323 690 3380; x_wconf 93' lang='lat' dir='ltr'>anno,</span> <span class='ocrx_word' id='word_1_240' title='bbox 724 3307 907 3380; x_wconf 88' lang='lat' dir='ltr'>indiccione,</span> <span class='ocrx_word' id='word_1_241' title='bbox 927 3307 987 3380; x_wconf 88' lang='lat' dir='ltr'>die,</span> <span class='ocrx_word' id='word_1_242' title='bbox 1013 3323 1125 3380; x_wconf 91' lang='lat' dir='ltr'>mense,</span> <span class='ocrx_word' id='word_1_243' title='bbox 1149 3309 1234 3378; x_wconf 90' lang='lat' dir='ltr'>hora,</span> <span class='ocrx_word' id='word_1_244' title='bbox 1258 3308 1327 3366; x_wconf 93' lang='lat' dir='ltr'>loco</span> <span class='ocrx_word' id='word_1_245' title='bbox 1350 3315 1381 3368; x_wconf 87' lang='lat' dir='ltr'>et</span> 
     </span>
     <span class='ocr_line' id='line_1_27' title="bbox 110 3412 1378 3490; baseline -0.004 -14"><span class='ocrx_word' id='word_1_246' title='bbox 110 3416 309 3490; x_wconf 90' lang='lat' dir='ltr'>pontificatu,</span> <span class='ocrx_word' id='word_1_247' title='bbox 324 3416 438 3489; x_wconf 88' lang='lat' dir='ltr'>quibus</span> <span class='ocrx_word' id='word_1_248' title='bbox 460 3430 562 3489; x_wconf 90' lang='lat' dir='ltr'>supra.</span> <span class='ocrx_word' id='word_1_249' title='bbox 580 3414 775 3472; x_wconf 90' lang='lat' dir='ltr'>Presentibus</span> <span class='ocrx_word' id='word_1_250' title='bbox 798 3412 916 3471; x_wconf 89' lang='lat' dir='ltr'>ibidem</span> <span class='ocrx_word' id='word_1_251' title='bbox 938 3413 1175 3472; x_wconf 87' lang='lat' dir='ltr'>honorabilibus</span> <span class='ocrx_word' id='word_1_252' title='bbox 1198 3419 1227 3472; x_wconf 92' lang='lat' dir='ltr'>et</span> <span class='ocrx_word' id='word_1_253' title='bbox 1250 3415 1378 3472; x_wconf 89' lang='lat' dir='ltr'>circum·</span> 
     </span>
     <span class='ocr_line' id='line_1_28' title="bbox 109 3519 1379 3598; baseline -0.001 -18"><span class='ocrx_word' id='word_1_254' title='bbox 109 3523 229 3598; x_wconf 89' lang='lat' dir='ltr'>spectis</span> <span class='ocrx_word' id='word_1_255' title='bbox 260 3521 395 3580; x_wconf 89' lang='lat' dir='ltr'>dominis</span> <span class='ocrx_word' id='word_1_256' title='bbox 426 3521 549 3578; x_wconf 88' lang='lat' dir='ltr'>Matheo</span> <span class='ocrx_word' id='word_1_257' title='bbox 581 3519 716 3594; x_wconf 90' lang='lat' dir='ltr'>plebano</span> <span class='ocrx_word' id='word_1_258' title='bbox 746 3519 874 3577; x_wconf 91' lang='lat' dir='ltr'>ecclesie</span> <span class='ocrx_word' id='word_1_259' title='bbox 898 3519 1086 3592; x_wconf 89' lang='lat' dir='ltr'>parochialis</span> <span class='ocrx_word' id='word_1_260' title='bbox 1109 3520 1206 3577; x_wconf 90' lang='lat' dir='ltr'>sancti</span> <span class='ocrx_word' id='word_1_261' title='bbox 1229 3521 1325 3578; x_wconf 89' lang='lat' dir='ltr'>Marci</span> <span class='ocrx_word' id='word_1_262' title='bbox 1348 3521 1379 3580; x_wconf 90' lang='lat' dir='ltr'>in</span> 
     </span>
     <span class='ocr_line' id='line_1_29' title="bbox 109 3624 1382 3700; baseline -0.002 -13"><span class='ocrx_word' id='word_1_263' title='bbox 109 3625 225 3687; x_wconf 85' lang='lat' dir='ltr'>eadem</span> <span class='ocrx_word' id='word_1_264' title='bbox 254 3633 360 3686; x_wconf 89' lang='lat' dir='ltr'>monte</span> <span class='ocrx_word' id='word_1_265' title='bbox 382 3625 535 3698; x_wconf 91' lang='lat' dir='ltr'>Grecensi,</span> <span class='ocrx_word' id='word_1_266' title='bbox 563 3626 688 3697; x_wconf 86' lang='lat' dir='ltr'>Briccio,</span> <span class='ocrx_word' id='word_1_267' title='bbox 711 3632 829 3683; x_wconf 87' lang='lat' dir='ltr'>rectore</span> <span class='ocrx_word' id='word_1_268' title='bbox 851 3625 959 3682; x_wconf 88' lang='lat' dir='ltr'>altaris</span> <span class='ocrx_word' id='word_1_269' title='bbox 982 3625 1079 3683; x_wconf 89' lang='lat' dir='ltr'>sancti</span> <span class='ocrx_word' id='word_1_270' title='bbox 1103 3624 1224 3683; x_wconf 88' lang='lat' dir='ltr'>Nicolai</span> <span class='ocrx_word' id='word_1_271' title='bbox 1244 3626 1382 3700; x_wconf 87' lang='lat' dir='ltr'>episcopi</span> 
     </span>
     <span class='ocr_line' id='line_1_30' title="bbox 109 3729 1383 3805; baseline 0 -13"><span class='ocrx_word' id='word_1_272' title='bbox 109 3733 310 3805; x_wconf 85' lang='lat' dir='ltr'>confessoris,</span> <span class='ocrx_word' id='word_1_273' title='bbox 341 3733 468 3805; x_wconf 91' lang='lat' dir='ltr'>ibidem,</span> <span class='ocrx_word' id='word_1_274' title='bbox 501 3732 670 3790; x_wconf 88' lang='lat' dir='ltr'>Laureucio</span> <span class='ocrx_word' id='word_1_275' title='bbox 698 3730 822 3805; x_wconf 92' lang='lat' dir='ltr'>Sporar,</span> <span class='ocrx_word' id='word_1_276' title='bbox 855 3731 957 3789; x_wconf 91' lang='lat' dir='ltr'>Blasio</span> <span class='ocrx_word' id='word_1_277' title='bbox 981 3729 1156 3804; x_wconf 89' lang='lat' dir='ltr'>Stenychlri,</span> <span class='ocrx_word' id='word_1_278' title='bbox 1181 3730 1278 3788; x_wconf 87' lang='lat' dir='ltr'>Paulo</span> <span class='ocrx_word' id='word_1_279' title='bbox 1301 3733 1383 3792; x_wconf 89' lang='lat' dir='ltr'>auri-</span> 
     </span>
     <span class='ocr_line' id='line_1_31' title="bbox 109 3835 1383 3914; baseline -0.001 -17"><span class='ocrx_word' id='word_1_280' title='bbox 109 3839 206 3898; x_wconf 84' lang='lat' dir='ltr'>fabro</span> <span class='ocrx_word' id='word_1_281' title='bbox 231 3845 263 3898; x_wconf 91' lang='lat' dir='ltr'>et</span> <span class='ocrx_word' id='word_1_282' title='bbox 295 3839 389 3899; x_wconf 90' lang='lat' dir='ltr'>Gallo</span> <span class='ocrx_word' id='word_1_283' title='bbox 421 3839 581 3912; x_wconf 89' lang='lat' dir='ltr'>Rudetych</span> <span class='ocrx_word' id='word_1_284' title='bbox 605 3838 726 3896; x_wconf 89' lang='lat' dir='ltr'>civibus</span> <span class='ocrx_word' id='word_1_285' title='bbox 748 3835 811 3914; x_wconf 88' lang='lat' dir='ltr'>jam</span> <span class='ocrx_word' id='word_1_286' title='bbox 835 3837 898 3896; x_wconf 88' lang='lat' dir='ltr'>fate</span> <span class='ocrx_word' id='word_1_287' title='bbox 921 3838 1053 3896; x_wconf 86' lang='lat' dir='ltr'>civitatis</span> <span class='ocrx_word' id='word_1_288' title='bbox 1076 3837 1190 3895; x_wconf 89' lang='lat' dir='ltr'>montis</span> <span class='ocrx_word' id='word_1_289' title='bbox 1213 3837 1383 3910; x_wconf 88' lang='lat' dir='ltr'>Grecensis,</span> 
     </span>
     <span class='ocr_line' id='line_1_32' title="bbox 109 3941 1384 4020; baseline -0.001 -16"><span class='ocrx_word' id='word_1_290' title='bbox 109 3945 251 4019; x_wconf 89' lang='lat' dir='ltr'>aliisque</span> <span class='ocrx_word' id='word_1_291' title='bbox 283 3961 378 4020; x_wconf 91' lang='lat' dir='ltr'>quam</span> <span class='ocrx_word' id='word_1_292' title='bbox 402 3945 547 4020; x_wconf 89' lang='lat' dir='ltr'>pluribus</span> <span class='ocrx_word' id='word_1_293' title='bbox 569 3944 688 4003; x_wconf 81' lang='lat' dir='ltr'>idoneis</span> <span class='ocrx_word' id='word_1_294' title='bbox 711 3949 741 4001; x_wconf 86' lang='lat' dir='ltr'>et</span> <span class='ocrx_word' id='word_1_295' title='bbox 764 3941 911 4001; x_wconf 89' lang='lat' dir='ltr'>fidelibus</span> <span class='ocrx_word' id='word_1_296' title='bbox 932 3943 1063 4001; x_wconf 88' lang='lat' dir='ltr'>testibus</span> <span class='ocrx_word' id='word_1_297' title='bbox 1086 3942 1125 4001; x_wconf 93' lang='lat' dir='ltr'>ad</span> <span class='ocrx_word' id='word_1_298' title='bbox 1155 3945 1307 4018; x_wconf 91' lang='lat' dir='ltr'>premissa</span> <span class='ocrx_word' id='word_1_299' title='bbox 1331 3959 1384 4004; x_wconf 87' lang='lat' dir='ltr'>vo·</span> 
     </span>
     <span class='ocr_line' id='line_1_33' title="bbox 109 4048 1119 4124; baseline -0.002 -14"><span class='ocrx_word' id='word_1_300' title='bbox 109 4052 197 4122; x_wconf 86' lang='lat' dir='ltr'>catis,</span> <span class='ocrx_word' id='word_1_301' title='bbox 221 4053 343 4124; x_wconf 86' lang='lat' dir='ltr'>rogatis</span> <span class='ocrx_word' id='word_1_302' title='bbox 366 4051 451 4109; x_wconf 89' lang='lat' dir='ltr'>etin</span> <span class='ocrx_word' id='word_1_303' title='bbox 474 4050 684 4109; x_wconf 87' lang='lat' dir='ltr'>testimonium</span> <span class='ocrx_word' id='word_1_304' title='bbox 707 4048 932 4124; x_wconf 89' lang='lat' dir='ltr'>premissorum</span> <span class='ocrx_word' id='word_1_305' title='bbox 956 4049 1119 4122; x_wconf 87' lang='lat' dir='ltr'>requisitis.</span> 
     </span>
    </p>
   </div>
   <div class='ocr_carea' id='block_1_3' title="bbox 109 4254 1391 4972">
    <p class='ocr_par' dir='ltr' id='par_1_10' title="bbox 128 4254 253 4396">
     <span class='ocr_line' id='line_1_34' title="bbox 130 4254 253 4318; baseline -0.016 -14"><span class='ocrx_word' id='word_1_306' title='bbox 130 4254 253 4318; x_wconf 77' lang='lat' dir='ltr'>Signum</span> 
     </span>
     <span class='ocr_line' id='line_1_35' title="bbox 128 4344 246 4396; baseline 0.017 -3"><span class='ocrx_word' id='word_1_307' title='bbox 128 4344 246 4396; x_wconf 82' lang='lat' dir='ltr'>notarii.</span> 
     </span>
    </p>

    <p class='ocr_par' dir='ltr' id='par_1_11' title="bbox 109 4471 1391 4972">
     <span class='ocr_line' id='line_1_36' title="bbox 220 4471 1388 4548; baseline 0.001 -17"><span class='ocrx_word' id='word_1_308' title='bbox 220 4474 263 4531; x_wconf 90' lang='lat' dir='ltr'>Et</span> <span class='ocrx_word' id='word_1_309' title='bbox 287 4487 345 4546; x_wconf 92' lang='lat' dir='ltr'>ego</span> <span class='ocrx_word' id='word_1_310' title='bbox 377 4473 518 4531; x_wconf 88' lang='lat' dir='ltr'>Matheus</span> <span class='ocrx_word' id='word_1_311' title='bbox 547 4472 691 4548; x_wconf 81' lang='lat' dir='ltr'>Gregorii</span> <span class='ocrx_word' id='word_1_312' title='bbox 714 4473 753 4532; x_wconf 87' lang='lat' dir='ltr'>de</span> <span class='ocrx_word' id='word_1_313' title='bbox 775 4473 1106 4547; x_wconf 82' lang='lat' dir='ltr'>Szenthgywrgywara</span> <span class='ocrx_word' id='word_1_314' title='bbox 1129 4471 1260 4531; x_wconf 89' lang='lat' dir='ltr'>clericus</span> <span class='ocrx_word' id='word_1_315' title='bbox 1282 4487 1388 4548; x_wconf 89' lang='lat' dir='ltr'>zagra·</span> 
     </span>
     <span class='ocr_line' id='line_1_37' title="bbox 109 4578 1385 4659; baseline 0 -21"><span class='ocrx_word' id='word_1_316' title='bbox 109 4579 236 4638; x_wconf 72' lang='lat' dir='ltr'>aiensis</span> <span class='ocrx_word' id='word_1_317' title='bbox 274 4578 414 4651; x_wconf 89' lang='lat' dir='ltr'>diocesis,</span> <span class='ocrx_word' id='word_1_318' title='bbox 448 4593 535 4637; x_wconf 90' lang='lat' dir='ltr'>sacra</span> <span class='ocrx_word' id='word_1_319' title='bbox 567 4579 725 4655; x_wconf 87' lang='lat' dir='ltr'>imperiali</span> <span class='ocrx_word' id='word_1_320' title='bbox 756 4581 937 4638; x_wconf 87' lang='lat' dir='ltr'>auctoritate</span> <span class='ocrx_word' id='word_1_321' title='bbox 972 4580 1110 4659; x_wconf 87' lang='lat' dir='ltr'>notarius</span> <span class='ocrx_word' id='word_1_322' title='bbox 1133 4579 1286 4653; x_wconf 85' lang='lat' dir='ltr'>publicus,</span> <span class='ocrx_word' id='word_1_323' title='bbox 1311 4580 1385 4654; x_wconf 88' lang='lat' dir='ltr'>quia</span> 
     </span>
     <span class='ocr_line' id='line_1_38' title="bbox 109 4684 1389 4761; baseline -0.001 -16"><span class='ocrx_word' id='word_1_324' title='bbox 109 4685 254 4760; x_wconf 68' lang='lat' dir='ltr'>prefatis</span> <span class='ocrx_word' id='word_1_325' title='bbox 278 4684 414 4756; x_wconf 89' lang='lat' dir='ltr'>fassioni,</span> <span class='ocrx_word' id='word_1_326' title='bbox 437 4687 656 4760; x_wconf 90' lang='lat' dir='ltr'>protestacioni</span> <span class='ocrx_word' id='word_1_327' title='bbox 681 4693 711 4746; x_wconf 91' lang='lat' dir='ltr'>et</span> <span class='ocrx_word' id='word_1_328' title='bbox 734 4687 932 4761; x_wconf 89' lang='lat' dir='ltr'>requisicioni</span> <span class='ocrx_word' id='word_1_329' title='bbox 954 4687 1086 4761; x_wconf 89' lang='lat' dir='ltr'>aliisque</span> <span class='ocrx_word' id='word_1_330' title='bbox 1109 4686 1256 4744; x_wconf 89' lang='lat' dir='ltr'>omnibus</span> <span class='ocrx_word' id='word_1_331' title='bbox 1279 4691 1309 4744; x_wconf 96' lang='lat' dir='ltr'>et</span> <span class='ocrx_word' id='word_1_332' title='bbox 1324 4686 1389 4744; x_wconf 87' lang='lat' dir='ltr'>sin·</span> 
     </span>
     <span class='ocr_line' id='line_1_39' title="bbox 109 4790 1389 4867; baseline 0 -18"><span class='ocrx_word' id='word_1_333' title='bbox 109 4791 196 4864; x_wconf 65' lang='lat' dir='ltr'>{ulis</span> <span class='ocrx_word' id='word_1_334' title='bbox 226 4791 404 4867; x_wconf 87' lang='lat' dir='ltr'>premissis,</span> <span class='ocrx_word' id='word_1_335' title='bbox 428 4790 504 4848; x_wconf 91' lang='lat' dir='ltr'>dum</span> <span class='ocrx_word' id='word_1_336' title='bbox 534 4793 587 4863; x_wconf 91' lang='lat' dir='ltr'>sic,</span> <span class='ocrx_word' id='word_1_337' title='bbox 610 4797 644 4850; x_wconf 92' lang='lat' dir='ltr'>ut</span> <span class='ocrx_word' id='word_1_338' title='bbox 666 4791 831 4866; x_wconf 86' lang='lat' dir='ltr'>prefertur,</span> <span class='ocrx_word' id='word_1_339' title='bbox 861 4791 971 4850; x_wconf 87' lang='lat' dir='ltr'>fierent</span> <span class='ocrx_word' id='word_1_340' title='bbox 999 4797 1029 4849; x_wconf 92' lang='lat' dir='ltr'>et</span> <span class='ocrx_word' id='word_1_341' title='bbox 1060 4796 1234 4865; x_wconf 89' lang='lat' dir='ltr'>agerentur,</span> <span class='ocrx_word' id='word_1_342' title='bbox 1256 4806 1389 4850; x_wconf 91' lang='lat' dir='ltr'>unacum</span> 
     </span>
     <span class='ocr_line' id='line_1_40' title="bbox 109 4896 1391 4972; baseline 0 -18"><span class='ocrx_word' id='word_1_343' title='bbox 109 4898 347 4956; x_wconf 83' lang='lat' dir='ltr'>›renominatie</span> <span class='ocrx_word' id='word_1_344' title='bbox 383 4897 513 4955; x_wconf 90' lang='lat' dir='ltr'>testibus</span> <span class='ocrx_word' id='word_1_345' title='bbox 545 4913 672 4972; x_wconf 90' lang='lat' dir='ltr'>presens</span> <span class='ocrx_word' id='word_1_346' title='bbox 706 4896 840 4970; x_wconf 88' lang='lat' dir='ltr'>interfui,</span> <span class='ocrx_word' id='word_1_347' title='bbox 875 4913 973 4972; x_wconf 89' lang='lat' dir='ltr'>eaque</span> <span class='ocrx_word' id='word_1_348' title='bbox 1007 4897 1113 4955; x_wconf 89' lang='lat' dir='ltr'>omnia</span> <span class='ocrx_word' id='word_1_349' title='bbox 1146 4901 1177 4955; x_wconf 90' lang='lat' dir='ltr'>et</span> <span class='ocrx_word' id='word_1_350' title='bbox 1199 4897 1323 4970; x_wconf 87' lang='lat' dir='ltr'>singula</span> <span class='ocrx_word' id='word_1_351' title='bbox 1346 4897 1391 4955; x_wconf 89' lang='lat' dir='ltr'>sic</span> 
     </span>
    </p>
   </div>
   <div class='ocr_carea' id='block_1_4' title="bbox 109 5003 1389 5141">
    <p class='ocr_par' dir='ltr' id='par_1_12' title="bbox 109 5003 1389 5141">
     <span class='ocr_line' id='line_1_41' title="bbox 109 5003 1389 5080; baseline -0.002 -18"><span class='ocrx_word' id='word_1_352' title='bbox 109 5003 180 5063; x_wconf 84' lang='lat' dir='ltr'>ieri</span> <span class='ocrx_word' id='word_1_353' title='bbox 207 5003 285 5063; x_wconf 83' lang='lat' dir='ltr'>vidi</span> <span class='ocrx_word' id='word_1_354' title='bbox 304 5009 335 5063; x_wconf 95' lang='lat' dir='ltr'>et</span> <span class='ocrx_word' id='word_1_355' title='bbox 351 5003 467 5077; x_wconf 84' lang='lat' dir='ltr'>audiri,</span> <span class='ocrx_word' id='word_1_356' title='bbox 489 5003 560 5062; x_wconf 91' lang='lat' dir='ltr'>ideo</span> <span class='ocrx_word' id='word_1_357' title='bbox 583 5005 642 5062; x_wconf 92' lang='lat' dir='ltr'>hoc</span> <span class='ocrx_word' id='word_1_358' title='bbox 663 5019 790 5080; x_wconf 89' lang='lat' dir='ltr'>presens</span> <span class='ocrx_word' id='word_1_359' title='bbox 814 5004 979 5079; x_wconf 88' lang='lat' dir='ltr'>publicum</span> <span class='ocrx_word' id='word_1_360' title='bbox 1002 5004 1243 5062; x_wconf 88' lang='lat' dir='ltr'>instrumentum</span> <span class='ocrx_word' id='word_1_361' title='bbox 1266 5018 1322 5077; x_wconf 90' lang='lat' dir='ltr'>per</span> <span class='ocrx_word' id='word_1_362' title='bbox 1339 5018 1389 5060; x_wconf 89' lang='lat' dir='ltr'>me</span> 
     </span>
     <span class='ocr_line' id='line_1_42' title="bbox 1268 5105 1285 5141; baseline 0 0"><span class='ocrx_word' id='word_1_363' title='bbox 1268 5105 1285 5141; x_wconf 67' lang='lat' dir='ltr'>ss</span> 
     </span>
    </p>
   </div>
   <div class='ocr_carea' id='block_1_5' title="bbox 0 0 1906 5858">
    <p class='ocr_par' dir='ltr' id='par_1_13' title="bbox 0 0 1906 5858">
     <span class='ocr_line' id='line_1_43' title="bbox 0 0 1906 5858; baseline 0 13"><span class='ocrx_word' id='word_1_364' title='bbox 0 0 1906 5858; x_wconf 95' lang='lat' dir='ltr'> </span> 
     </span>
    </p>
   </div>
  </div>
 </body>
</html>
