3828 5822
752 489 827 548 Doc.
850 485 922 565 287.
944 483 1019 546 288.
1043 519 1085 532 -
1107 486 1165 546 An.
1192 495 1280 564 1473.

978 698 1062 768 287.

495 845 577 895 Auno
598 855 673 908 1473,
695 856 736 907 23.
754 843 824 896 mnii.
844 841 992 907 anrabiae.

392 971 535 1034 Nicolaus
564 968 655 1051 [sylei
678 979 706 1030 et
726 969 899 1030 Damr’cnus
922 970 1049 1041 Hamae,
1072 969 1150 1040 bani,
1173 969 1204 1026 in
1226 985 1324 1040 causa,
1346 985 1421 1044 quae
1442 970 1520 1028 inter
1538 987 1660 1029 conm-

446 1080 565 1138 nr'tatem
586 1079 718 1138 civr'tatr's
740 1084 769 1136 et
782 1076 951 1156 johannem
979 1074 1043 1132 Tua
1064 1075 1173 1150 agatur,
1195 1087 1299 1140 novam
1321 1075 1395 1134 diem
1417 1077 1600 1136 constituunt

495 1221 559 1280 Nos
589 1220 737 1280 Nicotaus
768 1221 818 1280 dei
848 1220 952 1294 gracia
982 1235 1037 1280 rex
1068 1219 1167 1280 Bozne
1198 1225 1228 1280 et
1250 1220 1422 1280 Damianos
1444 1221 1597 1280 Horwath
1619 1220 1659 1280 de

390 1317 576 1407 Ly(n)thwa,
608 1327 687 1386 inter
715 1332 816 1386 cetera
848 1326 936 1400 regni
967 1325 1131 1386 Sclavonie
1162 1327 1241 1386 bani.
1273 1327 1392 1386 Damus
1416 1341 1474 1402 pro
1497 1328 1659 1398 memoria,

390 1432 475 1508 quod
505 1447 639 1506 causam,
663 1449 758 1508 quarn
780 1433 1012 1508 circumspecti,
1045 1431 1149 1505 iudex,
1173 1433 1275 1506 iurati,
1299 1434 1455 1508 ceterique
1478 1434 1561 1492 cives
1584 1433 1659 1491 civi·

391 1539 464 1600 tatis
494 1539 608 1598 montis
639 1539 811 1614 Grecensis,
844 1538 882 1596 de
911 1539 997 1596 iuxta
1029 1537 1222 1612 Zagrabiam,
1253 1543 1360 1598 contra
1383 1538 1584 1613 magnificum
1606 1538 1659 1623 Jo-

391 1647 527 1704 hannem
551 1644 645 1704 Thwz
669 1644 708 1704 de
730 1643 803 1718 Lair,
828 1645 915 1704 iuxta
937 1645 1156 1704 continentiam
1181 1645 1357 1704 litterarum
1373 1645 1502 1720 capituli
1523 1645 1660 1704 albensis

392 1749 698 1821 introductoriarum,
721 1733 956 1810 statutoriarurn
971 1756 1001 1810 et
1017 1751 1265 1810 evocatoriarum
1281 1751 1478 1826 superiectis
1494 1751 1525 1808 in
1540 1749 1660 1809 eisdem

395 1856 546 1916 contentis
576 1857 609 1916 in
638 1859 834 1931 presentibus
865 1858 983 1916 octavis
1014 1856 1084 1916 festi
1111 1858 1194 1916 beati
1224 1856 1351 1931 Georgii
1373 1857 1510 1916 martiris
1531 1857 1563 1915 in
1586 1855 1659 1915 sede

396 1961 589 2036 zagrabiensi
621 1977 748 2022 movere
778 1964 936 2023 habebant
966 1977 1070 2022 coram
1099 1964 1198 2036 nobis,
1229 1963 1412 2024 racionabili
1442 1963 1481 2021 de
1503 1977 1594 2022 causa
1617 1961 1658 2020 ad

394 2073 519 2128 octavas
542 2067 612 2128 testi
633 2069 716 2128 beati
738 2069 848 2154 Jacohi
871 2069 1014 2144 apostoli,
1036 2082 1117 2128 nunc
1142 2074 1293 2136 venturas,
1310 2074 1390 2130 statu
1414 2070 1446 2128 in
1468 2067 1579 2127 eodem
1602 2067 1658 2126 du-

394 2175 498 2234 ximus
532 2174 770 2248 prorogandam.
802 2175 961 2234 Presentes
984 2180 1088 2236 autem
1111 2177 1223 2249 sigillis
1246 2177 1396 2234 comitum
1417 2181 1594 2234 nostrorum
1610 2188 1659 2232 za·

393 2279 604 2354 grabiensium
629 2281 758 2340 fecimus
781 2282 962 2354 consignari.
985 2282 1103 2342 Datum
1126 2281 1276 2355 Zagrabie
1299 2282 1451 2354 vigesimo
1475 2285 1586 2356 quarto
1608 2279 1658 2338 die

394 2389 574 2444 octavarum
598 2385 668 2446 testi
691 2387 775 2446 beati
797 2386 925 2460 Georgii
947 2387 1084 2448 martiris
1100 2389 1320 2464 predictarum.
1345 2389 1435 2447 Anno
1452 2387 1570 2447 domini
1585 2386 1658 2446 mil-

394 2491 505 2550 lesimo
530 2492 833 2566 quadringentesimo
857 2495 1087 2567 septuagesimo
1110 2495 1214 2554 tercio

499 2601 542 2667 (A
561 2600 658 2668 tergo).
680 2599 740 2658 Pro
763 2601 994 2673 circumspectis
1017 2600 1126 2673 iudice,
1157 2597 1266 2676 juratis
1289 2615 1324 2658 ac
1347 2600 1417 2658 aliis
1440 2599 1561 2658 civibus
1583 2599 1658 2658 civi·

394 2710 464 2770 tatis
482 2707 609 2767 ,montis
639 2705 802 2764 Grecensis
825 2711 932 2764 contra
956 2705 1156 2778 magnificum
1181 2706 1343 2765 dominum
1365 2705 1538 2789 Johannem
1560 2704 1657 2763 Thwz

394 2817 433 2876 de
456 2815 522 2876 Lalr
551 2813 591 2872 ad
614 2817 739 2871 octavas
771 2811 842 2870 festi
872 2812 956 2872 beati
978 2811 1088 2894 Jacobi
1109 2813 1245 2890 apostoli
1266 2829 1348 2871 nunc
1369 2817 1525 2884 venturas,
1547 2824 1657 2886 proro·
1745 2841 1747 2844 ·

393 2922 519 2997 gatorie.

499 3054 634 3120 Originnle
652 3020 793 3106 inclama
813 3054 841 3104 A
860 3061 933 3118 tergo
950 3061 1075 3121 apparent
1093 3056 1203 3122 vestigia
1221 3056 1329 3106 duorum
1349 3055 1501 3121 sigillorum.
1519 3054 1655 3108 huehiv.

393 3145 440 3198 lib.
460 3159 513 3209 reg.
533 3143 602 3194 civit.
622 3141 723 3208 zagrab.
769 3160 777 3173 ·

985 3357 1068 3426 288

499 3517 580 3568 Anno
602 3529 677 3582 1473,
697 3527 740 3580 23.
758 3517 828 3568 maii.
848 3517 997 3582 Zagrabiae.

393 3646 422 3704 Α
446 3645 790 3714 communitate,civitau‘s
811 3647 914 3704 montis
943 3644 1092 3704 Grecensis
1111 3653 1211 3722 patres
1223 3647 1443 3706 Praedicatorcs
1465 3648 1656 3721 excepturum.

499 3788 563 3848 Nos
594 3788 713 3850 Blesius
735 3787 837 3866 judex,
860 3789 945 3848 filius
975 3790 1111 3863 Georgii,
1135 3791 1240 3865 Lucas,
1265 3791 1446 3864 Anthonius,
1470 3789 1655 3866 Stephanus,

394 3895 542 3968 Andreas,
566 3897 725 3968 Martinus,
749 3895 931 3970 Stephanus,
953 3897 1105 3970 Georgius
1125 3911 1160 3956 ac
1183 3897 1263 3956 alter
1286 3897 1439 3972 Georgius
1460 3896 1560 3974 jurati,
1583 3911 1655 3956 con·

391 4003 501 4064 siliarii
524 4007 554 4062 et
577 4002 714 4062 universi
737 4003 819 4062 cives
842 4003 976 4062 civitatis
996 4003 1109 4062 montis
1132 4003 1302 4065 Grecensis.
1326 4005 1475 4064 Memoris
1497 4019 1654 4078 commen·-

391 4110 502 4170 damus
525 4115 630 4170 tenore
653 4110 849 4184 presencium
872 4110 1087 4184 significantes,
1107 4112 1222 4185 quibus
1245 4113 1371 4186 expedit
1385 4113 1552 4173 universis:
1569 4111 1654 4187 quod

389 4216 528 4290 religiosi
550 4216 619 4288 viri,
643 4214 789 4276 videlicet
812 4215 908 4276 trater
932 4217 1073 4289 Michael,
1096 4233 1182 4276 sacre
1214 4219 1368 4293 theologie
1390 4219 1497 4292 lector,
1521 4218 1653 4278 vicanus

389 4323 526 4382 nacionis
556 4320 714 4382 slavonice
743 4337 779 4380 ac
809 4322 905 4382 trater
935 4323 1090 4393 Clemens,
1113 4325 1201 4398 prior
1224 4331 1392 4386 conventus
1414 4326 1511 4386 saucii
1533 4325 1654 4384 Nicolai

389 4429 507 4489 ordinis
537 4429 778 4502 Predicatorum,
808 4433 896 4490 extra
920 4445 1025 4489 muros
1049 4431 1162 4489 montis
1188 4431 1349 4492 Grecensis
1372 4431 1502 4507 fundati,
1535 4432 1652 4491 suiset

389 4536 531 4596 omnium
555 4535 629 4594 dicti
651 4540 820 4594 conventus
843 4536 976 4595 fratrum
999 4538 1031 4596 in
1054 4539 1194 4610 personis
1208 4544 1423 4612 presentarunt
1441 4540 1539 4613 nobis,
1564 4553 1650 4598 more

389 4641 481 4702 solito
505 4644 537 4702 in
557 4643 739 4702 consistorio
761 4651 865 4702 nostre
889 4644 1119 4702 communitatis
1142 4646 1344 4720 congregatis,
1367 4646 1517 4720 quasdam
1533 4647 1651 4706 litteras

389 4750 576 4809 serenissimi
607 4748 757 4823 principis
780 4755 810 4808 et
841 4749 960 4808 domini
991 4750 1115 4824 htathie,
1146 4752 1228 4825 regis
1258 4751 1416 4826 Hungarie
1446 4757 1500 4812 etc.
1533 4752 1650 4814 domini

387 4857 485 4916 nostri
515 4856 665 4916 naturalis
695 4861 789 4932 atque
819 4856 960 4929 graciosi,
992 4871 1090 4930 sanas,
1127 4859 1231 4916 salvas
1262 4864 1292 4924 et
1322 4843 1476 4933 integras,
1496 4859 1562 4919 eius
1592 4861 1650 4918 sub

388 4962 494 5036 sigillo
517 4964 549 5022 in
571 4963 669 5022 serico
691 4961 857 5038 pendenti,
883 4978 972 5021 veras
995 4979 1057 5022 non
1081 4965 1215 5038 viciatas,
1239 4964 1294 5024 sed
1317 4965 1403 5025 omni
1426 4979 1554 5042 prorsus
1568 4967 1649 5026 vicio
