<?xml version="1.0" encoding="UTF-8"?>
<!DOCTYPE html PUBLIC "-//W3C//DTD XHTML 1.0 Transitional//EN"
    "http://www.w3.org/TR/xhtml1/DTD/xhtml1-transitional.dtd">
<html xmlns="http://www.w3.org/1999/xhtml" xml:lang="en" lang="en">
 <head>
  <title>
</title>
<meta http-equiv="Content-Type" content="text/html;charset=utf-8" />
  <meta name='ocr-system' content='tesseract 3.04.00' />
  <meta name='ocr-capabilities' content='ocr_page ocr_carea ocr_par ocr_line ocrx_word'/>
</head>
<body>
  <div class='ocr_page' id='page_1' title='image "./monumentahistor20laszgoog_0280.png"; bbox 0 0 3736 5826; ppageno 0'>
   <div class='ocr_carea' id='block_1_1' title="bbox 729 551 1559 629">
    <p class='ocr_par' dir='ltr' id='par_1_1' title="bbox 729 551 1559 629">
     <span class='ocr_line' id='line_1_1' title="bbox 729 551 1559 629; baseline 0.004 -21"><span class='ocrx_word' id='word_1_1' title='bbox 729 553 802 610; x_wconf 88' lang='lat' dir='ltr'><strong>Doc.</strong></span> <span class='ocrx_word' id='word_1_2' title='bbox 827 563 874 628; x_wconf 85' lang='lat'><strong>25.</strong></span> <span class='ocrx_word' id='word_1_3' title='bbox 899 585 940 596; x_wconf 89' lang='lat'><em>-</em></span> <span class='ocrx_word' id='word_1_4' title='bbox 964 551 1021 610; x_wconf 88' lang='lat' dir='ltr'><strong>An.</strong></span> <span class='ocrx_word' id='word_1_5' title='bbox 1048 562 1133 629; x_wconf 77' lang='lat'><em>1417.</em></span> <span class='ocrx_word' id='word_1_6' title='bbox 1520 569 1559 627; x_wconf 82' lang='lat'><strong>23</strong></span> 
     </span>
    </p>
   </div>
   <div class='ocr_carea' id='block_1_2' title="bbox 293 765 1562 2965">
    <p class='ocr_par' dir='ltr' id='par_1_2' title="bbox 293 765 1562 2965">
     <span class='ocr_line' id='line_1_2' title="bbox 294 765 1561 842; baseline -0.002 -17"><span class='ocrx_word' id='word_1_7' title='bbox 294 771 400 826; x_wconf 88' lang='lat' dir='ltr'><strong>tenore</strong></span> <span class='ocrx_word' id='word_1_8' title='bbox 422 767 614 841; x_wconf 85' lang='lat' dir='ltr'><strong>imponimus</strong></span> <span class='ocrx_word' id='word_1_9' title='bbox 639 771 670 824; x_wconf 92' lang='lat' dir='ltr'><strong>et</strong></span> <span class='ocrx_word' id='word_1_10' title='bbox 692 765 800 840; x_wconf 91' lang='lat' dir='ltr'><strong>inponi</strong></span> <span class='ocrx_word' id='word_1_11' title='bbox 823 765 972 825; x_wconf 91' lang='lat' dir='ltr'><strong>volumus</strong></span> <span class='ocrx_word' id='word_1_12' title='bbox 994 768 1191 842; x_wconf 85' lang='lat' dir='ltr'>temporibus</span> <span class='ocrx_word' id='word_1_13' title='bbox 1215 767 1374 840; x_wconf 89' lang='lat' dir='ltr'><strong>perpetuis</strong></span> <span class='ocrx_word' id='word_1_14' title='bbox 1397 781 1433 824; x_wconf 92' lang='lat' dir='ltr'><strong>ac</strong></span> <span class='ocrx_word' id='word_1_15' title='bbox 1448 767 1561 824; x_wconf 89' lang='lat' dir='ltr'><strong>eternis</strong></span> 
     </span>
     <span class='ocr_line' id='line_1_3' title="bbox 294 870 1561 946; baseline 0 -16"><span class='ocrx_word' id='word_1_16' title='bbox 294 872 441 930; x_wconf 81' lang='lat' dir='ltr'><strong>duximus</strong></span> <span class='ocrx_word' id='word_1_17' title='bbox 463 871 697 946; x_wconf 88' lang='lat' dir='ltr'><strong>imponendum,</strong></span> <span class='ocrx_word' id='word_1_18' title='bbox 721 871 996 931; x_wconf 90' lang='lat' dir='ltr'><strong>constitucionibus</strong></span> <span class='ocrx_word' id='word_1_19' title='bbox 1017 873 1049 931; x_wconf 92' lang='lat' dir='ltr'><strong>in</strong></span> <span class='ocrx_word' id='word_1_20' title='bbox 1072 873 1264 932; x_wconf 89' lang='lat' dir='ltr'><strong>contrarium</strong></span> <span class='ocrx_word' id='word_1_21' title='bbox 1288 870 1378 930; x_wconf 89' lang='lat' dir='ltr'><strong>editis</strong></span> <span class='ocrx_word' id='word_1_22' title='bbox 1408 886 1470 930; x_wconf 90' lang='lat' dir='ltr'><strong>non</strong></span> <span class='ocrx_word' id='word_1_23' title='bbox 1505 872 1561 930; x_wconf 89' lang='lat' dir='ltr'><strong>ob-</strong></span> 
     </span>
     <span class='ocr_line' id='line_1_4' title="bbox 294 961 1561 1052; baseline -0.001 -15"><span class='ocrx_word' id='word_1_24' title='bbox 294 979 446 1038; x_wconf 81' lang='lat' dir='ltr'><strong>stantibus</strong></span> <span class='ocrx_word' id='word_1_25' title='bbox 469 979 727 1052; x_wconf 90' lang='lat' dir='ltr'><strong>quibuscumque,</strong></span> <span class='ocrx_word' id='word_1_26' title='bbox 759 991 816 1052; x_wconf 90' lang='lat' dir='ltr'><strong>per</strong></span> <span class='ocrx_word' id='word_1_27' title='bbox 846 993 1010 1038; x_wconf 89' lang='lat' dir='ltr'><strong>censuram</strong></span> <span class='ocrx_word' id='word_1_28' title='bbox 1046 961 1286 1038; x_wconf 74' lang='lat' dir='ltr'><strong>ecclesiasticam</strong></span> <span class='ocrx_word' id='word_1_29' title='bbox 1318 978 1561 1036; x_wconf 78' lang='lat' dir='ltr'><strong>contradicentes</strong></span> 
     </span>
     <span class='ocr_line' id='line_1_5' title="bbox 294 1083 1562 1159; baseline 0 -17"><span class='ocrx_word' id='word_1_30' title='bbox 294 1083 403 1142; x_wconf 88' lang='lat' dir='ltr'><strong>eadem</strong></span> <span class='ocrx_word' id='word_1_31' title='bbox 426 1084 608 1142; x_wconf 91' lang='lat' dir='ltr'><strong>auctoritate</strong></span> <span class='ocrx_word' id='word_1_32' title='bbox 630 1089 735 1142; x_wconf 91' lang='lat' dir='ltr'><strong>nostra</strong></span> <span class='ocrx_word' id='word_1_33' title='bbox 759 1083 893 1142; x_wconf 88' lang='lat' dir='ltr'><strong>firmiter</strong></span> <span class='ocrx_word' id='word_1_34' title='bbox 917 1085 1138 1159; x_wconf 90' lang='lat' dir='ltr'><strong>conpescendo.</strong></span> <span class='ocrx_word' id='word_1_35' title='bbox 1162 1084 1316 1143; x_wconf 87' lang='lat' dir='ltr'><strong>Nolumus</strong></span> <span class='ocrx_word' id='word_1_36' title='bbox 1338 1085 1420 1142; x_wconf 90' lang='lat' dir='ltr'><strong>enim</strong></span> <span class='ocrx_word' id='word_1_37' title='bbox 1442 1101 1499 1142; x_wconf 88' lang='lat' dir='ltr'><strong>nec</strong></span> <span class='ocrx_word' id='word_1_38' title='bbox 1513 1085 1562 1142; x_wconf 90' lang='lat' dir='ltr'><strong>in·</strong></span> 
     </span>
     <span class='ocr_line' id='line_1_6' title="bbox 294 1189 1561 1266; baseline 0.001 -18"><span class='ocrx_word' id='word_1_39' title='bbox 294 1189 450 1250; x_wconf 90' lang='lat' dir='ltr'><strong>tendimus</strong></span> <span class='ocrx_word' id='word_1_40' title='bbox 473 1190 559 1264; x_wconf 90' lang='lat' dir='ltr'><strong>quod</strong></span> <span class='ocrx_word' id='word_1_41' title='bbox 581 1189 796 1250; x_wconf 91' lang='lat' dir='ltr'><strong>consvetudini</strong></span> <span class='ocrx_word' id='word_1_42' title='bbox 819 1191 947 1249; x_wconf 88' lang='lat' dir='ltr'><strong>ecclesie</strong></span> <span class='ocrx_word' id='word_1_43' title='bbox 969 1196 1074 1250; x_wconf 91' lang='lat' dir='ltr'><strong>nostre</strong></span> <span class='ocrx_word' id='word_1_44' title='bbox 1096 1191 1234 1266; x_wconf 87' lang='lat' dir='ltr'><strong>predicte</strong></span> <span class='ocrx_word' id='word_1_45' title='bbox 1257 1192 1323 1249; x_wconf 84' lang='lat' dir='ltr'><strong>sive</strong></span> <span class='ocrx_word' id='word_1_46' title='bbox 1346 1191 1467 1250; x_wconf 90' lang='lat' dir='ltr'><strong>iuribus</strong></span> <span class='ocrx_word' id='word_1_47' title='bbox 1497 1191 1561 1249; x_wconf 93' lang='lat' dir='ltr'><strong>dic·</strong></span> 
     </span>
     <span class='ocr_line' id='line_1_7' title="bbox 295 1293 1561 1371; baseline 0.001 -17"><span class='ocrx_word' id='word_1_48' title='bbox 295 1301 399 1355; x_wconf 89' lang='lat' dir='ltr'><strong>torum</strong></span> <span class='ocrx_word' id='word_1_49' title='bbox 422 1293 701 1371; x_wconf 86' lang='lat' dir='ltr'><strong>prebendariorum</strong></span> <span class='ocrx_word' id='word_1_50' title='bbox 723 1297 883 1370; x_wconf 91' lang='lat' dir='ltr'><strong>hucusque</strong></span> <span class='ocrx_word' id='word_1_51' title='bbox 905 1297 1133 1356; x_wconf 85' lang='lat' dir='ltr'><strong>invariabiliter</strong></span> <span class='ocrx_word' id='word_1_52' title='bbox 1155 1303 1186 1356; x_wconf 90' lang='lat' dir='ltr'><strong>et</strong></span> <span class='ocrx_word' id='word_1_53' title='bbox 1204 1297 1337 1357; x_wconf 88' lang='lat' dir='ltr'><strong>firmiter</strong></span> <span class='ocrx_word' id='word_1_54' title='bbox 1352 1297 1470 1371; x_wconf 86' lang='lat' dir='ltr'><strong>absque</strong></span> <span class='ocrx_word' id='word_1_55' title='bbox 1492 1313 1561 1355; x_wconf 92' lang='lat' dir='ltr'><strong>mu·</strong></span> 
     </span>
     <span class='ocr_line' id='line_1_8' title="bbox 294 1401 1560 1477; baseline 0 -17"><span class='ocrx_word' id='word_1_56' title='bbox 294 1402 414 1460; x_wconf 90' lang='lat' dir='ltr'><strong>tacione</strong></span> <span class='ocrx_word' id='word_1_57' title='bbox 436 1402 568 1476; x_wconf 89' lang='lat' dir='ltr'><strong>aliquali</strong></span> <span class='ocrx_word' id='word_1_58' title='bbox 590 1403 764 1461; x_wconf 90' lang='lat' dir='ltr'><strong>observatis</strong></span> <span class='ocrx_word' id='word_1_59' title='bbox 788 1401 968 1476; x_wconf 89' lang='lat' dir='ltr'><strong>aliqualiter</strong></span> <span class='ocrx_word' id='word_1_60' title='bbox 990 1402 1158 1476; x_wconf 84' lang='lat' dir='ltr'><strong>derogetur</strong></span> <span class='ocrx_word' id='word_1_61' title='bbox 1180 1405 1212 1462; x_wconf 90' lang='lat' dir='ltr'><strong>in</strong></span> <span class='ocrx_word' id='word_1_62' title='bbox 1235 1409 1300 1462; x_wconf 85' lang='lat' dir='ltr'><strong>toto</strong></span> <span class='ocrx_word' id='word_1_63' title='bbox 1325 1403 1377 1461; x_wconf 82' lang='lat' dir='ltr'><strong>vel</strong></span> <span class='ocrx_word' id='word_1_64' title='bbox 1400 1405 1433 1462; x_wconf 93' lang='lat' dir='ltr'><strong>in</strong></span> <span class='ocrx_word' id='word_1_65' title='bbox 1462 1408 1560 1477; x_wconf 90' lang='lat' dir='ltr'><strong>parte,</strong></span> 
     </span>
     <span class='ocr_line' id='line_1_9' title="bbox 294 1507 1560 1582; baseline 0 -16"><span class='ocrx_word' id='word_1_66' title='bbox 294 1507 348 1566; x_wconf 89' lang='lat' dir='ltr'><strong>sed</strong></span> <span class='ocrx_word' id='word_1_67' title='bbox 371 1508 479 1582; x_wconf 90' lang='lat' dir='ltr'><strong>pocius</strong></span> <span class='ocrx_word' id='word_1_68' title='bbox 501 1522 610 1566; x_wconf 89' lang='lat' dir='ltr'><strong>eorum</strong></span> <span class='ocrx_word' id='word_1_69' title='bbox 634 1507 752 1567; x_wconf 80' lang='lat' dir='ltr'><strong>fructus</strong></span> <span class='ocrx_word' id='word_1_70' title='bbox 775 1513 806 1566; x_wconf 92' lang='lat' dir='ltr'><strong>et</strong></span> <span class='ocrx_word' id='word_1_71' title='bbox 821 1509 1032 1567; x_wconf 89' lang='lat' dir='ltr'><strong>emolumenta</strong></span> <span class='ocrx_word' id='word_1_72' title='bbox 1048 1510 1195 1568; x_wconf 91' lang='lat' dir='ltr'><strong>volumus</strong></span> <span class='ocrx_word' id='word_1_73' title='bbox 1219 1510 1325 1582; x_wconf 88' lang='lat' dir='ltr'><strong>augeri</strong></span> <span class='ocrx_word' id='word_1_74' title='bbox 1342 1523 1437 1582; x_wconf 90' lang='lat' dir='ltr'><strong>quam</strong></span> <span class='ocrx_word' id='word_1_75' title='bbox 1453 1507 1560 1582; x_wconf 91' lang='lat' dir='ltr'><strong>minui,</strong></span> 
     </span>
     <span class='ocr_line' id='line_1_10' title="bbox 294 1613 1560 1690; baseline 0.001 -18"><span class='ocrx_word' id='word_1_76' title='bbox 294 1614 349 1688; x_wconf 92' lang='lat' dir='ltr'><strong>qui</strong></span> <span class='ocrx_word' id='word_1_77' title='bbox 370 1614 493 1689; x_wconf 86' lang='lat' dir='ltr'><strong>pondus</strong></span> <span class='ocrx_word' id='word_1_78' title='bbox 516 1613 656 1673; x_wconf 87' lang='lat' dir='ltr'><strong>eiusdem</strong></span> <span class='ocrx_word' id='word_1_79' title='bbox 678 1615 806 1674; x_wconf 87' lang='lat' dir='ltr'><strong>ecclesie</strong></span> <span class='ocrx_word' id='word_1_80' title='bbox 839 1621 943 1674; x_wconf 89' lang='lat' dir='ltr'><strong>nostre</strong></span> <span class='ocrx_word' id='word_1_81' title='bbox 976 1617 1008 1674; x_wconf 94' lang='lat' dir='ltr'><strong>in</strong></span> <span class='ocrx_word' id='word_1_82' title='bbox 1044 1616 1163 1675; x_wconf 90' lang='lat' dir='ltr'><strong>diurnis</strong></span> <span class='ocrx_word' id='word_1_83' title='bbox 1187 1617 1303 1690; x_wconf 90' lang='lat' dir='ltr'><strong>pariter</strong></span> <span class='ocrx_word' id='word_1_84' title='bbox 1339 1623 1369 1674; x_wconf 90' lang='lat' dir='ltr'><strong>et</strong></span> <span class='ocrx_word' id='word_1_85' title='bbox 1402 1616 1560 1675; x_wconf 88' lang='lat' dir='ltr'><strong>nocturnis</strong></span> 
     </span>
     <span class='ocr_line' id='line_1_11' title="bbox 294 1719 1560 1798; baseline 0.002 -21"><span class='ocrx_word' id='word_1_86' title='bbox 294 1719 417 1792; x_wconf 80' lang='lat' dir='ltr'><strong>officiis,</strong></span> <span class='ocrx_word' id='word_1_87' title='bbox 442 1719 503 1778; x_wconf 91' lang='lat' dir='ltr'><strong>diei</strong></span> <span class='ocrx_word' id='word_1_88' title='bbox 525 1720 672 1780; x_wconf 86' lang='lat' dir='ltr'><strong>videlicet</strong></span> <span class='ocrx_word' id='word_1_89' title='bbox 694 1727 724 1779; x_wconf 94' lang='lat' dir='ltr'><strong>et</strong></span> <span class='ocrx_word' id='word_1_90' title='bbox 751 1731 849 1798; x_wconf 83' lang='lat' dir='ltr'><strong>estus,</strong></span> <span class='ocrx_word' id='word_1_91' title='bbox 873 1721 1074 1781; x_wconf 90' lang='lat' dir='ltr'><strong>dinoscuntur</strong></span> <span class='ocrx_word' id='word_1_92' title='bbox 1108 1727 1301 1796; x_wconf 85' lang='lat' dir='ltr'><strong>supportare.</strong></span> <span class='ocrx_word' id='word_1_93' title='bbox 1336 1721 1400 1780; x_wconf 89' lang='lat' dir='ltr'><strong>Nec</strong></span> <span class='ocrx_word' id='word_1_94' title='bbox 1433 1721 1560 1780; x_wconf 89' lang='lat' dir='ltr'><strong>omnino</strong></span> 
     </span>
     <span class='ocr_line' id='line_1_12' title="bbox 293 1825 1560 1902; baseline 0.001 -18"><span class='ocrx_word' id='word_1_95' title='bbox 293 1827 449 1898; x_wconf 85' lang='lat' dir='ltr'><strong>volumus,</strong></span> <span class='ocrx_word' id='word_1_96' title='bbox 473 1825 557 1900; x_wconf 88' lang='lat' dir='ltr'><strong>quod</strong></span> <span class='ocrx_word' id='word_1_97' title='bbox 581 1826 717 1885; x_wconf 88' lang='lat' dir='ltr'><strong>indicta</strong></span> <span class='ocrx_word' id='word_1_98' title='bbox 751 1827 880 1885; x_wconf 90' lang='lat' dir='ltr'><strong>ecclesia</strong></span> <span class='ocrx_word' id='word_1_99' title='bbox 914 1834 1019 1886; x_wconf 90' lang='lat' dir='ltr'><strong>nostra</strong></span> <span class='ocrx_word' id='word_1_100' title='bbox 1043 1828 1157 1902; x_wconf 89' lang='lat' dir='ltr'><strong>aliquis</strong></span> <span class='ocrx_word' id='word_1_101' title='bbox 1180 1834 1285 1902; x_wconf 89' lang='lat' dir='ltr'><strong>preter</strong></span> <span class='ocrx_word' id='word_1_102' title='bbox 1316 1842 1373 1885; x_wconf 89' lang='lat' dir='ltr'><strong>nos</strong></span> <span class='ocrx_word' id='word_1_103' title='bbox 1396 1827 1560 1901; x_wconf 88' lang='lat' dir='ltr'><strong>quibusvis</strong></span> 
     </span>
     <span class='ocr_line' id='line_1_13' title="bbox 294 1933 1561 2008; baseline -0.001 -17"><span class='ocrx_word' id='word_1_104' title='bbox 294 1933 434 2008; x_wconf 85' lang='lat' dir='ltr'><strong>personis</strong></span> <span class='ocrx_word' id='word_1_105' title='bbox 457 1933 560 2005; x_wconf 92' lang='lat' dir='ltr'><strong>legem</strong></span> <span class='ocrx_word' id='word_1_106' title='bbox 583 1933 744 2008; x_wconf 86' lang='lat' dir='ltr'><strong>imponere</strong></span> <span class='ocrx_word' id='word_1_107' title='bbox 767 1933 881 1992; x_wconf 91' lang='lat' dir='ltr'><strong>habeat</strong></span> <span class='ocrx_word' id='word_1_108' title='bbox 903 1934 1043 2007; x_wconf 87' lang='lat' dir='ltr'><strong>aliquam</strong></span> <span class='ocrx_word' id='word_1_109' title='bbox 1067 1950 1167 2007; x_wconf 91' lang='lat' dir='ltr'><strong>neque</strong></span> <span class='ocrx_word' id='word_1_110' title='bbox 1182 1935 1290 2007; x_wconf 88' lang='lat' dir='ltr'><strong>iugum</strong></span> <span class='ocrx_word' id='word_1_111' title='bbox 1306 1939 1412 1992; x_wconf 91' lang='lat' dir='ltr'><strong>contra</strong></span> <span class='ocrx_word' id='word_1_112' title='bbox 1427 1939 1458 1992; x_wconf 90' lang='lat' dir='ltr'><strong>et</strong></span> <span class='ocrx_word' id='word_1_113' title='bbox 1473 1934 1561 1991; x_wconf 87' lang='lat' dir='ltr'><strong>ultra</strong></span> 
     </span>
     <span class='ocr_line' id='line_1_14' title="bbox 294 2038 1560 2112; baseline 0 -16"><span class='ocrx_word' id='word_1_114' title='bbox 294 2039 487 2097; x_wconf 89' lang='lat' dir='ltr'><strong>laudabilem</strong></span> <span class='ocrx_word' id='word_1_115' title='bbox 511 2038 766 2098; x_wconf 90' lang='lat' dir='ltr'><strong>consvetudinem</strong></span> <span class='ocrx_word' id='word_1_116' title='bbox 790 2040 867 2097; x_wconf 93' lang='lat' dir='ltr'><strong>inibi</strong></span> <span class='ocrx_word' id='word_1_117' title='bbox 887 2040 1035 2098; x_wconf 87' lang='lat' dir='ltr'><strong>hactenus</strong></span> <span class='ocrx_word' id='word_1_118' title='bbox 1059 2041 1266 2098; x_wconf 87' lang='lat' dir='ltr'><strong>observatam.</strong></span> <span class='ocrx_word' id='word_1_119' title='bbox 1294 2039 1388 2098; x_wconf 90' lang='lat' dir='ltr'><strong>Secus</strong></span> <span class='ocrx_word' id='word_1_120' title='bbox 1411 2040 1506 2112; x_wconf 90' lang='lat' dir='ltr'><strong>igitur</strong></span> <span class='ocrx_word' id='word_1_121' title='bbox 1527 2040 1560 2098; x_wconf 94' lang='lat' dir='ltr'><strong>in</strong></span> 
     </span>
     <span class='ocr_line' id='line_1_15' title="bbox 294 2137 1560 2219; baseline -0.001 -16"><span class='ocrx_word' id='word_1_122' title='bbox 294 2145 455 2218; x_wconf 87' lang='lat' dir='ltr'><strong>premissis</strong></span> <span class='ocrx_word' id='word_1_123' title='bbox 477 2143 579 2204; x_wconf 83' lang='lat' dir='ltr'><strong>facere</strong></span> <span class='ocrx_word' id='word_1_124' title='bbox 600 2159 663 2204; x_wconf 93' lang='lat' dir='ltr'><strong>non</strong></span> <span class='ocrx_word' id='word_1_125' title='bbox 685 2146 798 2216; x_wconf 87' lang='lat' dir='ltr'><strong>ausuri,</strong></span> <span class='ocrx_word' id='word_1_126' title='bbox 822 2147 849 2204; x_wconf 91' lang='lat' dir='ltr'><strong>si</strong></span> <span class='ocrx_word' id='word_1_127' title='bbox 872 2161 983 2218; x_wconf 89' lang='lat' dir='ltr'><strong>graves</strong></span> <span class='ocrx_word' id='word_1_128' title='bbox 1003 2137 1102 2219; x_wconf 53' lang='lat' dir='ltr'><strong>&#39;penas</strong></span> <span class='ocrx_word' id='word_1_129' title='bbox 1125 2147 1216 2204; x_wconf 92' lang='lat' dir='ltr'><strong>vobis</strong></span> <span class='ocrx_word' id='word_1_130' title='bbox 1238 2144 1349 2204; x_wconf 88' lang='lat' dir='ltr'><strong>exinde</strong></span> <span class='ocrx_word' id='word_1_131' title='bbox 1379 2144 1560 2218; x_wconf 88' lang='lat' dir='ltr'><strong>infligendas</strong></span> 
     </span>
     <span class='ocr_line' id='line_1_16' title="bbox 294 2249 1560 2328; baseline 0 -20"><span class='ocrx_word' id='word_1_132' title='bbox 294 2266 351 2326; x_wconf 89' lang='lat' dir='ltr'><strong>per</strong></span> <span class='ocrx_word' id='word_1_133' title='bbox 373 2251 593 2324; x_wconf 91' lang='lat' dir='ltr'><strong>gravissimam</strong></span> <span class='ocrx_word' id='word_1_134' title='bbox 616 2249 842 2327; x_wconf 84' lang='lat' dir='ltr'><strong>judicacionem</strong></span> <span class='ocrx_word' id='word_1_135' title='bbox 864 2257 1005 2310; x_wconf 89' lang='lat' dir='ltr'><strong>nostram</strong></span> <span class='ocrx_word' id='word_1_136' title='bbox 1027 2253 1140 2328; x_wconf 93' lang='lat' dir='ltr'><strong>cupitis</strong></span> <span class='ocrx_word' id='word_1_137' title='bbox 1164 2256 1194 2310; x_wconf 93' lang='lat' dir='ltr'><strong>et</strong></span> <span class='ocrx_word' id='word_1_138' title='bbox 1217 2251 1312 2310; x_wconf 92' lang='lat' dir='ltr'><strong>vultis</strong></span> <span class='ocrx_word' id='word_1_139' title='bbox 1336 2251 1460 2310; x_wconf 86' lang='lat' dir='ltr'><strong>evitare.</strong></span> <span class='ocrx_word' id='word_1_140' title='bbox 1488 2251 1560 2308; x_wconf 86' lang='lat' dir='ltr'><strong>Pre-</strong></span> 
     </span>
     <span class='ocr_line' id='line_1_17' title="bbox 295 2356 1560 2434; baseline 0 -20"><span class='ocrx_word' id='word_1_141' title='bbox 295 2362 395 2416; x_wconf 91' lang='lat' dir='ltr'><strong>sentes</strong></span> <span class='ocrx_word' id='word_1_142' title='bbox 428 2371 504 2416; x_wconf 90' lang='lat' dir='ltr'><strong>vero</strong></span> <span class='ocrx_word' id='word_1_143' title='bbox 538 2357 659 2416; x_wconf 86' lang='lat' dir='ltr'><strong>litteras</strong></span> <span class='ocrx_word' id='word_1_144' title='bbox 694 2365 817 2415; x_wconf 92' lang='lat' dir='ltr'><strong>nostras</strong></span> <span class='ocrx_word' id='word_1_145' title='bbox 851 2358 881 2415; x_wconf 92' lang='lat' dir='ltr'><strong>in</strong></span> <span class='ocrx_word' id='word_1_146' title='bbox 916 2358 1000 2418; x_wconf 90' lang='lat' dir='ltr'><strong>libro</strong></span> <span class='ocrx_word' id='word_1_147' title='bbox 1034 2363 1222 2418; x_wconf 90' lang='lat' dir='ltr'><strong>statutorum</strong></span> <span class='ocrx_word' id='word_1_148' title='bbox 1254 2358 1384 2434; x_wconf 90' lang='lat' dir='ltr'><strong>capituli</strong></span> <span class='ocrx_word' id='word_1_149' title='bbox 1422 2356 1560 2432; x_wconf 90' lang='lat' dir='ltr'><strong>predicte</strong></span> 
     </span>
     <span class='ocr_line' id='line_1_18' title="bbox 295 2463 1560 2546; baseline 0.001 -25"><span class='ocrx_word' id='word_1_150' title='bbox 295 2463 423 2522; x_wconf 87' lang='lat' dir='ltr'><strong>ecclesie</strong></span> <span class='ocrx_word' id='word_1_151' title='bbox 446 2469 552 2522; x_wconf 88' lang='lat' dir='ltr'><strong>nostre</strong></span> <span class='ocrx_word' id='word_1_152' title='bbox 574 2464 782 2546; x_wconf 78' lang='lat' dir='ltr'><strong>zagrabiensis</strong></span> <span class='ocrx_word' id='word_1_153' title='bbox 805 2464 998 2524; x_wconf 91' lang='lat' dir='ltr'><strong>strictissime</strong></span> <span class='ocrx_word' id='word_1_154' title='bbox 1027 2463 1065 2522; x_wconf 89' lang='lat' dir='ltr'><strong>de</strong></span> <span class='ocrx_word' id='word_1_155' title='bbox 1097 2465 1196 2523; x_wconf 92' lang='lat' dir='ltr'><strong>verbo</strong></span> <span class='ocrx_word' id='word_1_156' title='bbox 1225 2464 1266 2523; x_wconf 93' lang='lat' dir='ltr'><strong>ad</strong></span> <span class='ocrx_word' id='word_1_157' title='bbox 1297 2465 1431 2522; x_wconf 90' lang='lat' dir='ltr'><strong>verbum</strong></span> <span class='ocrx_word' id='word_1_158' title='bbox 1461 2463 1560 2538; x_wconf 91' lang='lat' dir='ltr'><strong>preci·</strong></span> 
     </span>
     <span class='ocr_line' id='line_1_19' title="bbox 294 2570 1559 2646; baseline 0 -18"><span class='ocrx_word' id='word_1_159' title='bbox 294 2570 399 2644; x_wconf 90' lang='lat' dir='ltr'><strong>pimus</strong></span> <span class='ocrx_word' id='word_1_160' title='bbox 419 2570 580 2642; x_wconf 83' lang='lat' dir='ltr'><strong>registrari</strong></span> <span class='ocrx_word' id='word_1_161' title='bbox 603 2570 642 2628; x_wconf 87' lang='lat' dir='ltr'><strong>ad</strong></span> <span class='ocrx_word' id='word_1_162' title='bbox 665 2575 849 2646; x_wconf 90' lang='lat' dir='ltr'><strong>perpetuam</strong></span> <span class='ocrx_word' id='word_1_163' title='bbox 873 2571 919 2629; x_wconf 91' lang='lat' dir='ltr'><strong>rei</strong></span> <span class='ocrx_word' id='word_1_164' title='bbox 955 2571 1140 2629; x_wconf 86' lang='lat' dir='ltr'><strong>memoriam</strong></span> <span class='ocrx_word' id='word_1_165' title='bbox 1163 2570 1202 2630; x_wconf 93' lang='lat' dir='ltr'><strong>ad</strong></span> <span class='ocrx_word' id='word_1_166' title='bbox 1227 2570 1414 2644; x_wconf 82' lang='lat' dir='ltr'><strong>condignam</strong></span> <span class='ocrx_word' id='word_1_167' title='bbox 1437 2574 1467 2627; x_wconf 93' lang='lat' dir='ltr'><strong>et</strong></span> <span class='ocrx_word' id='word_1_168' title='bbox 1489 2585 1559 2643; x_wconf 89' lang='lat' dir='ltr'><strong>per·</strong></span> 
     </span>
     <span class='ocr_line' id='line_1_20' title="bbox 294 2675 1559 2752; baseline -0.002 -18"><span class='ocrx_word' id='word_1_169' title='bbox 294 2681 423 2751; x_wconf 88' lang='lat' dir='ltr'><strong>petuam</strong></span> <span class='ocrx_word' id='word_1_170' title='bbox 446 2675 635 2734; x_wconf 86' lang='lat' dir='ltr'><strong>firmitatem.</strong></span> <span class='ocrx_word' id='word_1_171' title='bbox 657 2677 775 2735; x_wconf 90' lang='lat' dir='ltr'><strong>Datum</strong></span> <span class='ocrx_word' id='word_1_172' title='bbox 797 2675 949 2750; x_wconf 87' lang='lat' dir='ltr'><strong>Zagrabie</strong></span> <span class='ocrx_word' id='word_1_173' title='bbox 972 2678 1031 2735; x_wconf 91' lang='lat' dir='ltr'><strong>sub</strong></span> <span class='ocrx_word' id='word_1_174' title='bbox 1053 2679 1151 2736; x_wconf 92' lang='lat' dir='ltr'><strong>nostri</strong></span> <span class='ocrx_word' id='word_1_175' title='bbox 1174 2677 1363 2752; x_wconf 88' lang='lat' dir='ltr'><strong>pontificalis</strong></span> <span class='ocrx_word' id='word_1_176' title='bbox 1394 2681 1424 2734; x_wconf 90' lang='lat' dir='ltr'><strong>et</strong></span> <span class='ocrx_word' id='word_1_177' title='bbox 1454 2679 1559 2733; x_wconf 92' lang='lat' dir='ltr'><strong>auten·</strong></span> 
     </span>
     <span class='ocr_line' id='line_1_21' title="bbox 294 2781 1559 2858; baseline -0.002 -17"><span class='ocrx_word' id='word_1_178' title='bbox 294 2783 345 2841; x_wconf 91' lang='lat' dir='ltr'><strong>tici</strong></span> <span class='ocrx_word' id='word_1_179' title='bbox 367 2783 465 2856; x_wconf 90' lang='lat' dir='ltr'><strong>sigilli</strong></span> <span class='ocrx_word' id='word_1_180' title='bbox 488 2785 685 2858; x_wconf 88' lang='lat' dir='ltr'><strong>appensione,</strong></span> <span class='ocrx_word' id='word_1_181' title='bbox 710 2785 741 2842; x_wconf 93' lang='lat' dir='ltr'><strong>in</strong></span> <span class='ocrx_word' id='word_1_182' title='bbox 764 2783 842 2842; x_wconf 87' lang='lat' dir='ltr'><strong>festo</strong></span> <span class='ocrx_word' id='word_1_183' title='bbox 866 2784 949 2843; x_wconf 93' lang='lat' dir='ltr'><strong>beati</strong></span> <span class='ocrx_word' id='word_1_184' title='bbox 973 2784 1130 2842; x_wconf 89' lang='lat' dir='ltr'><strong>Valentini</strong></span> <span class='ocrx_word' id='word_1_185' title='bbox 1152 2784 1298 2844; x_wconf 89' lang='lat' dir='ltr'><strong>martiris.</strong></span> <span class='ocrx_word' id='word_1_186' title='bbox 1327 2783 1417 2841; x_wconf 86' lang='lat' dir='ltr'><strong>Anno</strong></span> <span class='ocrx_word' id='word_1_187' title='bbox 1440 2781 1559 2840; x_wconf 91' lang='lat' dir='ltr'><strong>domini</strong></span> 
     </span>
     <span class='ocr_line' id='line_1_22' title="bbox 295 2888 1105 2965; baseline 0.001 -17"><span class='ocrx_word' id='word_1_188' title='bbox 295 2888 466 2948; x_wconf 90' lang='lat' dir='ltr'><strong>millesimo</strong></span> <span class='ocrx_word' id='word_1_189' title='bbox 490 2889 794 2964; x_wconf 89' lang='lat' dir='ltr'><strong>quadringentesimo</strong></span> <span class='ocrx_word' id='word_1_190' title='bbox 816 2889 939 2948; x_wconf 91' lang='lat' dir='ltr'><strong>decimo</strong></span> <span class='ocrx_word' id='word_1_191' title='bbox 962 2890 1105 2965; x_wconf 89' lang='lat' dir='ltr'><strong>septimo.</strong></span> 
     </span>
    </p>
   </div>
   <div class='ocr_carea' id='block_1_3' title="bbox 294 3025 1557 3180">
    <p class='ocr_par' dir='ltr' id='par_1_3' title="bbox 294 3025 1557 3180">
     <span class='ocr_line' id='line_1_23' title="bbox 399 3025 1557 3093; baseline -0.002 -16"><span class='ocrx_word' id='word_1_192' title='bbox 399 3029 423 3077; x_wconf 90' lang='lat' dir='ltr'>E</span> <span class='ocrx_word' id='word_1_193' title='bbox 443 3027 556 3093; x_wconf 88' lang='lat' dir='ltr'><strong>simplici</strong></span> <span class='ocrx_word' id='word_1_194' title='bbox 575 3033 734 3092; x_wconf 83' lang='lat' dir='ltr'><strong>transumpto</strong></span> <span class='ocrx_word' id='word_1_195' title='bbox 752 3027 780 3076; x_wconf 94' lang='lat' dir='ltr'><strong>in</strong></span> <span class='ocrx_word' id='word_1_196' title='bbox 797 3025 893 3086; x_wconf 88' lang='lat' dir='ltr'><strong>charta,</strong></span> <span class='ocrx_word' id='word_1_197' title='bbox 921 3027 997 3076; x_wconf 91' lang='lat' dir='ltr'><strong>initio</strong></span> <span class='ocrx_word' id='word_1_198' title='bbox 1024 3041 1089 3078; x_wconf 87' lang='lat' dir='ltr'><strong>saec.</strong></span> <span class='ocrx_word' id='word_1_199' title='bbox 1118 3027 1198 3078; x_wconf 87' lang='lat' dir='ltr'>XVI.</span> <span class='ocrx_word' id='word_1_200' title='bbox 1224 3052 1254 3063; x_wconf 90' lang='lat'><em>-</em></span> <span class='ocrx_word' id='word_1_201' title='bbox 1284 3027 1317 3074; x_wconf 90' lang='lat' dir='ltr'><strong>In</strong></span> <span class='ocrx_word' id='word_1_202' title='bbox 1344 3025 1438 3076; x_wconf 81' lang='lat' dir='ltr'><strong>archiv,</strong></span> <span class='ocrx_word' id='word_1_203' title='bbox 1467 3025 1557 3076; x_wconf 90' lang='lat' dir='ltr'><strong>honor.</strong></span> 
     </span>
     <span class='ocr_line' id='line_1_24' title="bbox 294 3115 585 3180; baseline -0.003 -15"><span class='ocrx_word' id='word_1_204' title='bbox 294 3115 386 3180; x_wconf 82' lang='lat' dir='ltr'><strong>colleg.</strong></span> <span class='ocrx_word' id='word_1_205' title='bbox 405 3116 585 3168; x_wconf 86' lang='lat' dir='ltr'><strong>Praebendar..</strong></span> 
     </span>
    </p>
   </div>
   <div class='ocr_carea' id='block_1_4' title="bbox 400 3290 990 3500">
    <p class='ocr_par' dir='ltr' id='par_1_4' title="bbox 400 3290 990 3500">
     <span class='ocr_line' id='line_1_25' title="bbox 898 3290 954 3356; baseline -0.036 0"><span class='ocrx_word' id='word_1_206' title='bbox 898 3290 954 3356; x_wconf 85' lang='lat'><strong>25.</strong></span> 
     </span>
     <span class='ocr_line' id='line_1_26' title="bbox 400 3432 990 3500; baseline 0 -16"><span class='ocrx_word' id='word_1_207' title='bbox 400 3438 481 3484; x_wconf 87' lang='lat' dir='ltr'><strong>Anno</strong></span> <span class='ocrx_word' id='word_1_208' title='bbox 503 3447 578 3499; x_wconf 88' lang='lat'>1417,</span> <span class='ocrx_word' id='word_1_209' title='bbox 601 3447 640 3498; x_wconf 86' lang='lat'><strong>14.</strong></span> <span class='ocrx_word' id='word_1_210' title='bbox 661 3433 822 3500; x_wconf 87' lang='lat' dir='ltr'><strong>septembris.</strong></span> <span class='ocrx_word' id='word_1_211' title='bbox 842 3432 990 3497; x_wconf 81' lang='lat' dir='ltr'><strong>Zagrabiae.</strong></span> 
     </span>
    </p>
   </div>
   <div class='ocr_carea' id='block_1_5' title="bbox 301 3533 1559 3724">
    <p class='ocr_par' dir='ltr' id='par_1_5' title="bbox 301 3533 1559 3724">
     <span class='ocr_line' id='line_1_27' title="bbox 301 3533 1559 3637; baseline -0.002 -17"><span class='ocrx_word' id='word_1_212' title='bbox 301 3562 464 3637; x_wconf 81' lang='lat' dir='ltr'><strong>Capitulum</strong></span> <span class='ocrx_word' id='word_1_213' title='bbox 478 3552 674 3635; x_wconf 72' lang='lat' dir='ltr'><strong>zagrabr’cnse,</strong></span> <span class='ocrx_word' id='word_1_214' title='bbox 689 3563 890 3620; x_wconf 77' lang='lat' dir='ltr'><strong>communitate</strong></span> <span class='ocrx_word' id='word_1_215' title='bbox 911 3567 1040 3634; x_wconf 81' lang='lat' dir='ltr'><strong>rogante,</strong></span> <span class='ocrx_word' id='word_1_216' title='bbox 1054 3560 1244 3634; x_wconf 68' lang='lat' dir='ltr'><strong>privilegium</strong></span> <span class='ocrx_word' id='word_1_217' title='bbox 1260 3579 1279 3616; x_wconf 84' lang='lat' dir='ltr'><strong>a</strong></span> <span class='ocrx_word' id='word_1_218' title='bbox 1296 3533 1479 3632; x_wconf 60' lang='lat' dir='ltr'><strong>Sagismundc</strong></span> <span class='ocrx_word' id='word_1_219' title='bbox 1493 3579 1559 3634; x_wconf 78' lang='lat' dir='ltr'><strong>rege</strong></span> 
     </span>
     <span class='ocr_line' id='line_1_28' title="bbox 690 3667 1165 3724; baseline 0 0"><span class='ocrx_word' id='word_1_220' title='bbox 690 3667 724 3724; x_wconf 80' lang='lat' dir='ltr'><strong>de</strong></span> <span class='ocrx_word' id='word_1_221' title='bbox 746 3667 923 3724; x_wconf 81' lang='lat' dir='ltr'><strong>libertatibus</strong></span> <span class='ocrx_word' id='word_1_222' title='bbox 945 3668 1050 3724; x_wconf 81' lang='lat' dir='ltr'><strong>editum</strong></span> <span class='ocrx_word' id='word_1_223' title='bbox 1073 3668 1165 3724; x_wconf 63' lang='lat' dir='ltr'><strong>mittit.</strong></span> 
     </span>
    </p>
   </div>
   <div class='ocr_carea' id='block_1_6' title="bbox 291 3828 1558 4435">
    <p class='ocr_par' dir='ltr' id='par_1_6' title="bbox 291 3828 1558 4435">
     <span class='ocr_line' id='line_1_29' title="bbox 399 3828 1558 3907; baseline -0.003 -17"><span class='ocrx_word' id='word_1_224' title='bbox 399 3831 581 3907; x_wconf 90' lang='lat' dir='ltr'><strong>Capitulum</strong></span> <span class='ocrx_word' id='word_1_225' title='bbox 604 3831 732 3889; x_wconf 88' lang='lat' dir='ltr'><strong>ecclesie</strong></span> <span class='ocrx_word' id='word_1_226' title='bbox 754 3830 969 3904; x_wconf 89' lang='lat' dir='ltr'><strong>zagrabiensis.</strong></span> <span class='ocrx_word' id='word_1_227' title='bbox 993 3829 1146 3888; x_wconf 89' lang='lat' dir='ltr'><strong>Omnibus</strong></span> <span class='ocrx_word' id='word_1_228' title='bbox 1177 3828 1293 3888; x_wconf 91' lang='lat' dir='ltr'><strong>Christi</strong></span> <span class='ocrx_word' id='word_1_229' title='bbox 1316 3828 1465 3887; x_wconf 88' lang='lat' dir='ltr'><strong>fidelibus</strong></span> <span class='ocrx_word' id='word_1_230' title='bbox 1488 3844 1558 3902; x_wconf 92' lang='lat' dir='ltr'><strong>pre·</strong></span> 
     </span>
     <span class='ocr_line' id='line_1_30' title="bbox 292 3934 1558 4012; baseline -0.003 -16"><span class='ocrx_word' id='word_1_231' title='bbox 292 3939 431 3997; x_wconf 90' lang='lat' dir='ltr'><strong>sentibus</strong></span> <span class='ocrx_word' id='word_1_232' title='bbox 454 3939 570 4012; x_wconf 90' lang='lat' dir='ltr'><strong>pariter</strong></span> <span class='ocrx_word' id='word_1_233' title='bbox 593 3942 624 3997; x_wconf 90' lang='lat' dir='ltr'><strong>et</strong></span> <span class='ocrx_word' id='word_1_234' title='bbox 646 3937 765 4008; x_wconf 86' lang='lat' dir='ltr'><strong>futuris,</strong></span> <span class='ocrx_word' id='word_1_235' title='bbox 790 3937 984 4012; x_wconf 90' lang='lat' dir='ltr'><strong>presencium</strong></span> <span class='ocrx_word' id='word_1_236' title='bbox 1008 3937 1156 3994; x_wconf 91' lang='lat' dir='ltr'><strong>noticiam</strong></span> <span class='ocrx_word' id='word_1_237' title='bbox 1180 3936 1344 4006; x_wconf 89' lang='lat' dir='ltr'><strong>habituris,</strong></span> <span class='ocrx_word' id='word_1_238' title='bbox 1368 3935 1502 3992; x_wconf 90' lang='lat' dir='ltr'><strong>salutern</strong></span> <span class='ocrx_word' id='word_1_239' title='bbox 1525 3934 1558 3992; x_wconf 94' lang='lat' dir='ltr'><strong>in</strong></span> 
     </span>
     <span class='ocr_line' id='line_1_31' title="bbox 292 4041 1558 4116; baseline -0.004 -14"><span class='ocrx_word' id='word_1_240' title='bbox 292 4045 433 4116; x_wconf 77' lang='lat' dir='ltr'><strong>omniurn</strong></span> <span class='ocrx_word' id='word_1_241' title='bbox 455 4045 619 4103; x_wconf 90' lang='lat' dir='ltr'><strong>salvatore.</strong></span> <span class='ocrx_word' id='word_1_242' title='bbox 643 4043 693 4102; x_wconf 91' lang='lat' dir='ltr'><strong>Ad</strong></span> <span class='ocrx_word' id='word_1_243' title='bbox 724 4045 941 4102; x_wconf 88' lang='lat' dir='ltr'><strong>universorum</strong></span> <span class='ocrx_word' id='word_1_244' title='bbox 975 4043 1124 4100; x_wconf 90' lang='lat' dir='ltr'><strong>noticiam</strong></span> <span class='ocrx_word' id='word_1_245' title='bbox 1155 4043 1268 4100; x_wconf 90' lang='lat' dir='ltr'><strong>harum</strong></span> <span class='ocrx_word' id='word_1_246' title='bbox 1298 4041 1376 4100; x_wconf 89' lang='lat' dir='ltr'><strong>serie</strong></span> <span class='ocrx_word' id='word_1_247' title='bbox 1410 4041 1558 4098; x_wconf 84' lang='lat' dir='ltr'><strong>volumus</strong></span> 
     </span>
     <span class='ocr_line' id='line_1_32' title="bbox 291 4143 1558 4232; baseline -0.005 -23"><span class='ocrx_word' id='word_1_248' title='bbox 291 4151 463 4225; x_wconf 91' lang='lat' dir='ltr'><strong>pervenire,</strong></span> <span class='ocrx_word' id='word_1_249' title='bbox 497 4150 582 4224; x_wconf 91' lang='lat' dir='ltr'><strong>quod</strong></span> <span class='ocrx_word' id='word_1_250' title='bbox 617 4150 742 4225; x_wconf 89' lang='lat' dir='ltr'><strong>providi</strong></span> <span class='ocrx_word' id='word_1_251' title='bbox 778 4155 808 4208; x_wconf 91' lang='lat' dir='ltr'><strong>et</strong></span> <span class='ocrx_word' id='word_1_252' title='bbox 842 4149 964 4207; x_wconf 91' lang='lat' dir='ltr'><strong>honesti</strong></span> <span class='ocrx_word' id='word_1_253' title='bbox 994 4149 1064 4220; x_wconf 85' lang='lat' dir='ltr'><strong>viri,</strong></span> <span class='ocrx_word' id='word_1_254' title='bbox 1097 4148 1252 4232; x_wconf 90' lang='lat' dir='ltr'><strong>Johannes</strong></span> <span class='ocrx_word' id='word_1_255' title='bbox 1285 4147 1419 4218; x_wconf 83' lang='lat' dir='ltr'><strong>Prawcz,</strong></span> <span class='ocrx_word' id='word_1_256' title='bbox 1453 4143 1558 4222; x_wconf 85' lang='lat' dir='ltr'><strong>judex,</strong></span> 
     </span>
     <span class='ocr_line' id='line_1_33' title="bbox 292 4250 1557 4331; baseline -0.005 -16"><span class='ocrx_word' id='word_1_257' title='bbox 292 4255 433 4331; x_wconf 89' lang='lat' dir='ltr'><strong>Gaspar,</strong></span> <span class='ocrx_word' id='word_1_258' title='bbox 474 4255 669 4328; x_wconf 69' lang='lat' dir='ltr'><strong>lodwicus,</strong></span> <span class='ocrx_word' id='word_1_259' title='bbox 711 4256 887 4314; x_wconf 91' lang='lat' dir='ltr'><strong>Demetrius</strong></span> <span class='ocrx_word' id='word_1_260' title='bbox 922 4261 953 4313; x_wconf 93' lang='lat' dir='ltr'><strong>et</strong></span> <span class='ocrx_word' id='word_1_261' title='bbox 986 4253 1147 4312; x_wconf 90' lang='lat' dir='ltr'><strong>Ladislaus</strong></span> <span class='ocrx_word' id='word_1_262' title='bbox 1180 4250 1273 4327; x_wconf 88' lang='lat' dir='ltr'><strong>jurati</strong></span> <span class='ocrx_word' id='word_1_263' title='bbox 1309 4255 1392 4311; x_wconf 92' lang='lat' dir='ltr'><strong>cives</strong></span> <span class='ocrx_word' id='word_1_264' title='bbox 1423 4252 1557 4310; x_wconf 89' lang='lat' dir='ltr'><strong>civitatis</strong></span> 
     </span>
     <span class='ocr_line' id='line_1_34' title="bbox 291 4359 1558 4435; baseline -0.004 -15"><span class='ocrx_word' id='word_1_265' title='bbox 291 4363 405 4421; x_wconf 90' lang='lat' dir='ltr'><strong>montis</strong></span> <span class='ocrx_word' id='word_1_266' title='bbox 421 4362 584 4422; x_wconf 89' lang='lat' dir='ltr'><strong>Grecensis</strong></span> <span class='ocrx_word' id='word_1_267' title='bbox 601 4360 639 4421; x_wconf 91' lang='lat' dir='ltr'><strong>de</strong></span> <span class='ocrx_word' id='word_1_268' title='bbox 654 4363 740 4421; x_wconf 84' lang='lat' dir='ltr'><strong>iuxta</strong></span> <span class='ocrx_word' id='word_1_269' title='bbox 759 4362 919 4435; x_wconf 88' lang='lat' dir='ltr'><strong>Zagrabia‚</strong></span> <span class='ocrx_word' id='word_1_270' title='bbox 944 4362 1007 4419; x_wconf 91' lang='lat' dir='ltr'><strong>suis</strong></span> <span class='ocrx_word' id='word_1_271' title='bbox 1031 4366 1061 4418; x_wconf 91' lang='lat' dir='ltr'><strong>et</strong></span> <span class='ocrx_word' id='word_1_272' title='bbox 1085 4360 1303 4418; x_wconf 90' lang='lat' dir='ltr'><strong>universorum</strong></span> <span class='ocrx_word' id='word_1_273' title='bbox 1328 4359 1504 4416; x_wconf 89' lang='lat' dir='ltr'><strong>concivium</strong></span> <span class='ocrx_word' id='word_1_274' title='bbox 1528 4361 1558 4415; x_wconf 88' lang='lat' dir='ltr'><strong>et</strong></span> 
     </span>
    </p>
   </div>
   <div class='ocr_carea' id='block_1_7' title="bbox 291 4463 1660 4543">
    <p class='ocr_par' dir='ltr' id='par_1_7' title="bbox 291 4463 1660 4543">
     <span class='ocr_line' id='line_1_35' title="bbox 291 4463 1660 4543; baseline -0.004 -17"><span class='ocrx_word' id='word_1_275' title='bbox 291 4469 488 4542; x_wconf 90' lang='lat' dir='ltr'><strong>cohospitum</strong></span> <span class='ocrx_word' id='word_1_276' title='bbox 511 4470 661 4543; x_wconf 89' lang='lat' dir='ltr'><strong>ipsorum,</strong></span> <span class='ocrx_word' id='word_1_277' title='bbox 684 4469 897 4527; x_wconf 83' lang='lat' dir='ltr'><strong>inhabitarum</strong></span> <span class='ocrx_word' id='word_1_278' title='bbox 932 4471 1042 4540; x_wconf 90' lang='lat' dir='ltr'><strong>utputa</strong></span> <span class='ocrx_word' id='word_1_279' title='bbox 1077 4467 1174 4541; x_wconf 88' lang='lat' dir='ltr'><strong>ipsius</strong></span> <span class='ocrx_word' id='word_1_280' title='bbox 1212 4465 1353 4536; x_wconf 84' lang='lat' dir='ltr'><strong>civitatis,</strong></span> <span class='ocrx_word' id='word_1_281' title='bbox 1378 4463 1557 4522; x_wconf 90' lang='lat' dir='ltr'><strong>nominibus</strong></span> <span class='ocrx_word' id='word_1_282' title='bbox 1657 4525 1660 4530; x_wconf 70' lang='grc'>,</span> 
     </span>
    </p>
   </div>
   <div class='ocr_carea' id='block_1_8' title="bbox 288 4569 1558 5072">
    <p class='ocr_par' dir='ltr' id='par_1_8' title="bbox 288 4569 1558 5072">
     <span class='ocr_line' id='line_1_36' title="bbox 290 4569 1557 4650; baseline -0.003 -18"><span class='ocrx_word' id='word_1_283' title='bbox 290 4581 321 4632; x_wconf 92' lang='lat' dir='ltr'><strong>et</strong></span> <span class='ocrx_word' id='word_1_284' title='bbox 343 4575 375 4633; x_wconf 94' lang='lat' dir='ltr'><strong>in</strong></span> <span class='ocrx_word' id='word_1_285' title='bbox 397 4576 539 4650; x_wconf 88' lang='lat' dir='ltr'><strong>personis</strong></span> <span class='ocrx_word' id='word_1_286' title='bbox 560 4575 601 4633; x_wconf 91' lang='lat' dir='ltr'><strong>ad</strong></span> <span class='ocrx_word' id='word_1_287' title='bbox 631 4582 769 4634; x_wconf 89' lang='lat' dir='ltr'><strong>nostram</strong></span> <span class='ocrx_word' id='word_1_288' title='bbox 802 4574 1008 4648; x_wconf 89' lang='lat' dir='ltr'><strong>personaliter</strong></span> <span class='ocrx_word' id='word_1_289' title='bbox 1039 4572 1217 4631; x_wconf 89' lang='lat' dir='ltr'><strong>accedentes</strong></span> <span class='ocrx_word' id='word_1_290' title='bbox 1249 4571 1440 4646; x_wconf 88' lang='lat' dir='ltr'><strong>presenciam</strong></span> <span class='ocrx_word' id='word_1_291' title='bbox 1471 4569 1557 4628; x_wconf 86' lang='lat' dir='ltr'><strong>exhi·</strong></span> 
     </span>
     <span class='ocr_line' id='line_1_37' title="bbox 290 4677 1557 4755; baseline -0.003 -17"><span class='ocrx_word' id='word_1_292' title='bbox 290 4681 425 4739; x_wconf 91' lang='lat' dir='ltr'><strong>buerunt</strong></span> <span class='ocrx_word' id='word_1_293' title='bbox 451 4681 541 4740; x_wconf 91' lang='lat' dir='ltr'><strong>nobis</strong></span> <span class='ocrx_word' id='word_1_294' title='bbox 577 4687 607 4740; x_wconf 92' lang='lat' dir='ltr'><strong>et</strong></span> <span class='ocrx_word' id='word_1_295' title='bbox 642 4685 897 4755; x_wconf 88' lang='lat' dir='ltr'><strong>presentaverunt</strong></span> <span class='ocrx_word' id='word_1_296' title='bbox 932 4679 1091 4754; x_wconf 87' lang='lat' dir='ltr'><strong>quoddam</strong></span> <span class='ocrx_word' id='word_1_297' title='bbox 1126 4678 1331 4754; x_wconf 90' lang='lat' dir='ltr'><strong>privilegium</strong></span> <span class='ocrx_word' id='word_1_298' title='bbox 1368 4677 1557 4736; x_wconf 87' lang='lat' dir='ltr'><strong>serenissimi</strong></span> 
     </span>
     <span class='ocr_line' id='line_1_38' title="bbox 293 4783 1557 4861; baseline -0.003 -17"><span class='ocrx_word' id='word_1_299' title='bbox 293 4786 444 4861; x_wconf 90' lang='lat' dir='ltr'><strong>principis</strong></span> <span class='ocrx_word' id='word_1_300' title='bbox 468 4793 498 4844; x_wconf 90' lang='lat' dir='ltr'><strong>et</strong></span> <span class='ocrx_word' id='word_1_301' title='bbox 522 4787 649 4859; x_wconf 88' lang='lat' dir='ltr'><strong>domini,</strong></span> <span class='ocrx_word' id='word_1_302' title='bbox 674 4787 791 4845; x_wconf 91' lang='lat' dir='ltr'><strong>domini</strong></span> <span class='ocrx_word' id='word_1_303' title='bbox 809 4785 1008 4860; x_wconf 76' lang='lat' dir='ltr'><strong>sigismundi,</strong></span> <span class='ocrx_word' id='word_1_304' title='bbox 1026 4785 1075 4843; x_wconf 90' lang='lat' dir='ltr'><strong>dei</strong></span> <span class='ocrx_word' id='word_1_305' title='bbox 1091 4785 1194 4858; x_wconf 90' lang='lat' dir='ltr'><strong>gracia</strong></span> <span class='ocrx_word' id='word_1_306' title='bbox 1213 4785 1379 4858; x_wconf 89' lang='lat' dir='ltr'><strong>Hungarie,</strong></span> <span class='ocrx_word' id='word_1_307' title='bbox 1396 4783 1557 4841; x_wconf 90' lang='lat' dir='ltr'><strong>Dalmacie</strong></span> 
     </span>
     <span class='ocr_line' id='line_1_39' title="bbox 290 4889 1557 4966; baseline -0.002 -17"><span class='ocrx_word' id='word_1_308' title='bbox 290 4891 426 4966; x_wconf 91' lang='lat' dir='ltr'><strong>Croacie,</strong></span> <span class='ocrx_word' id='word_1_309' title='bbox 465 4892 572 4965; x_wconf 77' lang='lat' dir='ltr'><strong>Kame,</strong></span> <span class='ocrx_word' id='word_1_310' title='bbox 603 4891 718 4965; x_wconf 88' lang='lat' dir='ltr'><strong>Seruie,</strong></span> <span class='ocrx_word' id='word_1_311' title='bbox 754 4891 894 4965; x_wconf 86' lang='lat' dir='ltr'><strong>Gallicie,</strong></span> <span class='ocrx_word' id='word_1_312' title='bbox 930 4890 1122 4963; x_wconf 90' lang='lat' dir='ltr'><strong>Lodomerie,</strong></span> <span class='ocrx_word' id='word_1_313' title='bbox 1154 4891 1312 4962; x_wconf 91' lang='lat' dir='ltr'><strong>Cumanie‚</strong></span> <span class='ocrx_word' id='word_1_314' title='bbox 1350 4889 1557 4964; x_wconf 90' lang='lat' dir='ltr'><strong>Bulgarieque</strong></span> 
     </span>
     <span class='ocr_line' id='line_1_40' title="bbox 288 4996 1558 5072; baseline -0.003 -15"><span class='ocrx_word' id='word_1_315' title='bbox 288 4999 379 5072; x_wconf 89' lang='lat' dir='ltr'><strong>regis,</strong></span> <span class='ocrx_word' id='word_1_316' title='bbox 403 5000 592 5060; x_wconf 90' lang='lat' dir='ltr'><strong>marchionis</strong></span> <span class='ocrx_word' id='word_1_317' title='bbox 615 4998 943 5072; x_wconf 88' lang='lat' dir='ltr'><strong>Brandemburgensis,</strong></span> <span class='ocrx_word' id='word_1_318' title='bbox 966 4998 1045 5056; x_wconf 90' lang='lat' dir='ltr'><strong>sacri</strong></span> <span class='ocrx_word' id='word_1_319' title='bbox 1067 4998 1199 5056; x_wconf 89' lang='lat' dir='ltr'><strong>Romani</strong></span> <span class='ocrx_word' id='word_1_320' title='bbox 1222 4997 1347 5071; x_wconf 92' lang='lat' dir='ltr'><strong>imperii</strong></span> <span class='ocrx_word' id='word_1_321' title='bbox 1368 4996 1558 5055; x_wconf 90' lang='lat' dir='ltr'><strong>archicame·</strong></span> 
     </span>
    </p>
   </div>
   <div class='ocr_carea' id='block_1_9' title="bbox 0 0 1872 5826">
    <p class='ocr_par' dir='ltr' id='par_1_9' title="bbox 0 0 1872 5826">
     <span class='ocr_line' id='line_1_41' title="bbox 0 0 1872 5826; baseline 0 1"><span class='ocrx_word' id='word_1_322' title='bbox 0 0 1872 5826; x_wconf 95' lang='lat' dir='ltr'><strong> </strong></span> 
     </span>
    </p>
   </div>
  </div>
 </body>
</html>
