3828 5822
690 603 1116 684 Mm-MW·
1460 619 1522 680 m

260 819 425 880 Sclauonie
447 820 486 880 ad
510 821 680 880 terminum
702 826 938 895 competentem,
962 821 1120 878 racionem
1144 818 1398 878 contradiccionis
1413 833 1522 878 eorum

259 926 447 986 reddituros.
470 927 509 985 Et
531 932 602 1002 post
624 928 682 986 hec
703 926 884 985 huiusmodi
905 925 1145 984 introduccionis
1166 931 1197 982 et
1219 925 1397 982 statucionis
1412 925 1524 982 seriem

260 1048 333 1092 cum
361 1032 624 1092 contradictorum
655 1038 686 1092 et
716 1039 926 1103 evocatorum,
957 1031 984 1089 si
1015 1031 1069 1105 qui
1092 1031 1213 1102 fuerint,
1237 1030 1472 1104 vicinorumque
1495 1032 1525 1087 et

259 1147 553 1210 commetaneorum,
577 1139 631 1211 qui
654 1138 806 1213 premisse
828 1136 994 1195 statucioni
1016 1137 1185 1195 intererunt
1207 1135 1396 1207 nominibus,
1417 1134 1523 1192 termi-

259 1259 362 1319 noque
385 1244 548 1318 assignato,
584 1243 702 1302 eisdem
732 1244 821 1302 banis
856 1243 908 1301 vel
944 1241 1101 1300 vicebanis
1134 1255 1190 1299 suo
1219 1241 1314 1300 modo
1336 1240 1525 1300 rescribatis.

260 1352 377 1411 Datum
400 1348 486 1408 Bude
515 1348 593 1407 feria
617 1357 727 1424 quarta
751 1349 896 1422 proxima
927 1353 997 1422 post
1028 1346 1141 1406 festum
1173 1347 1395 1406 penthecostes.
1431 1349 1521 1405 Anno

260 1457 379 1516 domini
403 1456 574 1514 millesimo
598 1455 902 1530 quadringentesimo
925 1454 1154 1528 septuagesimo
1176 1453 1320 1514 secundo.
1346 1452 1525 1526 Regnorum

258 1570 437 1623 nostrorum
460 1577 540 1621 anno
564 1562 723 1636 Hungarie
746 1568 801 1621 etc.
825 1561 1066 1635 quintodecimo,
1089 1560 1237 1619 Bohemie
1256 1575 1332 1618 vero
1355 1564 1474 1634 quarto.

365 1671 405 1740 (A
432 1671 523 1741 tergo).
547 1669 709 1728 Fidelibus
732 1670 846 1729 nostris
871 1669 1010 1743 capitulo
1025 1668 1153 1726 ecclesie
1168 1668 1304 1726 albensis
1321 1683 1378 1742 pro
1394 1667 1525 1724 circum·

258 1778 373 1852 spectis
394 1775 505 1855 judice,
534 1775 644 1854 juratis
673 1777 844 1850 ceterisque
874 1775 996 1834 civibus
1027 1775 1161 1833 civitatis
1183 1781 1288 1833 nostre
1310 1772 1425 1831 montis
1448 1770 1525 1831 Gre-

258 1885 365 1956 censis,
386 1883 610 1944 introductoria
633 1888 663 1942 et
685 1881 855 1941 statutoria.

364 2019 498 2084 Originnle
525 2020 553 2070 in
577 2019 673 2070 charta.
691 2020 724 2068 In
742 2017 857 2082 margine
874 2015 990 2066 interiori
1008 2016 1160 2081 impressum
1180 2021 1220 2064 est
1237 2014 1359 2079 sigillum.
1378 2015 1411 2063 In
1429 2013 1524 2065 archiv.

257 2103 303 2157 tib.
323 2121 369 2171 reg
392 2107 463 2159 civit.
481 2106 582 2172 nogreb.

852 2337 940 2405 2¹14.

363 2481 444 2531 Auno
466 2492 541 2546 1472,
562 2493 603 2532 20.
622 2480 692 2532 maii.
712 2480 808 2530 Eudae,

260 2591 405 2662 Mathtirs,
429 2590 607 2665 Hungariae
628 2589 678 2648 e'tc.
700 2607 764 2661 rex,
786 2588 985 2647 communitati
996 2587 1121 2646 civitatis
1135 2593 1247 2661 ereptas
1253 2585 1445 2660 possessiones
1461 2585 1522 2643 De-

597 2695 662 2767 dili,
688 2695 869 2755 Cemomerec
890 2695 977 2753 Bitek
1000 2702 1047 2753 etc.
1070 2693 1170 2752 reddit.

363 2841 426 2899 Nos
450 2840 581 2900 Mathias
605 2840 655 2900 dei
680 2842 785 2914 gracia
815 2857 871 2899 rex
902 2839 1069 2913 Hungarie,
1101 2838 1248 2897 Bolremie
1280 2843 1336 2896 etc.
1372 2835 1520 2895 Memoris

258 2947 514 3006 commendamus
545 2953 650 3005 tenore
681 2947 877 3020 presencium
906 2944 1122 3018 significantes
1156 2944 1270 3017 quibus
1300 2941 1427 3017 expedit
1456 2941 1523 3000 uni-

257 3054 362 3113 versis.
386 3053 479 3127 Quod
502 3069 574 3112 cum
603 3053 704 3126 gloria
734 3067 844 3126 regum
876 3052 907 3110 in
931 3050 1130 3109 multitudine
1154 3049 1344 3125 populorum
1367 3063 1404 3106 ac
1427 3047 1521 3106 decus

259 3165 290 3219 et
318 3160 415 3218 robor
445 3173 613 3231 regnorum
635 3158 668 3216 in
690 3157 811 3216 diviciis
841 3172 877 3215 ac
907 3155 1115 3231 amplitudine
1146 3155 1313 3214 consistant
1344 3154 1516 3220 civitatum,

258 3265 384 3340 expedit
415 3265 609 3339 principibus
640 3265 725 3322 omni
756 3263 920 3336 diligencia
951 3261 1110 3321 intendere
1140 3261 1268 3336 populis
1299 3259 1460 3319 servandis
1491 3265 1522 3318 et

256 3371 416 3430 beneficiis
432 3371 581 3445 augendis
602 3387 639 3430 ac
662 3371 840 3430 civitatibus
862 3369 1105 3444 magnificandis,
1132 3375 1239 3444 utpote
1262 3385 1300 3427 ex
1323 3367 1437 3441 quibus
1452 3381 1523 3440 pre·

256 3477 351 3536 missa
377 3493 496 3552 regum,
525 3459 693 3552 regnorum
724 3477 890 3536 commoda
924 3475 1101 3552 procedant,
1133 3481 1283 3549 quatenus
1314 3472 1516 3548 principantis

257 3599 296 3642 ex
319 3580 376 3643 hoc
405 3590 435 3644 et
466 3585 610 3644 laudetur
634 3584 766 3643 discreta
790 3583 991 3659 providencia
1014 3590 1044 3641 et
1066 3587 1163 3640 status
1186 3581 1353 3639 utilitatem
1376 3595 1523 3651 augmen·

257 3696 387 3765 tumque
417 3699 529 3750 sumat.
553 3689 623 3764 Qua
646 3691 684 3749 de
707 3707 741 3750 re
764 3697 853 3765 grata
876 3689 1124 3749 consideracione
1148 3703 1314 3763 pensamus
1335 3683 1524 3744 multimoda

257 3797 462 3856 serviciorum
484 3812 605 3870 genera,
630 3813 691 3871 que
714 3797 823 3856 civitas
845 3801 951 3854 nostra
973 3797 1087 3854 montis
1110 3794 1273 3876 Grecensis
1296 3793 1335 3851 de
1358 3793 1444 3850 iuxta
1467 3790 1521 3848 Za·

256 3902 408 3976 grabiam,
424 3903 510 3961 cuius
534 3904 617 3961 cives
640 3909 670 3961 et
693 3903 899 3962 communitas
923 3901 1196 3977 predecessoribus
1213 3899 1326 3959 nostris
1348 3898 1475 3972 regibus
1492 3903 1520 3954 et

165 4091 167 4095 ,
255 4023 352 4081 regno
374 4013 479 4070 nostro
510 4009 678 4083 Hungarie,
709 4025 745 4068 ac
775 4010 840 4067 eius
870 4025 956 4068 sacre
988 4023 1101 4066 corone
1131 4023 1256 4082 semper
1278 4007 1397 4078 integra
1420 4009 1523 4062 mente

255 4113 374 4187 fideles,
397 4121 431 4174 ut
454 4115 591 4175 veridico
619 4117 796 4175 testimonio
824 4115 978 4186 docemur,
997 4115 1136 4189 primum
1152 4114 1228 4188 ipsis
1251 4111 1521 4187 predecessoribus

255 4221 368 4279 nostris
390 4221 519 4295 regibus
542 4227 573 4282 et
594 4221 722 4280 tandem
736 4222 827 4280 nobis
842 4221 874 4279 in
890 4221 984 4279 rebus
1003 4221 1135 4279 diversis
1156 4226 1186 4278 et
1209 4218 1404 4278 multimodis
1421 4217 1522 4276 diver·

254 4324 380 4382 silatum
396 4333 427 4384 et
442 4341 626 4399 guerrarum
640 4335 782 4400 tempore
794 4325 871 4383 adeo
887 4330 1062 4384 constanter
1078 4325 1294 4398 exhibuerunt,
1318 4329 1352 4382 ut
1375 4323 1521 4398 quamvis

255 4431 360 4505 sepius
382 4447 401 4490 a
426 4433 585 4492 nonnullis
615 4433 729 4507 pravis,
753 4433 854 4506 regios
885 4433 1018 4490 honores
1049 4447 1085 4489 ac
1117 4437 1233 4490 statum
1264 4429 1522 4504 persequentibus

255 4537 339 4610 viris,
370 4538 624 4613 impugnaciones
647 4541 807 4614 pessimas
837 4538 974 4613 dampna
1005 4553 1118 4610 rerum,
1152 4537 1291 4612 pericula
1316 4549 1522 4610 personarum

257 4658 294 4701 ac
316 4645 394 4702 alias
417 4643 565 4703 adversas
589 4645 781 4704 calamitates
804 4652 833 4704 et
849 4646 964 4704 multas
980 4645 1107 4704 iniurias
1129 4644 1327 4718 susceperint,
1350 4657 1523 4716 numquam

255 4755 359 4808 tamen
382 4765 400 4808 a
422 4765 497 4809 vere
524 4750 599 4810 fidei
628 4752 738 4810 semita
769 4753 922 4812 visisunt
953 4751 1102 4822 deviasse,
1135 4751 1189 4810 sed
1213 4767 1249 4809 eo
1272 4751 1386 4809 clarior
1411 4763 1521 4807 eorum

254 4854 332 4914 tides
353 4857 459 4928 evasit,
483 4872 546 4930 quo
567 4856 766 4916 incommoda
780 4860 916 4933 suscepit
931 4859 1084 4932 graviora.
1107 4857 1381 4916 Consideravimus
1397 4869 1522 4929 quoque

254 4977 317 5021 non
340 4978 455 5037 parvas
478 4979 629 5038 expensas
651 4964 794 5038 ipsorum
816 4965 933 5023 civium
956 4971 987 5024 et
1009 4965 1144 5024 civitatis
1163 4964 1309 5038 predicte,
1333 4977 1409 5038 quas
1425 4962 1521 5020 iidem

255 5084 314 5144 pro
337 5070 558 5130 conservandis
589 5071 697 5129 castris
719 5071 808 5146 regni
830 5072 929 5130 nostri
952 5071 1051 5130 Boane
1074 5071 1134 5130 hiis
1156 5071 1353 5144 temporibus
1382 5085 1441 5144 pro
1467 5070 1521 5127 ho·

1416 5170 1433 5206 *
