3932 5806
646 501 650 510 ⁴
702 525 776 582 Doc.
799 533 869 601 245.
895 553 937 564 -
961 521 1016 579 An.
1042 516 1131 599 1465.

865 731 953 798 245.

378 896 559 962 Anno.1465,
581 907 603 960 5.
625 895 748 960 Augusti.
768 894 864 944 Budae.

278 1029 359 1087 Cives
383 1023 583 1099 zagrabr'enses
611 1024 768 1080 salientum
798 1040 818 1076 a
848 1019 987 1093 magistro
1017 1019 1233 1076 tavarnicorum
1262 995 1404 1091 regaliam
1433 1018 1464 1075 in
1484 1020 1540 1094 jus

377 1131 467 1190 citari
479 1137 565 1204 posse
585 1128 729 1198 Mathias,
752 1127 930 1200 Hungarr'ac
952 1132 1000 1182 etc.
1023 1142 1086 1194 rex,
1109 1123 1259 1182 identidem
1275 1125 1433 1200 confimat.

985 1263 1138 1313 Commissio
1157 1264 1261 1328 propria
1279 1240 1378 1314 domiui
1393 1263 1468 1328 regis·

380 1383 512 1440 Mathias
543 1381 593 1440 dei
623 1380 727 1454 gracia
757 1394 812 1436 rex
836 1378 1003 1450 Hungarie,
1026 1376 1198 1448 Dalmacie,
1223 1373 1350 1434 Croacie
1374 1381 1431 1434 etc.
1451 1375 1539 1433 Fide·

273 1488 358 1545 libus
380 1489 444 1546 suis
467 1487 556 1545 banis
579 1486 632 1544 vel
652 1485 811 1545 vicebanis
834 1483 922 1556 regni
943 1483 1041 1540 nostri
1064 1481 1227 1540 Sclauonie
1250 1483 1384 1541 salutem
1416 1488 1447 1540 et
1469 1498 1538 1556 gra-

274 1594 362 1652 ciam.
387 1593 551 1665 Noveritis,
575 1591 659 1666 quod
686 1597 790 1650 nostre
806 1590 974 1648 maiestatis
989 1589 1146 1646 venientes
1169 1589 1200 1646 in
1223 1589 1416 1662 presenciam
1431 1587 1540 1647 fideles

274 1701 380 1772 nostri,
403 1699 628 1774 circumspecti,
655 1696 817 1755 Conradus
840 1696 959 1754 Rauser
981 1695 1083 1752 senior
1104 1693 1199 1770 judex
1222 1710 1258 1752 ac
1283 1694 1401 1752 Blasius
1413 1693 1540 1770 juratus,

275 1806 358 1864 cives
389 1805 523 1862 civitatis
553 1809 657 1862 nostre
680 1803 794 1861 montis
818 1801 979 1860 Grecensis
1003 1803 1034 1858 in
1058 1801 1199 1874 ipsorum
1222 1816 1258 1857 ac
1281 1806 1455 1859 ceterorum
1475 1801 1540 1858 uni·

275 1925 437 1969 versorum
468 1911 584 1969 civium
614 1909 753 1968 eiusdem
784 1908 917 1966 civitatis
950 1912 1054 1966 nostre
1085 1907 1232 1980 personis,
1265 1907 1355 1966 nobis
1385 1923 1541 1982 exponere

276 2023 462 2075 curaverunt
495 2017 527 2075 in
562 2016 645 2074 hunc
679 2013 825 2073 modum:
849 2013 934 2089 quod
967 2013 1039 2071 licet
1073 2013 1134 2087 ipsi
1168 2014 1251 2072 cives
1285 2013 1367 2072 dicte
1408 2015 1541 2073 civitatis

275 2128 379 2181 nostre
410 2123 523 2181 montis
554 2121 725 2193 Grecensis,
757 2120 965 2178 mediantibus
996 2120 1107 2178 litteris
1137 2119 1283 2178 divorum
1313 2137 1425 2194 regum
1456 2121 1541 2178 Hun-

276 2230 369 2302 garie‚
393 2235 570 2286 nostrorum
598 2229 716 2285 scilicet
740 2227 1003 2301 predecessorum,
1027 2232 1055 2284 et
1081 2243 1136 2301 per
1159 2242 1214 2284 nos
1237 2223 1356 2286 eisdem
1379 2227 1542 2286 confirma·

277 2340 389 2406 tarum,
420 2334 621 2392 solummodo
652 2331 768 2409 judicio
797 2333 938 2405 magistri
963 2333 1216 2390 thavarnicorum
1238 2338 1418 2391 nostrorum
1444 2349 1542 2392 reser-

276 2441 341 2499 vati
364 2441 433 2514 sint,
465 2446 495 2499 et
517 2438 632 2516 judicto
655 2440 810 2498 banorum
834 2441 918 2512 regni
943 2440 1041 2497 nostri
1063 2438 1226 2497 Sclauonie
1249 2445 1350 2497 astare
1372 2455 1432 2498 non
1460 2446 1542 2499 tene·

276 2552 382 2618 antur;
413 2552 517 2605 tamen
547 2547 719 2620 capitulum
751 2546 880 2605 ecclesie
910 2546 1117 2618 zagrabiensis
1148 2546 1269 2604 racione
1292 2562 1354 2604 non
1376 2547 1542 2606 solucionis

277 2653 387 2711 tributi
417 2653 449 2711 in
480 2653 557 2710 locis
580 2653 769 2711 tributorum
792 2651 1075 2725 eiusdemeapituli
1098 2652 1180 2724 exigi
1203 2651 1288 2710 soliti
1311 2653 1395 2726 ipsos
1418 2653 1451 2711 in
1473 2670 1543 2728 pre-

276 2761 379 2819 sencia
409 2760 563 2817 banorum
594 2757 668 2816 dicti
698 2759 785 2830 regni
817 2758 913 2816 nostri
937 2755 1100 2814 Sclauonie
1131 2758 1162 2814 in
1193 2772 1318 2815 causam
1342 2759 1544 2832 convenisset,

278 2873 307 2923 et
331 2868 437 2923 contra
462 2865 561 2923 dictos
584 2865 667 2922 cives
690 2869 812 2922 nostros
835 2864 1024 2922 sentenciam
1048 2862 1249 2921 diffinitivam
1273 2871 1471 2938 reportasset,
1499 2867 1543 2924 vi·

277 2986 352 3045 gore
381 2972 468 3029 cuius
496 2969 624 3045 eosdem
648 2971 730 3027 cives
754 2977 885 3028 nostros.
899 2971 931 3029 in
953 2969 1047 3028 rebus
1070 2973 1101 3027 et
1123 2969 1213 3027 bonis
1236 2971 1379 3044 ipsorum
1402 2969 1543 3043 dampni·

277 3077 371 3135 ficare
393 3077 499 3148 vellet,
521 3077 554 3134 in
577 3075 782 3150 preiudicium
806 3076 988 3134 eorumdem
1012 3077 1128 3134 civium
1151 3076 1285 3134 civitatis
1301 3082 1405 3134 nostre
1429 3078 1544 3134 montis

279 3183 441 3243 Grecensis
464 3190 494 3241 et
518 3183 691 3258 dampnum
714 3183 808 3241 valde
831 3199 990 3256 magnum.
1014 3181 1278 3256 Supplicaverunt
1299 3183 1404 3256 itaque
1427 3183 1540 3258 prelati

280 3289 442 3348 Conradus
472 3290 598 3362 Rauser,
622 3289 725 3347 senior
746 3287 850 3365 judex,
874 3295 905 3347 et
925 3289 1045 3346 Blasius
1068 3286 1186 3364 juratus
1209 3287 1240 3346 in
1263 3289 1404 3360 ipsorum
1427 3303 1463 3345 ac
1490 3289 1546 3346 ali·

279 3387 371 3454 orum
402 3396 517 3454 civium
548 3400 727 3454 nostrorum
760 3397 939 3454 nominibus
970 3402 1000 3454 et
1029 3397 1061 3453 in
1091 3397 1241 3473 personis,
1265 3401 1299 3453 ut
1328 3411 1385 3454 nos
1407 3396 1484 3470 ipsis
1507 3395 1545 3455 de

279 3501 417 3561 remedio
447 3501 614 3576 providere
645 3501 844 3576 dignaremur
867 3509 1054 3577 opportuno.
1086 3502 1175 3562 Unde
1204 3517 1261 3560 nos
1289 3504 1429 3560 nolentes
1461 3504 1546 3578 ipsos

280 3609 364 3667 cives
393 3616 516 3667 nostros
547 3625 585 3666 ex
618 3623 662 3679 e0,
697 3609 779 3682 quod
811 3609 908 3666 iidem
939 3609 1139 3666 solummodo
1169 3609 1284 3667 iudicio
1308 3609 1382 3667 dicti
1405 3611 1544 3682 magistri

280 3717 535 3773 thavarnicorum
565 3721 745 3772 nostrorum
776 3717 925 3774 reservati
948 3722 1027 3786 sunt,
1054 3731 1109 3789 per
1133 3730 1346 3788 quoscumque
1370 3715 1542 3794 regnicolas

281 3831 402 3881 nostros
425 3825 528 3881 minus
559 3822 639 3899 juste
670 3831 699 3880 et
722 3823 859 3882 indebite
882 3822 1039 3896 impediri,
1063 3820 1102 3879 de
1124 3828 1227 3879 nostre
1251 3822 1361 3895 legalis
1385 3823 1564 3902 potestatis!

280 3929 473 4002 plenitudine
503 3936 534 3986 et
564 3930 667 4002 gracia
699 3930 835 4002 speciali,
869 3928 1023 4004 prefatam
1053 3928 1242 3985 sentenciam
1272 3943 1329 4002 pro
1360 3935 1448 4002 parte
1473 3927 1549 3986 dicti

281 4035 409 4107 capituli
433 4035 562 4093 ecclesie
577 4035 785 4106 zagrabiensis
804 4039 994 4105 revocantes,
1013 4034 1157 4092 fidelitati
1180 4034 1274 4105 igitur
1296 4040 1399 4092 vestre
1415 4035 1548 4093 firmiter

280 4141 487 4214 precipientes
510 4140 703 4212 mandamus,
729 4146 879 4214 quatenus
903 4140 1019 4198 amodo
1043 4138 1187 4214 deinceps
1212 4139 1348 4214 prefatos
1364 4142 1447 4198 cives
1464 4141 1545 4200 dicte

281 4246 414 4304 civitatis
437 4253 542 4304 nostre
572 4247 685 4304 montis
709 4247 871 4304 Grecensis
895 4246 935 4303 ad
958 4247 1141 4304 instanciam
1164 4246 1239 4305 dicti
1262 4247 1392 4321 capituli
1418 4248 1546 4306 ecclesie

281 4353 490 4425 zagrabiensis
521 4353 643 4411 racione
676 4354 783 4427 previa
814 4355 845 4412 in
877 4355 1025 4428 personis,
1056 4354 1212 4426 rebusque
1234 4361 1264 4411 et
1289 4354 1379 4412 bonis
1402 4355 1545 4428 ipsorum

281 4457 426 4530 iudicare,
450 4459 616 4517 molestare
640 4465 692 4517 aut
714 4460 825 4533 quovis
849 4459 943 4518 modo
967 4459 1192 4533 dampnificare
1213 4461 1302 4517 nullo
1328 4459 1422 4518 modo
1440 4477 1547 4535 presu-

282 4564 381 4622 matis.
406 4563 438 4622 Si
462 4566 545 4622 enim
568 4565 673 4639 alique
697 4566 860 4639 quitquam
890 4568 1023 4625 accionis
1047 4567 1098 4624 vel
1122 4567 1291 4640 questionis
1314 4573 1420 4624 contra
1455 4582 1549 4624 anno·

281 4675 361 4728 tatos
384 4671 468 4728 cives
491 4671 572 4730 dicte
594 4671 727 4730 civitatis
751 4677 855 4730 nostre
878 4674 993 4731 habent
1015 4674 1067 4731 vel
1089 4674 1204 4731 habere
1236 4673 1422 4747 pretendunt
1444 4673 1496 4744 hii,
1513 4672 1546 4731 id

281 4791 388 4835 coram
411 4776 494 4836 dicto
517 4779 668 4851 magistro
692 4779 945 4838 thavarnicorum
968 4787 1156 4852 nostrorum,
1181 4777 1283 4855 judice
1302 4779 1418 4838 scilicet
1441 4793 1549 4837 eorum

282 4883 450 4957 ordinari0,
473 4883 604 4961 juridice
627 4891 862 4959 prosequantur,
887 4903 925 4944 ex
949 4891 1037 4961 parte
1059 4901 1194 4960 quorum
1216 4885 1309 4956 idem,
1332 4885 1419 4943 omni
1445 4891 1550 4943 contra

282 4991 367 5065 ipsos
391 4991 569 5064 querulanti
592 4992 742 5051 iudicium
759 4999 788 5051 et
804 4993 958 5052 iusticiam
979 4992 1080 5066 saciet,
1102 4999 1197 5067 prout
1220 4993 1351 5051 dictabit
1373 4992 1451 5051 ordo
1464 4990 1551 5069 juris.
