3828 5822
662 539 735 598 Doc.
759 534 831 597 280.
855 571 898 582 -
920 539 977 597 An.
1000 548 1091 616 1472.

834 749 922 816 280.

346 895 427 945 Anno
451 906 526 958 1472,
549 905 589 946 ιο.
608 893 733 958 Augusti.
754 891 851 942 Budae.

240 1021 384 1091 Matthias,
413 1021 592 1096 Hungarzbe
624 1028 673 1084 etc.
709 1039 773 1090 rex,
806 1019 931 1078 mandat
961 1020 1045 1092 bano,
1078 1027 1112 1078 ut
1143 1021 1217 1078 cives
1245 1017 1444 1094 sograbienses
1474 1017 1505 1074 in

238 1145 335 1186 eorum
351 1127 579 1201 possessionibus
607 1126 644 1185 ab
681 1125 811 1185 Osooldo
839 1123 1021 1207 episcemozoi
1040 1127 1141 1199 rapot,
1164 1125 1316 1193 adoerwn
1345 1123 1505 1184 Osvoldum

799 1229 942 1307 defendat

345 1395 477 1453 Mathias
501 1393 551 1452 dei
573 1394 677 1468 gracia
692 1410 748 1452 rex
769 1394 938 1468 Hungarie,
962 1393 1110 1452 Bohemie
1133 1399 1188 1452 etc.
1206 1392 1367 1451 Fidelibus
1389 1393 1502 1450 nostris

241 1499 406 1574 magnifico
429 1501 583 1558 Damiano
605 1500 766 1571 Horwath,
785 1513 954 1573 regnorum
977 1505 1155 1560 nostrorum
1179 1498 1306 1557 Croacie
1330 1505 1360 1556 et
1376 1496 1501 1556 Sclauo·

238 1607 287 1665 nie
310 1608 401 1676 bano,
431 1607 559 1680 eiusque
589 1606 756 1676 vicebanis,
788 1607 864 1664 item
887 1606 995 1664 comiti
1017 1607 1069 1664 vel
1094 1605 1269 1664 vicecomiti
1293 1613 1323 1662 et
1343 1603 1501 1681 judicibus

237 1713 393 1770 nobilium
425 1712 590 1772 comitatus
620 1712 837 1784 zagrabiensis,
867 1712 1002 1771 salutem
1033 1719 1063 1770 et
1092 1711 1236 1784 graciam.
1259 1711 1396 1770 Fuerunt
1418 1711 1503 1786 apud

237 1819 430 1877 maiestatem
452 1823 593 1878 nostram
621 1818 705 1876 cives
728 1817 861 1876 civitatis
891 1823 995 1876 nostre
1028 1818 1142 1876 montis
1166 1817 1328 1876 Greceusis
1351 1823 1382 1876 et
1403 1819 1494 1876 nobis

237 1939 392 2000 exponere
424 1930 571 1983 curarunt
594 1924 768 1998 querulose,
798 1925 956 1998 quomodo
986 1923 1175 1984 reverendus
1198 1925 1230 1983 in
1260 1923 1383 1984 Christo
1413 1931 1503 1999 pater

237 2030 382 2089 dominus
403 2031 567 2105 osualdus,
589 2033 754 2106 episcopus
776 2031 904 2090 ecclesie
926 2032 1143 2105 zagrabiensis,
1167 2031 1218 2089 die
1240 2030 1405 2098 dominico,
1429 2045 1503 2106 pro·

236 2137 323 2194 ximo
342 2141 415 2213 post
438 2136 554 2196 festum
576 2138 617 2198 ad
639 2138 766 2196 vincula
781 2138 864 2196 beati
882 2137 965 2196 Petri
980 2139 1123 2212 apostoli,
1139 2139 1285 2212 proxime
1307 2137 1502 2211 preteritum,

237 2243 417 2303 coadunatis
447 2259 552 2302 secum
583 2245 763 2304 hominibus
793 2243 834 2301 ad
864 2249 1001 2302 castrum
1023 2243 1144 2302 Medwe
1167 2243 1402 2318 pertinentibus,
1427 2258 1500 2317 pos·

235 2351 385 2409 sessiones
408 2365 517 2409 eorum
540 2350 775 2421 Chernomercz,
807 2349 946 2423 Dedycb,
970 2349 1090 2422 Bythek
1112 2356 1142 2408 et
1165 2349 1287 2408 Nowalr
1310 2355 1445 2420 vocatas,
1468 2350 1499 2408 in
1566 2403 1569 2412 Δ

235 2456 391 2515 territorio
414 2457 553 2514 eiusdem
568 2457 701 2515 civitatis
717 2461 820 2516 nostre
836 2457 1008 2528 existentes,
1025 2457 1120 2516 simul
1137 2471 1209 2514 cum
1229 2461 1320 2529 portu
1338 2455 1501 2528 Kyralrew

235 2569 355 2634 vocato,
378 2578 435 2636 per
464 2577 521 2621 nos
552 2578 610 2637 pro
633 2569 799 2636 augmento
823 2569 854 2622 et
876 2565 1011 2622 utilitate
1032 2563 1110 2637 ipsis
1133 2563 1255 2622 civibus
1279 2561 1317 2620 de
1339 2577 1422 2620 novo
1445 2561 1502 2620 do·

234 2672 330 2741 natas,
360 2675 465 2744 preter
494 2684 619 2727 omnem
648 2669 736 2728 viam
758 2669 843 2736 iuris,
867 2671 900 2728 vi
922 2675 952 2728 et
975 2670 1094 2744 potenti
1117 2685 1210 2728 manu
1233 2678 1422 2743 occupasset.
1451 2683 1501 2728 oc·

235 2782 425 2850 eupatasque
454 2775 495 2833 ad
525 2773 644 2834 dictum
674 2781 810 2834 castrum
840 2774 961 2834 Medwe
991 2775 1201 2850 apropriasset
1231 2775 1263 2832 in
1293 2773 1500 2848 preiudicium

235 2880 417 2939 eorumdem
441 2881 557 2939 civium
580 2888 758 2940 nostrorum
789 2887 882 2955 atque
904 2881 1075 2958 dampnum
1102 2879 1317 2950 manifestum
1341 2879 1498 2954 supplica·

234 2993 307 3046 runt
329 2987 483 3046 maiestati
504 2992 618 3060 nostre,
642 2991 676 3046 ut
698 2987 774 3061 ipsis
797 2987 879 3046 circa
901 2987 1053 3061 premissa
1075 2986 1249 3045 remedium
1270 2985 1418 3044 adhibere
1434 2985 1500 3058 dig·

233 3109 389 3152 naremur.
411 3094 450 3152 Et
482 3094 556 3168 quia
577 3108 635 3152 nos
658 3092 795 3168 prefatos
818 3093 902 3152 cives
924 3097 1046 3152 nostros
1069 3094 1102 3152 in
1123 3091 1303 3152 huiusmodi
1334 3091 1498 3166 possessio-

234 3201 326 3260 nibus
354 3207 385 3259 et
408 3207 501 3275 portu
524 3199 647 3258 illibate
669 3206 774 3259 tenere
795 3201 945 3259 volumus
967 3205 998 3258 et
1020 3215 1212 3272 conservare,
1235 3198 1378 3258 fidelitati
1404 3199 1500 3271 igitur

234 3313 337 3365 vestre
356 3307 470 3365 harum
492 3306 571 3364 serie
593 3306 727 3366 firmiter
749 3306 943 3379 mandamus,
966 3313 1117 3380 quatenus
1138 3306 1270 3381 receptis
1293 3305 1501 3380 presentibus,

233 3411 371 3487 prefatos
393 3413 476 3470 cives
498 3417 630 3484 nostros,
653 3429 761 3472 rursus
783 3414 816 3472 in
840 3413 1014 3471 dominium
1037 3413 1192 3471 dictarum
1215 3412 1444 3487 possessionum
1467 3417 1500 3470 et

231 3519 330 3593 ipsius
352 3525 462 3593 portus
483 3519 687 3592 introducere,
710 3521 964 3595 iutroductosque
994 3527 1101 3579 contra
1132 3519 1289 3594 prefatum
1322 3519 1496 3578 Osualdum

233 3626 416 3700 episcopum
438 3639 474 3684 ac
496 3625 698 3700 magnificum
721 3627 894 3710 Johannem
917 3627 1012 3686 Thwz
1036 3632 1065 3685 et
1087 3641 1159 3685 suos
1182 3625 1366 3684 castellanos
1388 3625 1421 3683 in
1444 3625 1499 3683 do·

232 3732 328 3790 minio
361 3731 542 3790 earumdem
572 3739 684 3804 tenere,
715 3741 878 3808 protegere
899 3739 930 3793 et
952 3732 1112 3793 defensare
1134 3749 1171 3792 ac
1200 3731 1409 3806 indempniter
1432 3746 1497 3789 ma·

231 3843 378 3897 nutenere
409 3837 558 3912 debeatis,
582 3845 686 3898 nostre
708 3839 878 3899 maiestatis
900 3841 933 3899 iu
955 3855 1088 3914 persona
1111 3845 1141 3898 et
1163 3838 1367 3914 aucthoritate
1389 3843 1494 3896 nostra

230 3945 324 4017 regia,
348 3945 544 4018 presentibus
567 3945 658 4003 vobis
680 3945 713 4004 in
734 3947 793 4006 hac
808 3951 897 4020 parte
920 3947 1069 4005 attributa
1091 3945 1253 4018 mediante,
1286 3959 1348 4003 non
1371 3945 1495 4003 obstan·

229 4049 314 4108 tibus
337 4051 585 4125 quibuscumque
614 4051 726 4111 litteris
754 4053 875 4123 nostris,
907 4067 984 4126 quas
1007 4049 1144 4126 prefatus
1167 4049 1322 4110 Osualdus
1345 4051 1494 4125 epicopus

229 4156 343 4214 harum
357 4157 390 4215 in
412 4157 602 4216 contrarium
618 4171 676 4232 pro
687 4159 736 4217 sui
751 4165 839 4234 parte
855 4159 959 4217 taliter
974 4158 1110 4233 qualiter
1125 4161 1155 4217 et
1170 4151 1235 4216 sine
1258 4157 1336 4216 scitu
1348 4165 1454 4216 nostro
1478 4174 1497 4217 a

228 4263 319 4321 nobis
340 4263 530 4335 extraxisset,
554 4279 631 4337 quas
656 4264 783 4323 minime
806 4265 919 4324 curetis
950 4269 981 4324 et
1010 4265 1187 4336 advertatis,
1219 4271 1249 4323 et
1278 4280 1366 4324 secus
1390 4263 1491 4323 facere

229 4383 292 4427 non
313 4369 508 4442 presumatis.
530 4369 728 4429 Presentibus
745 4371 903 4446 perlectis,
918 4373 1078 4430 exhibenti
1093 4372 1249 4431 restitutis.
1269 4371 1385 4430 Datum
1411 4370 1495 4430 Bude

230 4474 263 4533 in
285 4473 365 4533 festo
387 4476 472 4534 beati
487 4475 650 4536 Laureucii
671 4477 816 4537 martiris.
839 4479 930 4537 Anno
953 4478 1073 4537 domini
1095 4479 1265 4537 millesimo
1289 4477 1495 4552 quadringen-

229 4581 341 4639 tesimo
373 4582 602 4656 septuagesimo
632 4583 775 4642 secundo.
805 4584 985 4658 Regnorum
1007 4591 1195 4643 nostrorum
1224 4599 1304 4643 anno
1337 4583 1495 4658 Hungarie

229 4692 284 4744 etc.
308 4687 550 4761 quintodecimo,-
573 4689 721 4748 Bohemie
744 4705 820 4748 vero
843 4695 962 4764 quarto.

871 4845 918 4896 Ad
936 4847 1144 4913 proposicionem
1162 4847 1261 4897 domini
1279 4847 1441 4900 thezaunrd.

334 5019 375 5071 Iv.
394 5017 567 5087 Knkuljevid.
579 5019 667 5071 Arkiv
684 5037 715 5072 aa
732 5023 894 5090 povjestnicu
909 5023 1120 5091 jugoslavensirn,
1138 5025 1192 5094 huj.
1211 5025 1265 5080 m.
1283 5031 1327 5079 etr.
1349 5037 1494 5084 loo—101.
