3932 5806
710 556 781 614 Doc.
804 551 875 631 198.
900 588 944 598 -
966 555 1022 614 An.
1047 549 1137 633 1458.
1493 553 1549 613 261

288 780 369 847 runt,
392 788 469 847 quas
492 773 610 832 eisdem
632 772 839 832 concessimus
861 770 930 844 lege
950 771 1038 844 regni
1060 771 1236 844 requirente
1259 776 1289 829 et
1312 769 1472 828 communi
1488 765 1551 844 jus·

288 881 360 939 ticia
382 879 537 938 svadente.
570 880 688 938 Datum
710 877 788 937 teria
811 877 945 937 secunda
967 877 1112 952 proxima
1134 883 1205 951 post
1235 875 1411 952 predictum
1435 874 1551 933 festum
1584 871 1585 876 ’

289 985 537 1046 circumcisionis
553 985 678 1045 domini.
703 968 792 1043 Anno
807 983 945 1043 eiusdem
960 983 1129 1042 millesimo
1145 981 1449 1056 quadringentesimo
1463 982 1554 1056 quin-

289 1092 470 1166 quagesimo
493 1097 611 1150 octavo.

392 1279 525 1344 Originale
543 1281 571 1330 iu
589 1279 684 1332 charta.
705 1281 728 1329 A
752 1286 825 1344 tergo
843 1279 981 1342 vestigium
999 1279 1118 1344 impressi
1137 1277 1225 1342 sigilli.
1245 1279 1277 1327 In
1296 1277 1411 1328 archivio
1429 1276 1476 1328 lib.
1496 1293 1548 1342 reg.

287 1370 357 1421 civit.
377 1369 478 1433 zagrab.

880 1649 963 1716 198.

392 1847 473 1895 Anno
495 1845 569 1911 1458,
590 1857 631 1908 30.
649 1844 767 1909 januarii.
786 1843 885 1896 Budae.

286 1998 419 2056 ΜίιΙιαεί
438 1995 548 2070 Silagy,
571 1996 707 2053 Mathiae
729 1997 805 2068 regis
827 1997 946 2066 nomine,
964 1996 1104 2073 Johanm'
1134 1997 1248 2055 Wtovec
1265 1996 1299 2052 de
1332 1994 1445 2053 Greben
1474 1953 1549 2052 buno

406 2117 539 2196 mandat,
562 2127 596 2176 ut
615 2121 824 2178 communitatis
847 2120 971 2176 civitatis
986 2120 1064 2193 jura
1087 2121 1279 2193 litertatesque
1301 2125 1424 2176 tueamr.

391 2299 523 2356 Michael
546 2297 664 2370 Zylagy
694 2298 732 2356 de
755 2299 925 2371 Horogzeg,
948 2299 1073 2356 nomine
1095 2304 1126 2356 et
1148 2299 1180 2356 in
1203 2311 1334 2372 persona
1357 2276 1546 2356 serenissimi

286 2405 435 2479 principis
458 2408 488 2462 et
512 2403 647 2475 domini,
683 2404 801 2462 domini
831 2405 946 2462 Mathie
977 2404 1027 2462 dei
1053 2405 1157 2476 gracia
1181 2405 1354 2476 Hungarie,
1378 2393 1548 2473 Dalmacie‚

285 2509 413 2567 Croacie
437 2514 491 2567 etc.
516 2511 606 2582 regis,
630 2509 769 2566 eiusdem
793 2511 880 2583 regni
902 2511 1100 2582 gubernator,
1125 2509 1291 2582 magnifico
1314 2509 1378 2566 Pan
1400 2509 1458 2592 Jan
1489 2508 1548 2580 By·

285 2615 422 2673 thowecz
445 2615 483 2672 de
506 2615 656 2686 Gereben,
680 2617 769 2688 regni
784 2615 946 2673 Sclauonie
972 2616 1214 2688 ban0‚sa1utem
1239 2621 1268 2673 et
1284 2616 1441 2673 honorem.
1466 2614 1546 2687 Quia

284 2736 341 2778 nos
365 2738 402 2779 ex
426 2723 586 2780 voluntate
609 2722 807 2780 dominorum
830 2723 1024 2796 prelatorum
1046 2727 1076 2780 et
1099 2722 1252 2780 baronum
1277 2736 1313 2778 ac
1338 2719 1494 2778 nobilium
1516 2722 1548 2778 in

285 2829 419 2901 presenti
443 2829 648 2886 convencione
671 2829 808 2900 generali
832 2829 1078 2899 constitutorum,
1103 2829 1187 2885 etin
1211 2841 1342 2902 persona
1358 2826 1470 2901 prefati
1494 2826 1547 2884 do·

284 2934 361 2991 mini
384 2935 482 2991 nostri
505 2934 586 3006 regis
610 2935 768 2990 civitatem
792 2934 906 2991 montis
930 2933 1092 2994 Grecensis
1116 2938 1146 2991 et
1168 2934 1245 2992 alias
1268 2932 1384 2991 liberas
1407 2933 1548 2990 civitates

283 3041 384 3112 regias
408 3040 447 3098 ad
471 3055 580 3097 manus
603 3045 724 3098 nostras
747 3039 930 3113 recepimus,
954 3043 985 3097 et
1007 3039 1137 3097 eandem
1160 3039 1282 3097 civibus
1306 3045 1335 3096 et
1358 3039 1546 3098 inhabitato·

284 3146 369 3202 ribus
405 3145 544 3202 eiusdem
574 3145 809 3218 gubernandam
844 3161 909 3202 esse
941 3146 1170 3218 commisimus,
1204 3145 1413 3218 volumusque
1444 3145 1547 3221 ipsam

284 3251 442 3308 civitatem
466 3251 585 3322 regiam
608 3265 643 3307 ac
666 3251 827 3308 universos
851 3252 934 3308 cives
958 3257 988 3308 et
1010 3251 1232 3308 inhabitatores
1256 3249 1394 3308 eiusdem
1411 3251 1545 3309 civitatis

284 3361 389 3413 contra
414 3358 571 3430 quoslibet
595 3357 776 3430 illegitimos
799 3359 993 3430 impetitores
1016 3358 1103 3428 tueri,
1128 3362 1290 3430 protegere
1314 3363 1344 3414 et
1366 3356 1546 3426 defendere;

284 3461 354 3519 ideo
377 3463 550 3521 amiciciam
575 3469 710 3521 vestram
727 3478 881 3536 rogamus,
899 3469 1050 3536 quatenus
1072 3470 1243 3536 pretactam
1259 3463 1417 3521 civitatem
1433 3463 1547 3520 montis

283 3565 445 3626 Grecensis
469 3584 504 3626 ac
527 3569 689 3626 universos
713 3570 796 3626 cives
820 3574 849 3626 et
872 3569 1095 3626 inhabitatores
1111 3568 1250 3626 eiusdem
1266 3575 1373 3627 contra
1389 3569 1546 3643 quoslibet

282 3674 463 3746 illegitimos
486 3675 680 3747 impetitores
704 3677 791 3746 tueri,
816 3681 978 3747 protegere
1002 3681 1032 3732 et
1064 3673 1239 3746 defendere,
1272 3689 1307 3732 ac
1337 3675 1369 3732 iu
1399 3677 1545 3734 omnibus

282 3777 404 3856 juribus
439 3786 469 3838 et
503 3780 776 3839 consuetudinibus
810 3796 939 3852 eorum,
973 3781 1086 3854 quibus
1120 3782 1161 3838 ab
1196 3781 1397 3855 antiquorum
1434 3797 1545 3855 regum

282 3886 478 3960 temporibus
502 3887 549 3944 usi
573 3885 694 3956 fuerint,
718 3886 926 3961 indempniter
949 3901 1132 3944 conservare
1159 3895 1189 3945 et
1212 3893 1410 3946 manutenere
1432 3889 1545 3962 velitis,

282 3998 386 4048 nostra
410 3993 441 4050 in
463 4007 595 4065 persona
619 4001 647 4049 et
672 3995 852 4050 auctoritate
878 3993 968 4050 vobis
992 3994 1187 4066 presentibus
1209 3995 1359 4052 attributa
1380 3999 1409 4052 et
1424 3995 1545 4054 iusticia

282 4095 444 4156 mediante.
468 4097 560 4154 Secus
584 4098 719 4171 petimus
742 4113 805 4156 non
827 4099 946 4157 facturi.
978 4099 1175 4156 Presentibus
1204 4099 1357 4173 perlectis,
1387 4101 1545 4159 exhibenti

281 4203 437 4262 restitutis.
471 4204 587 4260 Datum
618 4203 704 4261 Bude
735 4203 811 4262 feria
846 4203 979 4262 secunda
1004 4205 1148 4277 proxima
1170 4210 1240 4263 ante
1264 4203 1376 4263 festum
1400 4205 1544 4280 purifica·

281 4309 377 4366 cionis
408 4310 542 4382 gloriose
571 4310 701 4382 virginis
732 4311 836 4369 Marie.
859 4312 949 4368 Anno
973 4310 1090 4368 domini
1114 4311 1284 4369 millesimo
1307 4311 1543 4385 quadringente·

281 4415 360 4472 simo
384 4415 642 4488 quinquagesimo
665 4421 786 4474 octavo.

854 4535 965 4585 Relacio
983 4537 1081 4585 domini
1100 4535 1209 4595 Alberti,
1229 4536 1305 4586 electi
1324 4537 1471 4587 Nitriensis.

385 4725 518 4788 Originale
537 4727 563 4773 in
583 4725 678 4782 charta,
696 4726 722 4774 in
740 4727 854 4790 margine
874 4728 988 4778 inferiori
1008 4728 1121 4793 sigillum
1140 4730 1300 4793 impressum.
1321 4731 1412 4778 Exstat
1425 4730 1503 4778 etiam
1514 4731 1543 4778 in

278 4820 438 4878 transumpto
457 4813 563 4877 capituli
580 4815 682 4877 zagrab.
