3828 5822
396 503 458 578 396
833 498 906 556 Doc.
926 493 1000 572 316.
1024 529 1067 538 —
1090 498 1146 554 An.
1172 491 1261 574 1478.

394 733 447 777 sue
473 722 510 776 et
544 716 634 776 dictis
670 713 897 789 exponentibus
928 712 1074 770 iniuriam
1105 717 1136 769 et
1167 711 1341 786 dampnum
1372 711 1467 770 valde
1501 727 1659 786 magnum.

393 823 484 886 Unde
505 824 596 882 nobis
626 821 788 880 humiliter
819 819 1018 892 supplicavit,
1049 823 1084 876 ut
1115 818 1175 879 sibi
1206 834 1300 891 super
1329 819 1389 877 hiis
1421 818 1458 876 de
1481 826 1659 894 opportuno

392 929 469 1007 juris
491 928 628 988 remedio
652 927 819 1002 providere
842 925 1050 998 dignaremur.
1083 924 1146 982 Nos
1169 925 1265 998 igitur
1288 925 1479 984 attendentes
1502 927 1658 1004 supplica·

392 1039 513 1096 cionem
543 1034 724 1095 huiusmodi
754 1033 821 1092 iore
853 1033 966 1090 iustam
998 1037 1029 1089 et
1059 1046 1227 1090 consonam
1261 1032 1386 1104 racioni,
1410 1031 1557 1106 quodque
1579 1032 1659 1091 iusta

392 1143 654 1217 petentibus'non
678 1144 724 1198 est
749 1137 947 1212 denegandus
972 1152 1123 1209 assensus,
1147 1138 1350 1212 volentesque
1372 1139 1441 1210 sibi,
1457 1145 1492 1195 ut
1508 1142 1658 1212 tenemur,

391 1248 545 1306 iusticiam
571 1247 761 1316 ministrare,
793 1244 832 1302 de
863 1243 1012 1318 predictis
1035 1249 1153 1302 certam
1174 1243 1321 1302 noticiam
1343 1257 1407 1302 non
1428 1244 1586 1317 habentes,
1608 1245 1658 1304 di·

391 1354 541 1412 screcioni
563 1360 614 1412 tue
636 1352 819 1410 anctoritate
842 1350 1009 1422 legacionis
1031 1357 1136 1408 nostre
1159 1355 1266 1409 tenore
1294 1351 1491 1424 presencium
1514 1351 1656 1410 commit·

391 1460 494 1532 timus,
519 1466 669 1533 quatenus
693 1457 810 1516 vocatis
834 1456 984 1530 partibus,
1001 1457 1138 1531 ipsisque
1161 1463 1192 1515 et
1207 1457 1277 1515 aliis
1293 1457 1348 1532 qui
1364 1457 1481 1515 fuerint
1496 1457 1655 1528 evocandi,

394 1565 568 1638 auditisque
592 1563 736 1623 hincinde
759 1561 935 1636 propositis.
953 1563 1206 1636 responsionibus
1221 1567 1252 1620 et
1268 1561 1514 1634 allegacionibus
1530 1577 1657 1622 causam

393 1675 423 1738 et
445 1685 553 1728 causas
575 1669 753 1728 huiusmodi
777 1685 850 1726 cum
873 1669 1018 1728 omnibus
1040 1669 1104 1727 suis
1126 1669 1303 1728 incidenciis
1325 1667 1527 1740 emergendis,
1543 1667 1657 1743 depen-

394 1775 503 1834 dandis
533 1781 627 1850 atque
657 1777 803 1834 connexis
833 1774 957 1833 decidas
988 1781 1082 1848 atque
1112 1775 1174 1834 fine
1204 1775 1313 1834 debito
1336 1775 1493 1847 termines,
1517 1775 1656 1849 aliasque

390 1883 469 1941 inter
490 1882 574 1957 ipsas
602 1886 714 1956 partes,
746 1881 830 1956 quod
862 1882 1043 1940 canonicum
1073 1881 1183 1953 fuerit,
1215 1881 1371 1954 decernas,
1394 1881 1536 1940 faciendo
1568 1880 1655 1956 quod

391 1987 572 2059 decreveris,
589 2005 646 2062 per
669 2000 830 2048 censuram
853 1987 1091 2047 ecclesiasticam
1115 1994 1146 2046 et
1168 1989 1229 2046 alia
1250 1986 1328 2064 juris
1350 1987 1497 2058 remedia,
1512 1988 1654 2062 appella·

394 2094 480 2152 cione
502 2095 684 2169 postposita,
707 2093 840 2152 firmiter
862 2095 1031 2154 observari.
1054 2095 1160 2152 Testes
1183 2109 1267 2166 vero,
1290 2095 1344 2168 qui
1366 2095 1517 2153 nominati
1532 2093 1656 2166 fuerint,

390 2200 417 2257 si
439 2215 472 2257 se
494 2199 575 2271 o'dio,
598 2201 701 2274 gracia
725 2201 778 2258 vel
801 2200 913 2267 timore
936 2201 1155 2272 subtraxerint,
1178 2201 1275 2259 simili
1298 2216 1426 2258 censura
1449 2215 1541 2273 cogas
1572 2200 1655 2259 testi·

390 2305 533 2395 monium
564 2307 729 2380 perhibere
760 2306 891 2364 veritati.
920 2306 1038 2364 Datum
1069 2306 1161 2378 Bude,
1185 2306 1426 2380 wesprimiensis
1450 2305 1599 2380 dyocesis,
1622 2307 1654 2364 in

390 2411 484 2484 domo
506 2412 597 2470 so'lite
626 2413 795 2472 residencie
825 2419 928 2472 nostre
959 2413 1017 2470 sub
1048 2414 1146 2471 nostri
1169 2413 1265 2496 sigilli
1288 2413 1417 2471 minoris
1439 2413 1654 2487 impressione,

391 2501 441 2586 die
464 2516 584 2576 decima
607 2523 718 2592 quarta
740 2520 854 2578 mensis
876 2519 963 2602 Julii.
988 2521 1078 2577 Anno
1109 2517 1228 2578 domini
1251 2515 1421 2578 millesimo
1446 2517 1654 2593 quadringen-

389 2623 499 2680 tesimo
523 2626 752 2698 septuagesimo
778 2633 897 2685 octavo.
922 2625 1122 2688 Pontificatus
1144 2632 1248 2684 autern
1271 2625 1458 2684 sanctissimi
1480 2625 1512 2683 in
1528 2625 1652 2683 Christo

391 2728 486 2802 patris
510 2733 540 2787 et
563 2728 679 2788 domini
705 2732 811 2804 nostri,
835 2731 954 2790 domini
976 2731 1063 2803 Sixti,
1080 2731 1185 2790 divina
1210 2730 1410 2806 providencia
1433 2746 1514 2806 pape
1538 2731 1651 2804 quarti,

390 2849 470 2892 anno
493 2836 634 2907 septimo.

494 2971 518 3019 E
537 2977 698 3036 transumpto
719 2972 849 3037 Johannis
868 2973 944 3022 Pauli
962 2974 1071 3033 Dersan,
1090 2981 1119 3023 ut
1137 2975 1211 3032 int'ra,
1237 2976 1269 3039 de
1288 2990 1356 3025 anno
1378 2975 1453 3039 1478.
1479 2975 1511 3024 In
1538 2973 1653 3024 archivio

390 3075 475 3111 vener.
495 3059 572 3125 capit.
592 3059 653 3109 eccl.
672 3061 774 3125 zagrab.

977 3290 1057 3356 316.

492 3432 573 3482 Auno
595 3431 669 3496 1478,
690 3443 731 3495 27.
749 3431 823 3496 Julii.
842 3433 990 3497 Zagrabiae.

380 3557 543 3634 Johannes,
566 3559 787 3618 archidiaconus
808 3560 966 3630 losnensis,
989 3560 1111 3617 attondat
1124 3559 1257 3634 plebanis
1271 3559 1399 3632 zograb,
1422 3567 1456 3616 ut
1470 3559 1651 3636 Johannem,

389 3666 559 3724 canonicum
591 3667 726 3735 lectorem,
758 3667 788 3722 in
809 3668 864 3742 jus
894 3668 987 3736 citent,
1017 3663 1099 3740 quod
1123 3666 1280 3722 Antonium
1293 3668 1422 3740 fratrem
1446 3666 1505 3723 ord.
1529 3665 1651 3723 Praedi-

853 3780 1002 3856 lcatomm
1026 3773 1168 3846 mallavit

397 3937 401 3940 ·
493 3915 556 3972 Nos
586 3916 742 3999 Johannes
772 3915 862 3974 Pauli
893 3917 1020 3986 Dersan,
1044 3917 1174 3974 acolitus
1198 3915 1278 3975 sedis
1301 3917 1473 3990 apostolice
1497 3921 1527 3975 et
1549 3917 1648 3976 archi·

387 4021 534 4079 diaconus
557 4022 745 4080 chasmensis
769 4022 800 4078 in
823 4022 951 4080 ecclesia
975 4023 1174 4094 zagrabiensi,
1197 4024 1228 4081 in
1250 4039 1342 4081 causa
1366 4029 1396 4081 et
1411 4023 1511 4081 causis
1527 4037 1562 4082 ac
1579 4037 1648 4097 par-

385 4128 469 4185 tibus
499 4126 579 4185 inira
607 4128 731 4202 scriptis
762 4125 856 4203 judex
887 4134 918 4186 et
948 4129 1179 4186 commissarius
1211 4145 1267 4202 per
1297 4127 1595 4187 reverendissimum
1616 4130 1649 4187 in

385 4233 509 4291 Christo
532 4239 653 4307 patrem
677 4241 707 4292 et
730 4235 901 4306 dominum,
918 4234 1080 4292 dominum
1103 4233 1293 4307 Gabrielem,
1319 4235 1521 4293 miseracione
1544 4234 1649 4294 divina

385 4339 467 4398 tituli
491 4347 667 4398 sanctorum
698 4339 797 4414 Sergii
832 4349 862 4398 et
896 4340 991 4398 Bachi
1013 4349 1115 4399 sancte
1137 4357 1266 4399 romane
1288 4342 1416 4402 ecclesie
1439 4341 1647 4414 presbiterum

385 4445 583 4518 cardinalem,
613 4448 796 4519 agriensem,
829 4449 860 4505 in
888 4448 991 4519 regnis
1020 4448 1178 4520 Hungarie
1209 4453 1238 4505 et
1268 4448 1413 4506 Bohemie
1443 4463 1479 4505 ac
1502 4447 1648 4505 omnibus

383 4552 474 4610 terris
497 4557 526 4609 et
549 4553 626 4611 locis
649 4554 814 4628 temporali
839 4553 977 4612 dominio
1000 4555 1186 4613 serenissimi
1210 4555 1358 4628 principis
1381 4554 1500 4612 domini
1521 4554 1644 4624 Mathie,

383 4657 577 4732 prefatorum
601 4675 769 4732 regnorum
792 4660 959 4733 Hungarie,
984 4660 1130 4718 Bohemie
1152 4669 1208 4719 etc.
1231 4661 1322 4733 regis,
1346 4661 1500 4728 subiectis,
1524 4665 1649 4733 aposto·

383 4765 444 4822 lice
467 4763 548 4822 sedis
572 4765 720 4839 legatum,
743 4767 920 4841 specialiter
940 4765 1111 4840 deputatus.
1135 4767 1295 4826 Universis
1319 4767 1491 4840 etsingulis
1515 4765 1648 4824 dominis

383 4871 560 4942 abbatibus,
583 4872 749 4946 prioribus,
774 4873 948 4947 prepositis,
965 4873 1096 4945 decanis,
1114 4873 1345 4944 archidiaconis,
1361 4867 1561 4944 scholasticis,
1578 4888 1648 4931 can·

383 4978 515 5050 toribus,
549 4977 738 5052 custodibus,
773 4979 983 5054 thesaurariis,
1017 4979 1160 5052 sacristis,
1185 4986 1248 5038 tarn
1282 4977 1514 5038 kathedralium
1550 4995 1646 5056 quam
