3932 5806
707 595 783 654 Doc.
806 608 874 672 213.
897 627 940 638 -
963 594 1019 654 An.
1045 603 1134 671 1459.

876 803 961 872 213.
1017 817 1022 826 ’
1089 819 1093 826 ’

387 929 469 979 Anno
490 940 565 995 1459,
587 941 628 992 14.
646 927 744 994 aprilis.
764 927 912 991 Zagrabiae.

288 1039 391 1098 Coram
413 1040 586 1114 magistratu
608 1038 734 1097 cecitatis
755 1038 879 1107 Helena,
901 1053 977 1112 quae
991 1035 1059 1112 suit
1081 1034 1217 1112 Zojconis
1235 1052 1322 1112 uxor,
1341 1053 1446 1110 agrum
1466 1052 1550 1094 suum

671 1127 799 1185 Antonio
821 1103 978 1200 saraae
994 1125 1053 1182 cnr
1072 1123 1174 1220 aare

388 1254 453 1313 Nos
467 1255 631 1339 Johannes,
654 1251 739 1312 filius
754 1252 846 1323 Petri,
862 1248 965 1328 judex,
989 1249 1138 1322 Andreas,
1162 1249 1291 1322 Blasius,
1308 1249 1432 1322 Paulus,
1449 1249 1550 1309 Acha-

283 1361 357 1434 cius,
389 1360 543 1428 Clemens,
578 1359 723 1430 Thomas,
756 1357 931 1416 Anthonius
962 1360 992 1414 et
1022 1355 1158 1440 Jacobus
1188 1353 1290 1432 jurati,
1321 1355 1491 1415 consiliarii
1520 1360 1551 1415 et

282 1467 419 1525 universi
442 1453 526 1524 cives
548 1464 682 1524 civitatis
709 1464 823 1523 montis
846 1462 1016 1522 Grecensis.
1047 1462 1196 1520 Memoris
1227 1459 1485 1520 commendamus
1507 1467 1550 1521 te·

282 1586 358 1630 nore
381 1571 576 1646 presencium
604 1568 813 1643 significantes
844 1567 959 1642 quibus
990 1565 1116 1641 expedit
1145 1567 1306 1639 universis,
1341 1567 1427 1642 quod
1450 1568 1551 1642 proba

283 1681 313 1735 et
335 1678 464 1736 honesta
494 1676 609 1735 mulier
638 1675 734 1734 Elena
767 1681 886 1745 vocata,
915 1673 1025 1732 relicta
1055 1671 1188 1731 condam
1211 1671 1363 1746 Zaylronis
1386 1671 1550 1748 lucifiguli,

284 1783 363 1842 otim
386 1781 522 1842 concivis
553 1781 660 1854 nostri,
690 1782 839 1857 primum,
873 1795 955 1839 nunc
978 1791 1054 1838 vero
1076 1791 1202 1837 consors
1225 1778 1379 1852 legittima
1401 1779 1551 1861 Johannis

282 1888 429 1960 litterati,
461 1888 597 1946 concivis
629 1886 775 1945 similiter
797 1886 910 1957 nostri,
945 1885 984 1944 ad
1018 1889 1158 1943 nostram
1192 1883 1397 1959 personaliter
1424 1885 1551 1944 veniens

284 1993 478 2070 presenciam
507 1991 648 2052 confessa
681 1996 727 2051 est
761 1993 792 2052 in
827 1992 909 2051 hunc
942 1990 1095 2049 modurn:
1128 1995 1162 2048 ut
1196 1991 1264 2066 ipsa
1299 1989 1455 2064 quandam
1490 1996 1551 2050 ter·

283 2115 352 2160 ram
375 2115 465 2159 suam
488 2099 643 2158 arabilem
674 2099 706 2158 in
737 2099 893 2158 territorio
923 2103 1030 2157 nostro
1061 2103 1148 2155 extra
1178 2095 1301 2156 Novam
1323 2103 1449 2172 portam
1472 2097 1550 2156 eius-

283 2205 355 2265 dem
378 2206 526 2278 civitatis,
552 2205 636 2264 ultra
668 2205 830 2264 ecclesiam
862 2203 945 2262 beati
968 2203 1096 2277 Georgii
1123 2202 1269 2276 martiris,
1301 2217 1401 2278 prope
1431 2203 1550 2263 molen·

284 2311 365 2385 dina,
400 2312 480 2371 inter
514 2310 592 2370 duas
623 2311 690 2369 vias
718 2321 899 2370 communes
932 2309 1072 2387 habitam
1095 2313 1134 2367 'et
1164 2309 1355 2382 existentem,
1389 2308 1475 2384 duas,
1505 2287 1552 2368 uti

179 2457 187 2472 .
242 2427 247 2434 ·
285 2416 407 2491 dicitur,
420 2416 517 2476 dietas
533 2421 615 2476 terre
637 2417 669 2475 in
692 2431 725 2474 se
742 2416 957 2490 continentem,
980 2415 1081 2490 ipsam
1099 2415 1218 2474 scilicet
1233 2415 1362 2474 Elenam
1385 2415 1551 2476 mulierem

282 2520 351 2600 jure
372 2523 535 2582 statutorio
558 2521 740 2581 litteratorie
763 2527 1006 2593 concernentem,
1030 2526 1124 2596 prout
1147 2521 1206 2580 hoc
1230 2521 1261 2580 in
1284 2520 1421 2594 quadam
1443 2521 1549 2581 littera

283 2634 389 2687 nostra
419 2643 474 2686 seu
505 2629 640 2688 civitatis
662 2625 782 2704 pretate
813 2627 1013 2702 privilegiali,
1044 2633 1186 2702 tempore
1216 2628 1367 2702 presentis
1396 2627 1550 2706 judicatus

261 2733 397 2809 -presati
421 2734 531 2794 iudicis
550 2736 649 2808 nostri
671 2733 823 2806 moderni,
847 2733 886 2792 de
902 2733 1122 2819 anno'domini
1143 2749 1224 2792 nunc
1246 2735 1382 2809 presenti
1404 2740 1434 2793 et
1456 2734 1551 2794 intra·
1596 2744 1604 2758 ·

284 2841 402 2915 scripto
426 2840 503 2899 feria
522 2841 617 2899 tercia
639 2840 784 2915 proxima
800 2846 871 2915 post
887 2839 1001 2898 festum
1018 2841 1100 2898 beati
1117 2839 1276 2899 Ambrosii
1296 2839 1435 2916 episcopi
1457 2846 1551 2915 atque

284 2945 428 3018 doctoris,
452 2947 595 3021 proxime
615 2947 771 3020 preterito,
788 2961 846 3021 pro
870 2951 957 3021 parte
980 2947 1078 3020 ipsius
1101 2945 1195 3004 Elene
1218 2945 1359 3004 mulieris
1384 2945 1551 3021 superinde

284 3051 423 3111 confecta
445 3057 476 3110 et
498 3057 640 3112 emanata
664 3067 700 3110 ac
723 3067 829 3110 coram
851 3053 942 3111 nobis
965 3053 1157 3127 specietenus
1178 3051 1387 3111 demonstrata
1403 3052 1466 3111 fide
1481 3067 1551 3112 con·

284 3159 375 3218 tineri
388 3157 523 3217 vidimus
538 3159 687 3231 occulata,
711 3157 879 3217 simulcum
897 3159 1044 3217 omnibus
1067 3157 1206 3216 eiusdem
1228 3163 1309 3217 terre
1331 3157 1461 3218 arabilis
1477 3157 1552 3216 dua·

284 3279 364 3336 rum,
387 3269 421 3323 ut
436 3263 617 3338 predicitur,
633 3263 788 3324 dietarum
803 3265 999 3336 utilitatibus,
1023 3262 1153 3340 juribus,
1173 3265 1290 3337 usibus,
1314 3264 1552 3338 integritatibus,

284 3369 614 3444 fructuositatibusque
636 3376 667 3429 et
697 3370 894 3445 pertinenciis
924 3370 1076 3428 universis
1105 3371 1165 3428 sub
1197 3371 1262 3428 eius
1286 3347 1446 3445 prioribus
1468 3372 1552 3430 veris

286 3481 317 3534 et
339 3476 474 3550 antiquis
496 3477 587 3536 metis
609 3481 705 3552 prout
735 3476 844 3536 eadem
867 3481 949 3536 terra
971 3475 1099 3535 arabilis
1122 3493 1178 3551 per
1202 3477 1361 3551 primevos
1385 3491 1456 3535 suos
1480 3479 1551 3552 po's·

283 3596 417 3640 sessores
439 3597 564 3658 semper
586 3587 617 3642 et
639 3583 681 3641 ab
704 3583 831 3657 antiquo
854 3597 953 3656 usque
975 3587 1059 3640 tenta
1081 3581 1190 3640 fuisset
1211 3587 1242 3640 et
1263 3596 1413 3657 possessa,
1430 3582 1552 3658 pretato

284 3689 449 3761 Anthonic,
477 3688 545 3747 filio
566 3687 693 3762 Georgii
714 3687 921 3764 Syprasnych,
945 3687 1095 3747 moderno
1116 3685 1220 3764 jurato
1252 3693 1283 3746 et
1305 3689 1425 3748 concivi
1446 3693 1552 3748 nostro

283 3793 472 3869 supradicto,
502 3811 539 3853 ac
561 3811 619 3870 per
653 3811 725 3854 eum
754 3795 817 3854 suis
849 3794 1016 3854 heredibus
1047 3811 1105 3870 pro
1135 3811 1250 3854 novem
1280 3794 1404 3854 florenis
1432 3796 1501 3854 auri
1523 3800 1554 3854 et

284 3900 422 3974 quinque
445 3879 549 3975 pensis
573 3900 773 3960 denariorum
795 3917 852 3976 per
875 3902 979 3975 ipsum
1011 3901 1205 3959 Anthonium
1228 3901 1348 3976 prefate
1371 3901 1467 3962 Elene
1486 3917 1552 3960 mu·

177 4071 180 4077 ,
284 4007 363 4079 lieri,
384 4012 479 4081 prout
501 3990 635 4082 ipsamet
658 4008 750 4066 nobis
772 4009 881 4066 retulit
895 4009 957 4066 iam
980 4007 1073 4082 plene
1097 4007 1177 4066 datis
1200 4013 1231 4068 et
1254 4007 1430 4083 persolutis,
1446 4007 1553 4066 vendi·

285 4111 388 4184 disset,
419 4113 517 4172 immo
550 4113 690 4172 vendidit
718 4128 824 4172 coram
858 4114 949 4172 nohis
978 4111 1046 4190 jure
1078 4120 1229 4189 perpetuo
1253 4119 1284 4172 et
1306 4113 1554 4173 irrevocabiliter

285 4217 458 4291 tenendam,
493 4218 714 4294 possidendam
747 4221 865 4294 pariter
898 4225 928 4279 et
952 4219 1134 4278 habendam
1165 4235 1201 4279 ac
1230 4221 1316 4280 iuxta
1340 4219 1554 4279 condicionem

284 4323 418 4382 civitatis
453 4329 614 4399 prenotate
637 4326 678 4383 ab
701 4327 829 4400 antiquo
859 4326 1099 4400 privilegiaiiter
1129 4328 1346 4402 approbatam,
1381 4325 1553 4400 quomodo·

284 4443 418 4503 cumque
439 4431 577 4488 voluerit
597 4430 831 4510 disponendam.
854 4433 888 4490 ln
911 4433 998 4490 cuius
1021 4433 1076 4491 rei
1089 4434 1275 4491 memoriam
1298 4437 1391 4507 atque
1408 4433 1554 4492 testimo·

283 4536 380 4606 nium,
403 4535 646 4611 firmitatemque
661 4543 846 4613 perpetuam
862 4539 1057 4613 presentibus
1073 4539 1214 4612 sigillum
1230 4545 1373 4598 nostrum
1388 4554 1554 4598 commune

285 4639 431 4700 duximus
454 4642 704 4717 appendendum.
728 4644 844 4702 Datum
867 4644 943 4703 feria
960 4640 1070 4718 (siclin
1087 4645 1165 4705 testo
1182 4646 1346 4704 beatorum
1362 4645 1501 4704 Tiburcii
1524 4651 1554 4704 et

284 4747 443 4806 Valeriani
465 4749 639 4808 martirum.
674 4751 765 4809 Anno
788 4750 907 4809 domini
939 4751 1109 4810 millesimo
1134 4751 1441 4826 quadringentesimo
1465 4752 1554 4826 quin-

284 4853 467 4927 quagesimo
489 4869 584 4915 nono,

389 4989 524 5054 Originale
540 4991 569 5041 in
586 4992 742 5043 membrana.
762 4993 832 5041 Zona
850 4991 946 5043 sericea
965 4994 1055 5044 viridis
1067 4994 1196 5060 dependet
1208 4993 1306 5057 absque
1319 4991 1415 5058 sigillo.
1433 4995 1466 5053 In
1484 4992 1552 5044 arob.

284 5075 341 5112 ren.
360 5061 438 5126 capit.
451 5061 551 5126 aegrab.

1450 5158 1485 5215 18
