3932 5806
686 569 758 627 Doc.
782 582 852 646 234.
875 579 943 646 235.
964 599 1005 611 -
1027 568 1084 628 An.
1109 563 1201 644 1464.
1514 583 1573 644 293

308 787 450 860 ipsorum
481 784 603 863 juribus
634 790 737 844 tenere
759 789 853 858 atque
875 785 963 857 tueri,
986 783 1057 842 ideo
1078 784 1121 842 ita
1144 782 1283 842 volentes
1304 784 1463 858 prefatum
1491 785 1575 859 capi·

308 893 420 960 tulum,
452 892 648 968 populosque
678 905 715 950 ac
743 889 924 968 jobagiones
955 889 1095 948 eiusdem
1124 893 1232 948 contra
1264 889 1425 948 libertates
1448 905 1484 950 ac
1506 887 1575 966 jura

309 999 451 1072 ipsorum
475 993 516 1055 ab
539 997 698 1071 aliquibus
721 995 867 1071 impediri
891 999 944 1054 aut
968 995 1137 1066 molestari,
1153 991 1336 1070 juribusque
1359 997 1500 1070 ipsorum
1518 1012 1576 1070 per

308 1104 490 1178 quempiam
521 1102 673 1174 derogari.
705 1101 848 1160 fidelitati
871 1105 974 1160 vestre
996 1100 1129 1160 firmiter
1152 1100 1356 1174 precipientes
1380 1101 1574 1172 mandamus,

308 1215 459 1282 quatenus
487 1207 645 1283 prefatum
668 1207 843 1281 capitulum
864 1221 900 1265 ac
924 1205 1059 1280 populos
1081 1210 1111 1263 et
1132 1203 1315 1281 jobagiones
1338 1206 1436 1280 ipsius
1458 1205 1573 1264 amodo

308 1315 339 1372 in
362 1317 523 1388 posterum
546 1319 653 1371 contra
670 1313 837 1386 premissas
853 1311 1014 1370 libertates
1030 1325 1067 1369 ac
1086 1308 1156 1386 jura
1171 1311 1312 1384 ipsorum
1336 1310 1502 1370 molestare
1519 1318 1572 1370 aut

309 1418 510 1478 damnificare
532 1434 586 1477 seu
603 1418 763 1477 molestari
777 1431 975 1491 nequaquam
991 1417 1178 1491 permittatis
1200 1432 1257 1475 nec
1281 1433 1337 1491 per
1360 1431 1416 1475 vos
1439 1423 1492 1476 aut
1521 1433 1573 1476 ve·

310 1529 391 1584 siros
418 1525 572 1599 impedire
603 1524 722 1583 faciatis
753 1524 856 1597 gracie
885 1529 990 1582 nostre
1012 1523 1072 1581 sub
1095 1523 1231 1581 obtentu.
1255 1523 1323 1581 Hoc
1345 1529 1450 1582 autem
1473 1523 1572 1582 eciam

307 1647 365 1706 per
395 1630 516 1690 tuturos
546 1632 643 1688 banos
666 1630 752 1689 illius
774 1630 862 1703 regni
884 1630 982 1688 nostri
1005 1628 1167 1686 Sclauonie
1190 1627 1323 1688 firmiter
1347 1629 1493 1688 volumus
1516 1631 1573 1688 ob·

312 1737 438 1796 servari.
468 1736 666 1794 Presentibus
693 1736 847 1810 perlectis,
878 1735 1037 1794 exhibenti
1066 1735 1223 1795 restitutis.
1247 1736 1363 1794 Datum
1386 1735 1471 1794 Bude
1494 1736 1571 1795 teria

311 1848 397 1901 sexta
420 1844 565 1917 proxima
588 1849 658 1916 post
674 1841 788 1900 testum
804 1843 968 1900 beatorum
990 1841 1152 1900 Thiburcii
1167 1847 1197 1900 et
1220 1842 1378 1900 Valeriani
1395 1843 1569 1900 martirum.

306 1949 397 2006 Anno
428 1947 548 2007 domini
578 1949 746 2007 millesimo
780 1947 1085 2022 quadringentesimo
1114 1949 1308 2022 sexagesimo
1332 1955 1450 2022 quarto.
1474 1947 1572 2021 Regni

307 2054 405 2113 nostri
428 2069 509 2112 anno
531 2055 673 2129 septimo,
698 2054 908 2112 coronacionis
931 2070 1007 2112 vero
1030 2055 1142 2129 primo.

411 2189 545 2253 Originale
563 2190 591 2239 in
609 2189 764 2240 membrana.
782 2191 815 2238 Iu
833 2191 948 2253 margine
966 2189 1082 2238 interiori
1094 2189 1247 2252 impressum
1260 2193 1299 2236 est
1312 2187 1434 2252 sigillum.
1453 2191 1485 2238 In
1502 2191 1571 2242 arch.

305 2291 363 2328 ven.
382 2277 459 2342 capit
478 2277 579 2341 zagrab.
596 2278 657 2330 Act.
678 2277 740 2343 Cap.
760 2284 811 2329 ant.
831 2278 892 2329 fasc.
915 2289 937 2329 1.
957 2293 994 2328 nr.
1014 2289 1038 2338 9.

887 2507 975 2574 234.

410 2614 491 2664 Auno
512 2612 586 2677 1464.
607 2624 648 2679 25.
667 2613 736 2665 maii.
762 2613 910 2678 Zagrabiae.

349 2738 378 2796 Α
399 2738 525 2812 crpz'tulo
554 2738 672 2812 zagrab.
704 2737 736 2798 in
768 2738 925 2797 detentores
954 2758 1051 2798 rerum
1073 2759 1093 2796 a
1115 2743 1222 2800 colonis
1250 2742 1411 2800 delatarum
1427 2749 1526 2816 poena

839 2829 1031 2890 constituitur.

411 2973 500 3029 Anno
532 2970 651 3029 domini
683 2970 820 3030 MCCCC
851 2973 1044 3046 sexagesimo
1074 2981 1194 3048 quarte,
1218 2974 1295 3033 feria
1317 2979 1403 3033 sexta
1425 2976 1569 3048 proxima

303 3083 373 3151 post
390 3077 612 3150 Penthecostes,
636 3077 782 3136 videlicet
802 3080 872 3152 ipso
892 3079 941 3138 die
958 3079 1027 3138 testi
1045 3081 1125 3139 beati
1143 3081 1263 3139 Vrbani
1280 3096 1369 3155 pape,
1386 3081 1568 3139 conclusum

302 3185 348 3241 est
371 3183 584 3257 capitulariter
616 3184 646 3242 in
677 3183 815 3243 interiori
847 3187 985 3244 sacristia
1017 3201 1074 3260 per
1096 3186 1247 3256 dominos,
1271 3186 1353 3261 quod
1379 3187 1569 3260 quicumque

301 3289 418 3348 alienas
441 3305 490 3347 res
513 3294 543 3348 et
566 3289 676 3364 quevis
692 3290 782 3362 bona,
807 3305 991 3365 quocunque
1013 3293 1138 3350 nomine
1158 3298 1347 3365 censeantur,
1363 3308 1419 3366 per
1441 3293 1568 3351 colonos

301 3399 424 3452 nostros
446 3395 487 3452 ab
510 3396 772 3454 exercituantibus
795 3397 853 3454 hac
876 3397 955 3456 ieme
977 3399 1124 3472 preterita
1140 3399 1261 3457 ablatas
1284 3404 1314 3458 et
1329 3403 1463 3472 recepta,
1481 3413 1498 3456 a
1518 3397 1568 3456 die

299 3499 443 3559 datarum
474 3502 667 3576 presencium
699 3502 920 3576 computando,
943 3518 1006 3563 non
1035 3505 1224 3563 restituerint
1254 3511 1285 3562 et
1307 3503 1348 3561 ad
1378 3504 1483 3562 locum
1506 3519 1563 3578 per

189 3664 191 3670 ,
299 3621 356 3664 nos
388 3605 602 3681 deputandum
632 3623 693 3666 non
724 3610 933 3682 reposuerint,
965 3615 1077 3669 extunc
1110 3611 1181 3669 talis
1212 3610 1264 3668 vel
1292 3611 1369 3668 tales
1401 3616 1563 3683 tamquam

299 3712 472 3787 reipublice
502 3713 708 3772 occultatores
739 3719 769 3772 et
801 3713 1035 3773 defraudatores
1058 3717 1217 3775 consorcio
1240 3715 1374 3774 fratrum
1397 3721 1427 3774 et
1449 3714 1567 3790 prediis

298 3832 335 3875 ac
358 3818 505 3877 omnibus
529 3835 637 3878 eorum
669 3821 873 3893 proventibus
904 3821 1135 3882 canonicalibus
1157 3838 1282 3897 semper
1305 3829 1334 3880 et
1357 3820 1477 3880 tamdiu
1500 3821 1564 3896 pri·

300 3929 421 3995 ventur,
444 3939 606 3998 quousque
636 3926 667 3984 in
698 3925 794 3999 pleno
826 3927 964 4001 capitulo
988 3933 1018 3985 et
1041 3929 1181 3987 omnium
1204 3929 1342 3987 unanimi
1365 3943 1513 3986 consensu
1536 3931 1566 3986 et

299 4035 372 4088 voto
389 4031 557 4088 meruerint
572 4031 632 4089 sibi
647 4031 724 4104 ipsis
746 4032 883 4103 graciam
907 4048 1002 4106 super
1024 4033 1204 4092 huiusmodi
1220 4033 1398 4092 excessibus
1413 4033 1564 4106 optinere.

404 4163 483 4213 Liber
501 4165 595 4214 rubeus
613 4181 670 4218 ven.
692 4165 775 4231 Capit.
795 4167 895 4231 zagrab.
916 4169 948 4216 Iu
966 4167 1062 4218 archiv.
1083 4168 1143 4220 incl.
1164 4169 1247 4219 Acad.
1268 4169 1365 4220 Scient.
1385 4168 1453 4220 Slav.
1473 4168 1562 4220 merid.

895 4395 977 4461 235.

403 4534 484 4583 Anno
507 4533 581 4596 1464,
604 4546 643 4599 17.
663 4535 784 4600 Augusti
808 4537 957 4601 Zagrabiae.

508 4661 676 4720 Demetrius
699 4679 718 4718 a
741 4664 866 4738 capitulo
889 4666 1016 4724 vicarius
1037 4667 1211 4742 capitularis
1226 4668 1354 4747 eligitur.

403 4803 531 4862 Gracias
561 4819 655 4880 agens
684 4807 853 4866 altissimas
883 4809 1017 4868 dominis
1041 4811 1118 4869 meis
1141 4810 1180 4869 de
1203 4811 1341 4886 capitulo
1363 4812 1563 4885 zagrabiensi,

296 4909 350 4983 qui
373 4925 432 4984 pro
455 4911 547 4970 solita
570 4912 760 4986 benignitate
783 4915 933 4988 ipsorum,
958 4932 1019 4990 qua
1041 4925 1072 4976 et
1094 4918 1171 4975 alias
1195 4932 1269 4991 erga
1299 4933 1349 4975 me
1380 4919 1563 4976 servitorem

295 5031 388 5075 suum
410 5017 457 5076 uti
479 5019 618 5077 consueti
639 5019 709 5092 sint,
731 5019 770 5078 ad
794 5021 945 5079 honorem
977 5022 1144 5082 vicariatus
1175 5039 1226 5081 me
1256 5023 1460 5098 prefecerunt,
1491 5039 1562 5098 pro·
