3828 5822
573 611 577 618 .
674 545 1099 624 mm—ow·
1448 547 1510 622 m

248 763 449 824 ecclesiarum
473 762 700 840 parochialium
724 762 876 838 plebanis,
899 761 1033 822 salutem
1051 762 1084 822 in
1106 761 1241 822 domino.
1273 761 1412 822 Gravem
1438 778 1512 837 que·

246 871 346 930 relam
370 869 575 928 discretorum
600 868 800 928 dominorum
822 868 933 930 Briccii
956 867 1064 928 decani
1086 873 1116 928 et
1139 867 1274 928 aliorum
1304 868 1392 928 chori
1415 868 1512 930 eccle·

246 978 291 1038 sie
306 975 512 1050 zagrabiensis
528 973 806 1050 prebendariorum
829 976 920 1036 nobis
943 974 1083 1034 oblatam
1105 989 1161 1034 nos
1184 974 1333 1036 noveritis
1353 975 1511 1050 accepisse

247 1083 469 1144 continentem:
494 1081 653 1158 quomodo
668 1081 885 1156 circumspecti
901 1079 1030 1156 quidam
1047 1085 1075 1140 et
1098 1080 1233 1157 providi,
1249 1080 1395 1140 videlicet
1414 1081 1512 1142 frater

248 1189 380 1250 condam
410 1187 530 1251 domini
567 1189 700 1260 Martini,
741 1188 868 1264 plebani
899 1187 937 1246 de
969 1187 1092 1260 Bakwa,
1122 1186 1292 1261 Gregorius
1323 1187 1511 1263 appellatus,

247 1297 325 1356 civis
348 1295 481 1354 civitatis
504 1295 619 1352 montis
642 1293 804 1353 Grecensis
825 1281 935 1367 viginti
952 1294 1089 1368 quinque
1111 1293 1244 1352 florenos
1267 1295 1335 1352 auri
1358 1309 1415 1368 per
1439 1309 1512 1354 eun·

248 1401 321 1462 dem
352 1401 484 1460 condam
515 1399 677 1460 dominum
701 1400 869 1460 Martinam
901 1400 1119 1474 presbiterum,
1151 1405 1181 1460 et
1211 1405 1345 1476 quatuor
1376 1399 1509 1459 tlorenos

247 1508 316 1568 auri
337 1507 482 1566 similiter
503 1505 636 1564 condam
660 1506 810 1580 magistro
834 1507 967 1564 Martino
990 1506 1135 1578 litterato,
1158 1506 1236 1564 alias
1252 1506 1408 1580 provisori
1424 1507 1510 1566 curie

248 1613 436 1688 episcopalis
458 1612 675 1686 zagrabiensis,
697 1612 759 1670 civi
782 1611 820 1670 de
844 1613 913 1670 vico
932 1612 1122 1684 Latinorum,
1139 1613 1226 1672 cuius
1250 1616 1396 1672 executor
1412 1611 1513 1672 dictus

248 1719 393 1780 dominus
423 1719 559 1778 briccius
590 1718 722 1778 decanus
753 1719 855 1780 extitit
883 1719 1136 1778 testamentaliter
1167 1719 1287 1792 legatis,
1318 1724 1348 1780 et
1379 1719 1512 1778 Michael

247 1831 335 1886 sutor
364 1825 403 1886 de
433 1825 516 1884 dicto
546 1824 698 1884 suburbio
730 1824 844 1884 montis
875 1823 1035 1884 Grecensis
1058 1839 1120 1882 uno
1143 1824 1259 1884 floreno
1290 1840 1326 1884 ac
1349 1825 1460 1884 Kelecz
1484 1829 1514 1886 et

248 1931 423 1991 Anthonius
450 1930 553 2006 Segyn
584 1935 763 1991 executores
793 1931 968 1990 testamenti
991 1931 1122 1991 condam
1146 1931 1294 1990 Anthonii
1317 1931 1512 2004 Thvrinaich,

249 2037 372 2096 duobus
395 2037 534 2108 tlorenis;
557 2037 633 2096 item
647 2037 827 2096 Benedictus
843 2036 881 2096 de
897 2036 986 2095 Nova
1010 2037 1088 2096 villa
1112 2053 1174 2098 uno
1197 2038 1281 2111 palio
1305 2054 1362 2112 per
1379 2037 1512 2098 condam

249 2145 451 2202 ambrosium
475 2157 584 2202 cocum
607 2143 795 2202 venerabilis
817 2145 958 2217 magistri
982 2144 1071 2204 Pauli
1093 2144 1302 2204 archidiaconi
1319 2143 1358 2202 de
1380 2143 1514 2204 Kemlek

249 2255 304 2308 etc
334 2248 429 2308 modo
459 2249 555 2308 simili
585 2248 841 2308 testamentaliter
872 2249 990 2324 legato;
1022 2251 1097 2308 item
1131 2251 1238 2310 relicta
1269 2250 1359 2309 Pauli
1390 2249 1512 2323 sutoris,

249 2371 330 2416 nunc
360 2370 441 2414 uxor
471 2357 633 2416 Michaelis
662 2356 825 2440 Jagichich
853 2371 916 2416 uno
938 2356 1065 2430 floreno,
1095 2357 1252 2416 Dionisius
1284 2356 1441 2436 Wodopia
1472 2355 1511 2416 de

249 2469 342 2538 portu
365 2463 456 2522 Zawe
478 2479 515 2522 ac
537 2464 645 2522 relicta
668 2463 800 2522 condam
822 2463 955 2522 Emerici
978 2462 1017 2522 de
1040 2463 1129 2522 Nova
1146 2463 1231 2536 villa,
1255 2464 1370 2524 nobilis
1394 2462 1512 2536 Grego-

249 2570 314 2628 rius
334 2569 372 2628 de
404 2570 555 2628 Vrnowcz
578 2574 609 2630 et
639 2568 802 2628 ladislaus
833 2569 871 2628 de
901 2569 1108 2628 Samsinowcz
1139 2571 1224 2630 iuxta
1250 2570 1513 2630 testamentalium

249 2675 444 2749 legacicnum
466 2677 540 2748 vim,
572 2675 706 2734 formam
729 2681 760 2736 et
783 2681 921 2736 tenorem
941 2675 1058 2735 eisdem
1082 2675 1216 2736 dominis
1246 2676 1362 2736 decano
1386 2681 1416 2736 et
1444 2690 1514 2749 pre·

250 2781 406 2840 bendariis
430 2798 501 2842 curn
525 2783 616 2842 certis
639 2783 733 2841 rebus
756 2787 785 2840 et
808 2782 899 2866 bonis
922 2799 981 2856 pro
993 2784 1152 2860 perpetuis
1176 2783 1373 2842 oracionibus
1397 2783 1429 2841 in
1445 2782 1513 2840 vim

250 2889 418 2948 elemosine
447 2889 559 2962 legatis
589 2888 812 2962 obligarentur,
836 2904 896 2963 que
919 2893 949 2948 et
973 2905 1049 2963 quas
1080 2892 1228 2949 hactenus
1260 2888 1421 2950 extradere
1451 2903 1514 2948 non

250 3001 407 3054 curassent
429 3012 484 3056 nec
507 3000 652 3056 curarent
673 2997 771 3054 eciam
795 2995 834 3054 de
855 2997 992 3070 presenti
1006 2998 1038 3056 in
1056 2997 1261 3070 preludicium
1284 3002 1315 3054 et
1339 2995 1511 3069 dampnum

250 3103 432 3162 eorumdem
463 3102 671 3162 manifestum.
701 3104 739 3161 Et
761 3104 834 3178 quia
857 3109 963 3162 contra
986 3104 1158 3178 singulares
1182 3119 1328 3178 personas
1352 3116 1410 3178 pro
1433 3101 1512 3160 exci·

250 3209 371 3284 piendis
395 3210 505 3268 litteris
521 3210 639 3270 eisdem
654 3210 789 3268 dominis
812 3209 928 3270 decano
952 3215 982 3270 et
1004 3210 1220 3285 prebendariis
1241 3209 1371 3268 difficile
1387 3208 1512 3268 videtur

250 3314 291 3374 ad
311 3331 367 3376 nos
390 3333 516 3392 semper
546 3316 646 3376 iacere
677 3333 846 3390 recursum,
879 3319 1062 3376 citacionem
1084 3317 1143 3376 sub
1167 3317 1270 3376 forma
1293 3315 1428 3392 presenti
1449 3313 1512 3392 juri

251 3421 384 3498 denique
406 3439 572 3484 consonam
595 3423 714 3484 eisdem
736 3424 931 3484 decrevimus
955 3439 1021 3484 esse
1039 3423 1174 3482 dandam
1197 3431 1228 3482 et
1244 3423 1438 3484 decernimus
1454 3437 1511 3496 per

249 3537 426 3604 presentes;
455 3529 697 3590 discrecionibus
727 3532 823 3605 igitur
845 3531 956 3590 vestris
975 3531 1007 3590 in
1031 3532 1145 3590 virtute
1167 3531 1312 3588 salutaris
1335 3528 1513 3588 obediencie

249 3641 279 3694 et
301 3638 360 3695 sub
383 3652 462 3712 pena
491 3638 822 3696 excommunicacionis
853 3637 986 3697 firmiter
1008 3639 1213 3712 precipientes
1236 3637 1460 3696 committimus
1483 3641 1513 3694 et

249 3742 444 3816 mandamus,
477 3749 627 3818 quatenus
656 3745 763 3802 habita
786 3745 980 3819 presencium
1003 3745 1125 3818 noticia,
1149 3744 1248 3803 dictos
1271 3743 1458 3818 Gregorium
1482 3741 1513 3800 et

249 3849 440 3922 Michaelem‚
464 3850 581 3910 Kelech
597 3867 633 3909 ac
652 3852 844 3910 Anthonium
867 3856 897 3910 et
912 3853 999 3926 allon,
1019 3867 1097 3928 quos
1117 3868 1221 3926 supra,
1245 3833 1448 3926 personaliter
1464 3864 1512 3908 ac·

248 3954 372 4027 cedatis,
395 3957 541 4031 ipsosque
563 3958 686 4016 racione
708 3958 818 4032 previa
848 3957 889 4016 ad
917 3959 1099 4018 instanciam
1132 3958 1287 4017 dictorum
1311 3957 1511 4016 dominorum

248 4061 356 4120 decani
387 4069 418 4121 et
441 4063 720 4136 prebendariorum
743 4064 780 4122 ad
806 4069 929 4124 sextum
952 4065 1035 4124 diem
1059 4081 1077 4122 a
1100 4065 1150 4124 die
1174 4065 1366 4124 execucionis
1389 4079 1513 4139 presen-

248 4170 330 4227 cium
355 4169 534 4230 immediate
557 4171 776 4246 computande,
800 4187 935 4248 quorum
958 4170 1087 4244 dierum,
1112 4171 1190 4230 duos
1213 4187 1271 4245 pro
1295 4172 1405 4246 primo,
1435 4169 1513 4228 duos

247 4291 306 4349 pro
329 4276 464 4335 secundo
487 4282 517 4336 et
540 4278 679 4352 reliquos
706 4278 785 4338 duos
808 4277 873 4336 dies
896 4291 955 4352 pro
972 4278 1066 4336 tercio
1089 4284 1118 4336 et
1142 4277 1354 4351 peremptorio
1378 4276 1510 4334 termino

246 4381 363 4440 eisdem
394 4383 591 4456 assignantes,
622 4383 790 4459 prefigatis,
820 4389 959 4444 nostram
989 4385 1087 4444 citetis
1119 4385 1150 4442 in
1174 4384 1374 4458 presenciam,
1398 4381 1510 4442 certifi-

246 4493 349 4547 cantes
371 4489 498 4548 eosdem
519 4489 563 4550 sic
586 4490 703 4564 citatos,
727 4490 812 4565 quod
839 4491 905 4550 sive
927 4492 988 4566 ipsi
1010 4491 1042 4550 in
1065 4490 1244 4550 huiusmodi
1267 4489 1425 4550 citacionis
1450 4495 1511 4548 ter·

246 4595 340 4666 mino,
360 4601 395 4654 ut
418 4597 605 4669 premissum
629 4603 682 4670 est,
706 4613 811 4656 coram
833 4599 924 4658 nobis
947 4603 1155 4672 compareant,
1172 4599 1238 4657 sive
1252 4613 1322 4670 non,
1342 4613 1398 4656 nos
1413 4596 1510 4656 nichi-

246 4700 382 4760 lominus
417 4703 493 4776 ipsis
528 4703 658 4762 ulterius
692 4720 753 4766 non
784 4705 828 4762 ibi
859 4706 890 4764 in
922 4705 1073 4780 partibus,
1097 4705 1149 4763 sed
1174 4721 1230 4779 per
1251 4705 1387 4764 edictum
1410 4705 1442 4762 in
1465 4702 1510 4764 so·

244 4806 332 4864 ribus
356 4807 439 4866 alme
462 4808 591 4867 ecclesie
606 4811 813 4882 zagrabiensis
831 4811 957 4885 publice
981 4811 1089 4882 citatis,
1113 4810 1154 4868 ad
1178 4811 1275 4884 partis
1298 4825 1405 4872 coram
1420 4809 1513 4870 nobis.

244 4915 454 4988 comparentis
478 4915 660 4974 instanciam
683 4922 713 4974 et
737 4931 863 4979 causam
879 4915 1058 4979 huiusmodi
1082 4917 1229 4991 prosequi
1250 4917 1385 4978 curantis
1407 4916 1511 4990 requi·

245 5020 402 5088 sicionem,
425 5021 457 5080 in
488 5036 580 5082 causa
603 5038 656 5082 seu
679 5023 779 5085 causis
801 5022 981 5085 huiusmodi
1004 5022 1043 5082 ad
1059 5023 1231 5088 ,ulteriores
1255 5029 1341 5084 actus
1362 5022 1509 5103 juridicos
