3932 5806
715 543 787 604 Doc.
810 538 883 620 238.
909 576 949 586 -
973 543 1028 602 An.
1054 538 1143 621 1465.
1502 557 1559 622 295

295 760 415 818 ciorum
448 760 598 834 ipsorum,
632 761 709 835 ipsis
731 759 891 835 proveniri
911 749 1087 840 {debendos,
1118 775 1135 819 e
1165 757 1268 818 medio
1301 759 1396 818 vestri
1425 757 1556 818 admini-

294 866 387 924 strari
416 865 518 924 facere
549 866 718 939 deberetis,
750 881 869 939 vosque
899 864 984 939 quod
1015 864 1055 922 ad
1086 881 1138 924 eos
1162 866 1345 940 pertinuerit
1368 865 1561 938 integraliter

295 971 452 1030 extradari
477 971 578 1030 facere
609 973 803 1046 promisistis
826 983 930 1030 tamen
951 976 1086 1029 nuncet
1116 971 1263 1030 mandata
1292 976 1399 1030 nostra
1431 977 1461 1029 et
1491 986 1563 1046 pro·

294 1079 494 1137 missionibus
527 1079 636 1136 vestris
667 1077 855 1152 posthabitis
877 1077 909 1135 id
933 1078 1062 1136 minime
1084 1077 1185 1136 facere
1208 1078 1370 1136 curassetis
1394 1093 1451 1136 nec
1474 1092 1561 1134 cura-

294 1186 368 1243 retis
396 1185 494 1243 eciam
526 1183 564 1242 de
594 1185 730 1259 presenti
759 1184 791 1242 in
821 1189 1036 1256 contemptum
1075 1183 1295 1242 mandatorum
1322 1189 1501 1242 nostrorum
1533 1188 1563 1241 et

294 1296 397 1349 vestre
428 1291 643 1366 promissionis
672 1290 909 1363 negligenciam.
940 1289 978 1348 Et
1008 1292 1152 1364 quamvis
1175 1289 1321 1349 mandata
1344 1294 1448 1348 nostra
1471 1289 1562 1348 vobis

293 1413 367 1456 cure
397 1397 474 1470 lieri,
509 1403 675 1470 vestraque
705 1397 858 1470 promissa
888 1401 956 1454 rata
985 1412 1051 1455 esse
1074 1396 1214 1468 debeant,
1239 1401 1343 1454 tamen
1365 1397 1438 1470 quia
1462 1395 1560 1454 eciam
1602 1442 1603 1446 ,

293 1519 332 1562 ex
354 1503 504 1576 singulari
528 1503 695 1578 privilegio
717 1518 826 1576 regum
856 1508 886 1560 et
909 1503 1165 1577 predecessorum
1195 1507 1374 1562 nostrorum
1405 1501 1436 1560 id
1468 1501 1561 1560 fuerit

294 1610 506 1682 observatum,
537 1615 572 1668 ut
603 1625 710 1668 omnes
741 1608 925 1692 beneficiati,
956 1610 1010 1683 qui
1034 1624 1142 1667 eorum
1166 1610 1266 1667 curias
1288 1609 1321 1666 in
1342 1609 1480 1667 serviciis
1504 1623 1561 1682 pu-

295 1715 386 1774 blicis
409 1721 439 1774 et
462 1716 595 1789 privatis
617 1715 758 1774 incolunt
783 1719 814 1773 et
836 1719 989 1786 secuntur,
1014 1730 1210 1788 quacumque
1234 1713 1381 1788 dignitate
1398 1715 1560 1786 emineant,

292 1836 400 1880 omnes
422 1826 593 1896 proventus
617 1827 647 1879 et
669 1820 809 1879 redditus
836 1822 960 1880 racione
990 1835 1119 1880 suorum
1140 1820 1364 1878 beneficiorum
1387 1821 1463 1895 ipsis
1486 1836 1559 1895 pro·

292 1927 459 2000 venientes,
483 1929 626 1986 absentes
649 1943 727 2001 eque
750 1928 829 1986 sicut
852 1933 1018 2002 presentes,
1040 1926 1175 2001 demptis
1205 1925 1380 1985 cottidianis
1411 1926 1559 1984 distribu-

293 2033 442 2106 cionibus,
465 2033 627 2107 percipere
649 2032 773 2091 valeant
795 2039 889 2107 atque
911 2034 1038 2107 possint.
1061 2032 1134 2091 Ideo
1157 2032 1301 2091 fidelitati
1324 2039 1427 2091 vestre
1443 2033 1556 2090 harum

292 2140 371 2198 serie
401 2139 534 2198 firmiter
564 2139 769 2213 precipientes
800 2139 993 2211 mandamus,
1025 2145 1176 2212 quatenus
1199 2139 1313 2210 statim,
1336 2139 1411 2197 visis
1434 2154 1559 2212 presen-

292 2245 384 2318 tibus,
407 2247 568 2305 universos
591 2236 769 2318 proventus,
793 2244 912 2304 tructus
934 2250 965 2304 et
987 2245 1126 2303 redditus
1151 2245 1227 2319 ipsis
1250 2245 1372 2304 racione
1404 2244 1558 2303 dictorum

291 2352 514 2411 beneficiorum
537 2367 646 2409 eorum
662 2351 826 2425 provenire
849 2349 1016 2423 debendos,
1041 2366 1057 2409 e
1080 2350 1183 2410 medio
1200 2351 1296 2410 vestri
1312 2359 1473 2425 tamquam
1488 2367 1559 2424 pre-

292 2458 430 2516 sentibus
453 2457 680 2529 administrare,
703 2463 734 2515 et
755 2473 812 2530 per
835 2472 888 2515 eos
911 2473 1045 2530 quorum
1069 2458 1196 2516 interest
1218 2457 1430 2517 administrari
1456 2457 1558 2517 facere

291 2563 438 2636 debeatis,
468 2563 553 2637 quod
583 2563 610 2620 si
639 2578 726 2621 secus
757 2562 898 2634 feceritis,
929 2564 1046 2635 scitote,
1070 2563 1154 2637 quod
1177 2578 1233 2622 nos
1257 2565 1404 2638 precipue
1427 2571 1558 2639 propter

290 2683 352 2729 non
375 2670 630 2728 observacionem
660 2669 757 2727 nostri
787 2674 817 2726 et
846 2670 929 2728 curie
951 2676 1056 2728 nostre
1080 2670 1246 2744 privilegii,
1270 2671 1352 2728 bona
1377 2674 1480 2728 vestra
1502 2687 1559 2745 per

291 2777 388 2834 banos
411 2782 441 2833 et
473 2776 640 2834 virebanos
669 2775 756 2848 regni
786 2777 883 2833 nostri
914 2775 1077 2834 Sclauonie
1108 2777 1254 2850 occupari
1281 2775 1438 2834 faciemus.
1463 2775 1556 2834 Secus

291 2882 387 2952 igitur
418 2895 479 2938 non
511 2880 630 2966 tacturi.
660 2880 857 2938 presentibus
890 2881 1041 2955 perlectis,
1073 2882 1231 2940 exhibenti
1254 2882 1414 2941 restitutis.
1438 2883 1555 2941 Datum
1630 2891 1633 2897 '

291 2987 376 3045 Bude
392 2988 423 3044 in
439 2987 519 3044 festo
533 2989 624 3044 beate
640 2988 743 3045 Prisce
759 2987 888 3060 virginis
905 2993 935 3060 et
959 2988 1102 3047 martiris.
1126 2989 1216 3046 Anno
1241 2987 1359 3047 domini
1383 2989 1555 3047 millesimo

290 3093 595 3166 quadringentesimo
618 3082 810 3166 sexagesimo
833 3095 949 3167 quinto.
973 3094 1071 3167 Regni
1093 3096 1192 3154 nostri
1214 3110 1294 3152 anno
1309 3095 1452 3168 septimo,
1470 3111 1557 3154 coro·

290 3200 426 3257 nacionis
449 3215 525 3258 vero
549 3200 662 3274 primo.

395 3335 474 3384 Liber
493 3335 587 3384 rubeus
607 3352 664 3388 ven.
684 3337 767 3402 Capit,
786 3337 887 3401 zagrab.
907 3339 939 3386 In
957 3337 1053 3388 archiv.
1072 3337 1131 3388 incl.
1152 3337 1239 3388 Acad.
1259 3336 1356 3387 Scient.
1376 3336 1445 3389 Slav.
1465 3338 1556 3388 merid.

885 3568 969 3633 238.

394 3701 467 3744 Anno
489 3693 563 3759 1465,
585 3706 607 3744 2.
628 3694 758 3744 tebmarii.
779 3692 925 3756 Zagrabiae,

294 3803 398 3861 Coram
430 3805 563 3862 Emerico
595 3804 742 3882 Zapoljo,
773 3805 848 3861 bono
877 3812 934 3873 etc,
965 3806 1120 3878 capitulum
1155 3824 1174 3861 a
1204 3807 1402 3863 communitate
1431 3807 1556 3864 ciuitatis

288 3929 367 3968 reum
384 3911 605 3988 pronuntiatur,
628 3911 707 3984 quod
724 3911 836 3968 cometes
856 3909 946 3996 ¹Cr'lt'ac
968 3911 1109 3968 leuitatem
1125 3912 1228 3968 montis
1257 3911 1408 3969 Greccnsis
1425 3913 1555 3985 pervim

368 4023 510 4090 ceperunt,
532 4014 614 4090 eique
632 4017 811 4093 plusquam
834 4029 949 4073 20.000
964 4017 1035 4089 flor.
1059 4017 1221 4074 detrimenti
1241 4018 1478 4091 importaverunt.

394 4159 457 4217 Nos
480 4159 639 4216 Emericus
662 4157 700 4215 de
724 4158 870 4232 Zapolya,
892 4175 1069 4232 regnorum,
1093 4161 1192 4219 Bozne
1215 4163 1415 4235 gubernator,
1433 4177 1552 4220 necnon

288 4265 456 4336 Dalmacie,
488 4265 615 4322 Croacie
646 4271 676 4323 et
699 4267 787 4338 regni
817 4264 962 4324 Slauonie
985 4267 1092 4326 banus.
1116 4269 1265 4327 Memorie
1288 4267 1554 4340 commendamus,

288 4370 371 4444 quod
403 4371 594 4444 Valentinus,
624 4371 701 4429 alias
730 4369 833 4446 judex,
856 4388 974 4430 necnon
1005 4373 1134 4431 Rawsar
1162 4374 1270 4444 dictus,
1302 4375 1385 4431 cives
1417 4374 1553 4432 civitatis

287 4477 401 4535 montis
426 4477 596 4548 Grecensis,
619 4479 759 4551 ipsorum
783 4493 819 4534 ac
841 4479 976 4536 aliorum
994 4480 1211 4537 universorum
1233 4477 1416 4554 juratorum,
1433 4481 1549 4538 civium

286 4587 316 4641 et
336 4583 581 4641 inhabitatorum
613 4583 746 4641 civitatis
769 4584 882 4641 montis
906 4583 1068 4642 Grecensis
1094 4584 1132 4642 de
1154 4586 1241 4642 iuxta
1264 4585 1450 4658 Zagrabiam
1477 4601 1548 4659 per·

283 4689 383 4759 sonis,
416 4689 455 4747 ad
490 4697 628 4748 nostram
659 4690 851 4763 presenciam
883 4691 1046 4762 venientes,
1078 4707 1135 4765 per
1158 4690 1288 4748 modum
1317 4691 1552 4765 protestacionis

284 4797 374 4853 nobis
405 4795 580 4868 significare
607 4801 755 4854 curarunt
784 4797 815 4854 in
845 4797 927 4854 hunc
957 4794 1104 4854 modum:
1137 4795 1221 4868 quod
1253 4795 1329 4853 dum
1352 4795 1484 4854 condam
1516 4797 1553 4853 il·

285 4903 398 4959 lustres
428 4902 585 4976 principes
616 4901 735 4960 domini
755 4903 882 4960 comites
904 4902 992 4974 Cilie,
1016 4909 1070 4960 etc.
1095 4917 1225 4974 regnum
1260 4901 1425 4960 Sclauonie
1459 4901 1552 4959 deva-

284 5012 366 5066 stare
388 5007 560 5082 inciperent
583 5015 613 5066 et
635 5009 738 5083 ipsam
761 5009 919 5067 civitatem
943 5024 999 5083 per
1022 5013 1127 5081 gentes
1151 5009 1292 5083 ipsorum
1316 5008 1489 5082 expugnari
1505 5008 1575 5065 ni·'
