3930 5802
746 508 819 565 Dor.
843 521 912 583 130.
938 537 978 548 -
1002 507 1173 584 Am1441.
1349 493 1354 502 ’
1518 512 1577 584 183

312 722 474 796 loquentes
497 728 528 781 et
551 721 693 795 directas,
716 722 896 780 obediencia
932 738 993 796 qua
1028 722 1131 782 decuit
1163 726 1193 781 et
1227 723 1316 782 licuit
1350 723 1499 782 noveritis
1520 738 1577 782 nos

311 829 464 902 recepisse
485 829 518 887 in
541 829 597 886 hec
620 830 733 888 verba:
757 822 843 908 (vide
864 828 941 886 Doc.
970 829 1038 888 128.
1063 829 1102 888 de
1125 845 1206 888 anuo
1233 843 1324 904 1439-
1341 828 1391 888 die
1411 842 1458 902 13.
1480 821 1577 912 Julii).
1613 905 1621 916 ι

312 934 376 992 Nos
398 935 503 1009 itaque
521 934 676 993 mandatis
696 935 793 1009 ipsius
810 939 912 992 vestre
927 936 1099 994 serenitatis
1121 951 1245 1010 semper
1269 934 1396 993 obedire
1412 936 1578 1009 cupientes,

311 1046 346 1098 ut
370 1045 520 1114 tenemur,
542 1045 685 1100 nostrum
706 1041 867 1098 hominem
889 1040 1034 1099 videlicet
1069 1041 1238 1100 discretum
1274 1042 1378 1100 virum
1412 1041 1576 1100 dominum

313 1145 505 1221 Stephanum
538 1148 747 1222 presbiterum
770 1152 923 1204 rectorem
946 1148 1067 1222 capelle
1089 1149 1187 1207 sancti
1208 1148 1357 1231 Johannis
1380 1147 1577 1220 ewangeliste

311 1269 407 1327 supra
430 1253 554 1312 Novam
577 1254 690 1312 villam
710 1253 876 1325 existentis,
900 1254 987 1326 chori
1008 1254 1136 1312 ecclesie
1152 1259 1256 1314 nostre
1279 1253 1521 1328 prebendarium
1537 1252 1576 1312 ad

311 1360 462 1432 premissa
485 1359 621 1418 fideliter
642 1357 819 1434 peragenda
841 1365 949 1417 nostro
974 1375 1031 1432 pro
1048 1361 1223 1418 testimonio
1247 1360 1476 1418 transmisimus
1500 1358 1577 1416 fide-

311 1463 449 1538 dignum.
472 1465 534 1539 Qui
556 1465 684 1524 tandem
707 1464 818 1524 exinde
842 1464 882 1523 ad
918 1481 974 1522 nos
998 1481 1143 1523 reversus
1178 1470 1208 1524 et
1244 1482 1298 1539 per
1332 1479 1388 1524 nos
1411 1464 1578 1538 diligenter

309 1571 476 1644 requisitus
498 1570 539 1629 ad
572 1571 761 1629 consciencie
790 1587 844 1628 sue
867 1571 1036 1644 puritatem
1066 1572 1174 1629 retulit
1208 1586 1246 1629 eo
1280 1570 1383 1642 modo,
1416 1568 1575 1643 quomodo

309 1677 377 1750 ipse
399 1675 476 1735 feria
499 1683 586 1736 sexta
602 1677 747 1736 videlicet
762 1677 795 1735 in
811 1676 919 1749 vigilia
937 1676 1008 1734 festi
1029 1677 1114 1736 beati
1135 1677 1245 1760 Jacobi
1268 1677 1404 1751 apostoli
1427 1676 1573 1751 proxime

311 1784 452 1856 preteriti
476 1785 559 1842 circa
600 1783 738 1858 prefatos
761 1781 904 1859 judicem,
937 1781 1066 1858 juratos,
1100 1789 1278 1856 ceterosque
1312 1783 1395 1842 cives
1426 1787 1456 1840 et
1477 1786 1576 1840 totam

309 1890 563 1948 communitatem
580 1888 718 1964 predicte
734 1889 868 1947 civitatis
892 1892 995 1946 vestre
1017 1889 1191 1949 serenitatis
1215 1889 1327 1946 montis
1351 1887 1513 1949 Grecensis
1537 1885 1577 1944 de

309 1993 461 2066 Zagrabia
483 1995 524 2053 ad
540 1995 669 2052 domum
686 1995 808 2053 consilii
830 1993 969 2052 eiusdem
985 1994 1127 2067 civitatis,
1151 1994 1207 2054 ubi
1229 1993 1268 2052 ad
1291 2008 1403 2052 sonum
1425 2005 1576 2066 campane

309 2101 495 2173 generaliter
518 2107 549 2159 et
571 2100 769 2174 singulariter
801 2115 908 2160 omnes
939 2115 975 2158 ac
1005 2100 1222 2158 universaliter
1251 2099 1365 2159 fuerint
1387 2099 1574 2172 congregati,

309 2207 515 2282 personaliter
530 2207 715 2278 accessisset,
738 2206 844 2280 ibique
860 2204 989 2280 prefatis
1004 2202 1110 2280 J‘udici,
1125 2203 1242 2280 juratis,
1260 2206 1430 2280 ceterisque
1453 2205 1574 2264 civibus

309 2316 340 2371 et
362 2313 419 2372 toti
441 2313 657 2372 communitati
689 2312 827 2386 predicte
857 2313 991 2370 civitatis
1023 2319 1124 2370 vestre
1157 2313 1329 2372 serenitatis
1359 2313 1473 2370 montis
1497 2311 1573 2370 Gre-

309 2419 407 2477 censis
429 2420 619 2494 proscriptas
642 2419 761 2477 litteras
774 2427 877 2476 vestre
890 2417 1082 2477 celsitudinis
1097 2419 1287 2476 exhibuisset
1310 2424 1340 2477 et
1361 2424 1573 2492 presentasset.

309 2524 500 2600 Quiquidem
524 2527 608 2584 cives
631 2524 749 2584 eisdem
772 2524 885 2582 litteris
908 2529 1011 2582 vestre
1034 2525 1206 2583 serenitatis
1230 2541 1300 2583 curn
1324 2525 1503 2583 obediencia
1526 2541 1574 2584 re·

308 2633 404 2706 ceptis
428 2637 458 2690 et
481 2647 589 2691 earum
612 2631 836 2690 continenciam
860 2630 1030 2704 diligenter·
1046 2630 1193 2705 perlectis
1216 2629 1255 2689 ad
1280 2636 1421 2690 contenta
1452 2646 1573 2688 earum·

309 2737 381 2796 dem
404 2739 508 2796 taliter
529 2737 770 2812 respondissent,
794 2736 877 2810 quod
897 2737 958 2810 ipsi
980 2736 1085 2795 nullas
1100 2738 1202 2796 minas
1217 2753 1272 2796 seu
1290 2738 1447 2795 minarum
1470 2737 1571 2810 impo-

306 2845 435 2905 siciones
459 2844 592 2904 dominis
615 2844 653 2904 de
676 2843 759 2902 dicto
793 2843 932 2918 capitulo
967 2848 997 2902 et
1031 2858 1140 2903 eorum
1173 2844 1353 2904 homiuibus
1386 2842 1574 2902 intullissent

306 2967 363 3008 nec
385 2949 534 3010 inferrent
556 2949 595 3008 de
616 2950 760 3024 presenti,
777 2953 806 3007 et
819 2949 972 3023 quidquid
989 2955 1096 3008 contra
1116 2951 1199 3024 ipsos
1223 2949 1342 3025 prefate
1364 2951 1448 3024 regie
1464 2949 1573 3008 maies-

306 3059 363 3115 tati
385 3063 545 3116 narratum
568 3057 718 3116 extitisset
740 3071 797 3129 per
820 3057 972 3114 verbum:
1003 3055 1079 3114 deus
1109 3070 1170 3114 non
1202 3055 1262 3127 det,
1286 3055 1367 3115 facta
1389 3055 1456 3114 fore
1479 3056 1572 3113 abne·

307 3167 438 3236 gassent.
462 3163 579 3221 Datum
601 3163 678 3222 seria
701 3163 797 3220 tercia
809 3162 953 3236 proxima
970 3167 1042 3237 post
1057 3160 1171 3220 testum
1200 3162 1283 3220 beati
1304 3162 1415 3246 Jacobi
1438 3161 1572 3235 apostoli

306 3273 510 3343 prenotatum.
535 3271 626 3327 Anno
650 3268 769 3328 domini
787 3267 977 3343 supradicto.

411 3402 544 3468 Originule
561 3403 590 3452 in
608 3403 703 3454 charta.
723 3404 751 3452 A
770 3409 842 3467 tergo
860 3403 998 3467 vestigium
1016 3403 1135 3468 impressi
1147 3401 1236 3466 sigilli.
1256 3403 1290 3451 In
1304 3401 1399 3454 archiv.
1414 3415 1471 3454 ven.
1485 3399 1571 3466 Capit.

304 3490 486 3554 zagrabiensis.
506 3493 568 3543 Act.
588 3491 651 3557 Cap.
670 3497 723 3541 ant.
742 3492 804 3543 fasc.
827 3503 866 3544 10.
886 3507 924 3543 nr.
947 3501 986 3543 12.
1486 3505 1488 3508 “

899 3722 980 3791 130.

410 3848 491 3897 Anno
513 3859 588 3911 1441,
610 3859 649 3908 19.
668 3845 767 3912 aprilis.
787 3848 871 3912 Prope
890 3846 1032 3900 Sabariam.

310 3974 542 4034 communitatem
565 3975 694 4034 civitatis
716 3974 819 4032 montis
853 3972 1004 4032 Grecensis
1027 3992 1046 4030 a
1069 3974 1220 4034 Fm‘dcrico
1242 3983 1272 4034 ct
1297 3975 1404 4045 Ulrmo,
1426 3973 1571 4032 comitibus

475 4079 574 4150 ciliae,
596 4081 747 4154 exagitari
775 4079 950 4150 Vladislaus,
972 4080 1150 4154 Hungariae
1172 4089 1221 4139 etc.
1246 4099 1310 4152 rex,
1335 4087 1420 4142 vetat.

1009 4217 1164 4268 Commissio
1183 4219 1287 4284 propria
1303 4219 1401 4268 domini
1420 4219 1496 4283 regis.

408 4327 602 4387 Wladislaus
619 4329 670 4390 dei
692 4331 796 4404 gracia
818 4332 983 4404 Hungarie,
1007 4331 1142 4404 Polonie,
1166 4331 1336 4403 Dalmacie‚
1361 4331 1489 4390 Croacie
1513 4335 1569 4390 etc.

301 4451 365 4508 rex,
389 4435 632 4509 Lythwanieque
655 4437 800 4511 princeps
822 4453 988 4512 supremus
1011 4453 1047 4496 ac
1070 4438 1160 4497 heres
1183 4439 1294 4497 Ruscie
1317 4443 1372 4496 etc.
1408 4435 1569 4495 Fidelihus

300 4540 413 4598 nostris
448 4539 565 4598 sincere
600 4541 729 4614 dilectis,
754 4540 930 4602 illustribus
963 4545 1159 4618 principibus
1193 4543 1350 4602 Friderico
1388 4547 1418 4600 et
1452 4541 1568 4615 Vlrico‚

302 4644 390 4718 Cilie,
413 4645 622 4720 Ortemburge
646 4653 676 4706 et
699 4647 828 4722 Zagorie
852 4650 1026 4721 comitibus,
1051 4651 1235 4709 salutemet
1265 4649 1411 4723 graciam.
1445 4648 1569 4706 Intelle-

303 4751 407 4809 ximus
432 4753 566 4824 qualiter
589 4769 645 4811 vos
669 4759 699 4811 et
721 4755 837 4812 nobilis
860 4755 986 4814 domina
1010 4771 1135 4814 consors
1170 4760 1282 4826 vestra,
1317 4754 1434 4813 scilicet
1465 4769 1568 4812 comes

305 4857 420 4930 Vlrice,
444 4859 579 4916 nescitur
602 4875 663 4932 qua
686 4860 724 4918 de
747 4876 839 4920 causa
862 4862 945 4920 cives
968 4862 1101 4920 civitatis
1130 4869 1235 4920 nostre
1264 4862 1379 4920 montis
1403 4860 1567 4919 Grecensis

301 4961 511 5022 diversimode
534 4964 727 5039 impediretis
750 4971 780 5024 et
803 4968 1037 5042 perturbaretis,
1058 4969 1271 5044 impedireque
1291 4985 1355 5027 non
1376 4968 1567 5028 desisteretis
