3932 5806
733 491 806 549 Dor.
830 506 901 550 220.
927 507 994 553 221.
1018 525 1053 536 -
1079 487 1249 570 An01461.

1371 599 1623 610 ————-.—-—

955 809 1044 876 220.

463 1002 545 1052 Auno
566 1003 641 1067 1461,
663 1016 702 1056 10.
722 1003 882 1069 septembris.
902 1004 1051 1069 Zogrsbiae.

367 1127 532 1198 Vincendus,
562 1127 650 1188 abbas
686 1129 752 1192 Cist.
781 1129 922 1203 aagrab„
943 1130 1078 1204 plebanis
1107 1133 1317 1191 communitatis
1349 1132 1475 1190 civitatis
1504 1132 1622 1205 repub.
1693 1165 1698 1174 ·

360 1235 493 1306 mandat,
520 1242 555 1293 ut
582 1242 759 1294 contumaces
785 1235 923 1310 quosdam
945 1254 979 1293 ac
1001 1239 1253 1296 excommunicatos
1274 1238 1401 1296 homines
1414 1245 1538 1312 propter
1557 1230 1623 1298 sub·

543 1341 712 1402 bacrionem
735 1341 908 1400 decimarum
930 1343 1052 1416 copioili
1071 1343 1188 1417 aogrob.
1212 1344 1244 1404 in
1258 1345 1314 1420 jus
1336 1351 1441 1402 vocent.

462 1503 571 1562 Frater
599 1503 796 1563 Winnandus
827 1505 926 1564 abbas
957 1505 1136 1564 monasterii
1167 1506 1257 1564 beate
1287 1505 1384 1564 Marte
1419 1505 1549 1579 virginis
1583 1505 1622 1564 de

356 1607 518 1684 Zagrabia,
549 1609 666 1670 ordinis
697 1609 907 1683 cisterciensis,
930 1618 1130 1670 conservator
1152 1616 1184 1670 et
1204 1609 1300 1688 judex
1322 1655 1328 1670 .
1352 1657 1358 1671 .
1383 1657 1419 1670 ..
1453 1615 1621 1686 perpetuus

361 1758 368 1772 .
393 1755 401 1772 .
425 1759 433 1775 .
458 1757 465 1773 .
489 1717 723 1776 venerabilibus
752 1715 888 1776 dominis
917 1716 1047 1791 capituli
1068 1717 1287 1792 zagrabiensis,
1310 1733 1367 1792 per
1390 1721 1619 1776 sacrosanctam

359 1821 537 1895 generalem
566 1821 712 1881 sinodum
741 1821 943 1881 Basiliens'em
965 1865 1127 1882 ......
1150 1821 1240 1881 datus
1264 1827 1295 1882 et
1318 1823 1493 1897 deputatus.
1517 1823 1617 1881 Vobis
1705 1811 1708 1816 ’

356 1927 496 1986 discretis
526 1927 602 1987 viris
625 1929 760 1988 dominis
783 1929 883 2002 Petro,
906 1928 1004 1988 sancti
1026 1927 1168 2002 Emerici,
1192 1929 1325 2001 Matheo,
1350 1927 1449 1987 sancti
1472 1928 1621 1987 Anthonii

356 2033 394 2092 de
409 2033 560 2108 Zagrebia
576 2033 777 2093 ecclesiarum
793 2035 944 2110 plebanis,
961 2035 993 2094 in
1007 2035 1123 2094 virtute
1145 2042 1249 2094 sancte
1272 2034 1451 2094 obediencie
1475 2034 1618 2093 commit·

353 2139 448 2198 timus
478 2145 508 2198 et
529 2139 723 2214 mandamus,
746 2141 897 2214 quatenus
920 2155 994 2200 mox
1016 2141 1147 2216 receptis
1163 2141 1367 2215 presentibus,
1390 2139 1431 2198 ad
1454 2139 1615 2199 universos

355 2250 385 2302 et
407 2245 545 2318 singulos
561 2246 701 2305 homines
724 2247 960 2320 generacionum
983 2245 1102 2321 Superi,
1126 2247 1270 2306 Thalichi
1292 2251 1323 2305 et
1345 2245 1576 2319 Zenthywancz,
1592 2246 1620 2305 si

354 2349 496 2424 ipsorum
528 2355 580 2409 aut
610 2357 848 2426 procuratorum
871 2351 1052 2412 eorumdem
1076 2352 1108 2412 in
1130 2353 1255 2412 civitate
1276 2352 1470 2426 zagrabiensi
1492 2353 1620 2426 copiam

354 2454 471 2514 habere
501 2455 651 2530 poteritis,
681 2456 822 2531 alioquin
852 2457 891 2516 ad
915 2458 1024 2517 valvas
1047 2457 1238 2518 kathedralis
1261 2458 1389 2517 ecclesie
1411 2458 1619 2532 aagrabiensis

354 2561 515 2635 accedatis,
530 2561 677 2637 ipsosque
692 2561 811 2622 ibidem
827 2563 954 2638 publice
975 2569 1005 2622 et
1028 2563 1192 2623 manifeste
1214 2580 1271 2639 per
1293 2563 1473 2623 affixionem
1494 2579 1620 2638 presen-

354 2667 438 2726 cium
453 2667 550 2726 vestri
564 2667 597 2726 in
612 2669 804 2743 presenciam
821 2669 860 2728 ad
884 2671 1062 2744 proximam
1085 2668 1196 2728 feriam
1220 2675 1372 2744 quartam,
1389 2667 1428 2727 ad
1446 2668 1618 2728 videndum

354 2777 385 2831 et
414 2771 602 2832 audiendum
631 2789 664 2832 se
688 2775 959 2834 excommunicari
988 2790 1047 2850 pro
1080 2776 1274 2834 contumacia
1305 2790 1401 2849 quare
1424 2774 1509 2834 idem
1532 2775 1618 2834 citati

354 2878 565 2953 peremptorie
587 2877 627 2937 ad
650 2879 833 2939 instanciam
856 2879 1009 2939 dictorum
1034 2880 1234 2940 dominorum
1257 2880 1388 2954 capituli
1409 2880 1619 2954 zagrabiensis

355 2989 484 3059 propter
517 2985 764 3044 subtraccionem
798 2985 991 3046 decimarum
1025 2992 1055 3045 et
1088 2987 1281 3046 invasionem
1311 2991 1342 3044 et
1375 2986 1618 3062 occupacionem

354 3089 543 3163 earumdem,
559 3089 700 3165 ipsorum
724 3091 882 3152 demedio
904 3092 1006 3152 eidem
1028 3091 1166 3168 capitulo
1188 3093 1354 3166 provenire
1376 3091 1541 3166 debendas,
1555 3108 1612 3152 nec

354 3201 569 3271 comparentes
599 3211 704 3256 coram
735 3198 826 3257 nobis
848 3203 1100 3273 contempserunt
1123 3204 1153 3256 et
1176 3199 1398 3257 commiserunt
1420 3205 1451 3256 et
1473 3213 1532 3274 pro
1555 3213 1617 3273 qua

282 3331 286 3338 ·
353 3307 550 3363 contumaces
563 3303 701 3378 reputati
715 3309 796 3377 sunt,
811 3309 865 3363 aut
881 3304 921 3362 ad
937 3303 1104 3363 dicendum
1120 3309 1150 3362 et
1172 3303 1374 3378 allegandum
1397 3319 1493 3378 quare
1509 3306 1619 3380 previa

296 3475 298 3478 ¹
353 3407 476 3467 racione
498 3409 759 3494 excommunicari
782 3425 844 3469 non
865 3409 1023 3482 deberent,
1046 3411 1257 3485 peremptorie
1279 3411 1386 3484 citetis,
1408 3411 1520 3469 seriem
1544 3426 1616 3469 cum

352 3510 531 3574 nominibus
554 3515 727 3599 citatorum,
750 3517 1010 3589 terminoquoque
1034 3517 1190 3589 assignato
1212 3516 1311 3602 nobis·
1325 3517 1549 3575 conscienciose
1570 3533 1617 3576 re·

353 3621 531 3692 scribentes,
563 3623 759 3698 presentibus
789 3623 879 3681 nobis
910 3623 940 3681 in
972 3619 1074 3698 spe'cie
1097 3623 1245 3688 remissis.
1269 3623 1387 3682 Datum
1411 3622 1562 3696 Zagrabie
1584 3625 1617 3683 in

355 3726 450 3785 domo
469 3733 573 3786 nostre
594 3728 799 3787 habitacionis
823 3727 899 3787 teria
923 3730 1030 3803 quinta
1053 3729 1198 3804 proxima
1222 3734 1292 3803 post
1308 3727 1421 3788 testum
1444 3730 1614 3789 nativitatis

354 3833 484 3906 virginis
511 3833 616 3893 Marie.
640 3835 730 3892 Anno
761 3835 880 3894 domini
902 3835 1072 3894 millesimo
1096 3834 1400 3909 quadringentesimo
1423 3837 1617 3910 sexagesimo

353 3939 466 4014 primo.

981 4064 986 4076 .
1007 4065 1013 4077 .
1035 4063 1042 4079 .
1061 4025 1094 4074 de
1112 4025 1245 4092 Thywrer,
1264 4026 1379 4076 noterius
1397 4026 1424 4075 in
1442 4025 1582 4092 premissis.

456 4252 590 4318 originale
608 4253 637 4304 in
655 4253 750 4307 cherts¹
769 4255 802 4304 In
820 4253 935 4319 margine
953 4254 1068 4304 inferiori
1089 4254 1242 4320 impressum
1268 4259 1308 4303 est
1332 4251 1446 4317 sigillum
1464 4253 1573 4314 abbatis,
1592 4261 1618 4304 et

350 4343 402 4392 duo
427 4341 514 4407 sigilis
540 4342 709 4408 plebanorum
736 4349 762 4393 et
789 4349 850 4393 nota
874 4343 1037 4408 marginalis:
1062 4343 1218 4394 Reverende
1236 4348 1318 4408 pater.
1336 4341 1393 4391 Nos
1414 4343 1517 4402 Petrus,
1536 4343 1618 4394 sancti

349 4432 464 4484 Emerici
482 4439 508 4481 et
526 4431 641 4482 Mathias
660 4434 742 4484 sancti
760 4432 886 4483 Anthonii
905 4432 1071 4483 ecclesiarum
1089 4431 1277 4498 parochialium
1295 4430 1400 4497 plebani
1412 4430 1521 4482 lecimus
1534 4437 1617 4482 vestre

349 4521 512 4587 paternitatis
530 4522 602 4572 iuxta
620 4523 815 4575 continenciam.
