3948 5804
409 555 472 615 ma
847 555 919 612 Dor,
943 552 993 612 82.
1019 587 1060 598 -
1083 555 1139 612 Aa.
1165 568 1252 630 1435.

408 783 585 846 annnmtm‚
609 773 763 850 predictas
786 775 905 832 litteras
927 773 1098 848 pretitulati
1122 772 1240 830 domini
1272 773 1369 829 nostri
1397 773 1489 845 regis,
1521 787 1584 830 non
1617 774 1673 830 ab

407 896 501 952 rasas,
536 897 595 940 nnn
628 881 822 952 cancellatas,
858 897 913 938 nec
948 883 977 938 in
1012 881 1119 952 aliqua
1156 881 1297 953 ipsorum
1331 889 1420 952 parte
1449 881 1588 949 viciatas,
1617 877 1672 936 sed

408 1003 537 1064 prorsus
559 989 642 1046 omni
669 989 750 1046 vicio
772 993 802 1046 et
831 989 1005 1060 suspicione
1036 993 1184 1056 carentes,
1207 987 1403 1059 presentibus
1424 986 1537 1042 litteris
1560 987 1673 1042 nostris

407 1095 584 1170 patentibus
607 1093 646 1152 de
669 1095 767 1152 verbo
788 1093 829 1152 ad
853 1094 984 1151 verbum
1009 1095 1073 1150 sine
1096 1091 1305 1149 diminucione
1327 1099 1357 1148 et
1379 1091 1592 1150 additamento
1613 1094 1672 1149 ali·

408 1201 493 1276 quali
517 1202 608 1260 interi
631 1207 662 1260 et
684 1201 779 1272 siettlt
804 1201 899 1258 nostri
922 1201 1136 1257 conventualis
1158 1199 1348 1272 appensione
1377 1199 1563 1255 communiri
1598 1197 1673 1255 laci·

408 1311 500 1378 imbrs,
523 1305 639 1364 eisdem
662 1305 757 1384 judici
783 1313 813 1365 et
836 1308 942 1365 iuratis
964 1307 1086 1364 civibus
1108 1307 1242 1362 civitatis
1264 1303 1408 1377 sepefato,
1431 1306 1607 1362 uberiorem
1625 1307 1672 1377 ip-

407 1425 514 1472 sorum
548 1415 704 1472 racionem
737 1419 768 1472 et
802 1414 955 1472 cautelam
989 1414 1032 1470 ob
1064 1413 1248 1486 premissam
1282 1410 1429 1468 duximus
1451 1411 1671 1468 concedendas

408 1517 524 1577 Datum
558 1519 710 1593 Zagrabie
744 1527 915 1596 prenotata,
951 1521 980 1576 in
1017 1519 1096 1576 testo
1118 1517 1385 1575 Circumcissionis
1417 1516 1547 1575 domini.
1582 1521 1672 1575 Anno

407 1625 545 1684 eiusdem
571 1627 741 1686 millesimo
765 1625 1069 1700 quadringentesimo
1092 1627 1247 1683 tricesimo
1271 1625 1386 1697 quinto.

516 1781 650 1846 Originale
669 1783 696 1832 in
714 1783 868 1842 membrana,
888 1799 903 1831 a
921 1781 1020 1831 duabus
1038 1782 1110 1832 zonis
1128 1781 1232 1831 senoets
1250 1780 1398 1846 pendebant
1415 1779 1475 1838 duo,
1493 1795 1562 1829 nuuc
1573 1780 1670 1838 annin

407 1867 501 1934 sigilla.
521 1870 553 1919 lrt
571 1869 642 1926 arch.
661 1869 706 1922 lib.
726 1887 779 1936 reg,
797 1871 868 1923 civit
886 1870 987 1936 aagrab.

512 2281 593 2332 Anno
613 2293 688 2346 1435,
711 2293 750 2346 ta.
767 2281 885 2348 januarii.
906 2281 1001 2333 Albas.

412 2425 576 2486 Conventus
604 2427 819 2504 Cruciseromm
849 2429 883 2484 de
913 2428 998 2498 Alba,
1030 2429 1140 2502 legatos
1167 2428 1278 2502 quidem
1306 2429 1435 2486 ct'uitatts
1457 2429 1560 2484 montz's
1597 2427 1670 2485 Gre-

405 2535 494 2592 censis
516 2541 617 2594 contra
639 2535 745 2592 nobiles
766 2535 800 2592 de
824 2533 919 2592 Suscd
937 2534 982 2592 die
998 2536 1178 2607 praestituta
1201 2535 1360 2604 aduenisse,
1383 2536 1488 2592 nobiles
1517 2543 1610 2592 cutem
1638 2535 1671 2592 de

695 2639 789 2700 Sused
801 2643 924 2716 fnestra
947 2659 1004 2698 csse
1024 2649 1211 2715 exspectatos,
1233 2643 1391 2712 confimat.

511 2785 575 2844 Nos
609 2791 777 2846 conventus
812 2785 1043 2844 Cruciferorum
1081 2787 1193 2846 domus
1225 2787 1388 2862 hospitalis
1424 2785 1550 2844 ecclesie
1586 2787 1670 2845 beati

405 2895 486 2965 reeta
510 2891 657 2968 Stephani
681 2891 720 2952 de
742 2891 833 2951 Alba.
858 2893 1006 2950 Memorie
1030 2892 1293 2967 commendamus,
1317 2893 1401 2966 quod
1424 2893 1568 2976 Jacobus‚
1585 2893 1670 2952 filius

404 3001 560 3086 Joltannis,
585 2997 659 3056 dicti
684 2999 787 3072 liolya,
806 3000 882 3057 civis
898 2999 1031 3056 civitatis
1047 2998 1085 3056 de
1102 3005 1206 3056 monte
1223 2997 1368 3057 Grecensi
1384 3001 1469 3056 iuxta
1485 2999 1670 3072 Zagrabiam

405 3107 560 3178 existente,
594 3105 623 3162 in
658 3119 714 3162 sua
748 3119 784 3162 ac
805 3102 923 3180 judicis,
947 3102 1183 3180 juratorumque
1215 3106 1331 3162 civium
1355 3111 1385 3162 et
1409 3106 1507 3162 tocius
1530 3119 1669 3164 commu-

406 3213 507 3272 nitatis
539 3211 577 3270 de
609 3211 717 3270 eadem
751 3213 889 3286 personis
912 3213 941 3270 in
967 3215 1104 3269 nostram
1128 3213 1253 3268 veniens
1277 3213 1477 3284 presenciam,
1501 3214 1591 3271 nobis
1614 3231 1670 3288 per

405 3317 535 3376 modum
559 3319 793 3392 protestacionis
817 3319 991 3386 significare
1015 3319 1134 3376 curavit
1158 3318 1188 3374 in
1220 3319 1301 3375 bunc
1332 3317 1478 3376 modum:
1510 3319 1669 3392 quomodo

406 3423 575 3496 ladislaus,
600 3424 684 3482 lilius
708 3423 828 3483 Nicolai
852 3431 881 3482 et
903 3425 1066 3508 Johannes‚
1098 3423 1182 3482 filius
1214 3425 1376 3482 Laurencii
1408 3425 1481 3483 dicti
1515 3426 1596 3484 Thot
1631 3413 1688 3484 de'
1751 3481 1764 3490 ,,

404 3529 604 3590 Zomzedwar
627 3531 656 3588 in
681 3545 805 3588 causam
829 3532 951 3589 attracti
975 3547 1032 3608 per
1056 3529 1192 3603 prefatos
1214 3529 1358 3606 judicem,
1381 3531 1561 3608 juratusque
1585 3534 1668 3590 cives

404 3641 435 3696 et
465 3643 562 3696 totam
598 3638 852 3696 communitatem
881 3643 1011 3708 actores,
1041 3636 1248 3695 mediantibus
1278 3639 1390 3696 litteris
1418 3627 1690 3698 excellentissimi*
1754 3693 1757 3699 .

405 3743 552 3818 principis
587 3741 705 3801 domini
740 3741 930 3812 sigismundi
966 3744 1161 3816 imperatoris
1190 3745 1221 3800 in
1252 3747 1443 3818 presenciam
1467 3746 1604 3804 eiusdem
1629 3745 1668 3804 ad

404 3855 549 3908 octavum
574 3847 656 3908 diem
682 3847 751 3908 sesti
776 3849 1020 3924 Epiphaniarum
1045 3848 1161 3906 domini
1185 3852 1327 3923 proxime
1359 3853 1542 3924 preteritum
1573 3853 1605 3911 in
1627 3853 1669 3910 ci·

404 3957 531 4014 vitatem
548 3955 714 4014 albensem
732 3957 850 4014 evocati
868 3957 1052 4026 extitissent;
1077 3957 1207 4030 ipsoque
1224 3959 1355 4014 termino
1371 3958 1561 4031 adveniente,
1585 3957 1668 4016 idem

403 4063 546 4146 Jacobus‚
572 4061 655 4120 silius
681 4063 842 4146 Johannis,
867 4075 925 4136 pro
950 4061 1075 4120 eisdem·
1089 4061 1198 4138 judice,
1219 4061 1390 4138 juratisque
1412 4065 1533 4122 civibus
1556 4071 1587 4123 et
1609 4081 1668 4139 pro

403 4175 466 4226 tota
489 4169 709 4228 communitate
733 4183 803 4226 curn
829 4169 1050 4242 procuratoriis
1073 4169 1184 4225 litteris
1208 4169 1390 4228 eorumdem
1414 4171 1445 4227 in
1467 4169 1576 4230 eadem
1593 4173 1668 4229 civi-

403 4279 464 4332 tate
486 4274 614 4332 Albensi
639 4276 878 4348 comparuisset;
911 4273 992 4332 unde
1022 4273 1102 4332 tacta
1126 4275 1304 4332 huiusmodi
1327 4279 1561 4350 protestacione,
1585 4277 1667 4336 idern

402 4379 545 4464 Jacoltus,
571 4381 654 4438 filius
677 4381 833 4464 joliannis,
855 4381 974 4438 litteras
998 4387 1118 4438 nostras
1149 4397 1243 4456 super
1273 4381 1412 4456 predicta
1443 4385 1667 4458 protestacione

404 4485 598 4560 postulasset,
621 4501 698 4560 quas
722 4501 777 4543 nos
800 4485 900 4544 eidem
924 4488 1130 4544 concessimus
1166 4489 1325 4544 communi
1358 4485 1480 4564 justicia
1510 4489 1667 4548 suadente.

403 4591 517 4650 batum
544 4591 618 4650 leria
642 4597 726 4650 sexta
744 4593 885 4666 proxima
907 4599 976 4667 post
992 4599 1138 4650 octavum
1154 4593 1236 4650 diem
1255 4595 1419 4669 prescripti
1442 4593 1512 4652 festi
1530 4595 1667 4670 Epipha-

403 4698 523 4756 niarum
548 4697 674 4756 domini.
700 4699 788 4754 Anno
811 4697 949 4756 eiusdem
973 4699 1142 4778 millesimo
1174 4699 1477 4773 quadringentesimo
1509 4703 1667 4760 tricesimo

403 4803 517 4876 quinto.

509 4937 641 5000 ttrtgtnate
661 4939 686 4987 ln
707 4939 800 4988 eirurtn.
825 4939 847 4986 lt
869 4947 940 5006 tergo
959 4941 1095 5007 vestigium
1121 4943 1237 5010 impressi
1257 4942 1345 5007 sigilli.
1383 4946 1416 4994 In
1440 4945 1509 4998 arch.
1538 4945 1583 4996 lib.
1613 4961 1666 5010 reg.

403 5027 450 5076 citt.
469 5025 568 5088 rugmlt.
