3948 5804
425 543 465 602 68
850 537 923 596 Dec.
940 533 998 612 56.
1026 569 1061 579 —-
1088 538 1145 595 An.
1168 551 1259 616 1429.

422 771 504 815 rare.
529 755 567 813 Et
585 771 642 829 per
665 752 860 828 infrascripta
884 753 1084 826 singulariter
1106 753 1344 827 denotabuntur,
1365 757 1419 829 qui
1441 757 1524 816 cives
1546 758 1585 816 ad
1610 774 1688 834 quas

422 866 530 936 portas
553 859 687 918 civitatis
712 857 816 916 claves
838 857 993 932 predictas
1015 857 1171 918 ordinarie
1193 863 1297 918 tenere
1328 865 1359 919 et
1388 876 1573 921 conservare
1603 869 1686 924 tene·

422 967 547 1039 buntur,
570 966 614 1024 ita
636 964 792 1036 videlicet,
808 971 843 1022 ut
866 963 1000 1038 quilibet
1022 965 1099 1024 civis
1121 963 1209 1041 juxta
1231 967 1475 1026 moracionalem
1496 975 1527 1027 et
1548 969 1684 1029 residen-

422 1072 534 1131 cialem
557 1071 689 1130 domum
710 1085 800 1128 suam
823 1071 854 1128 in
877 1085 938 1143 qua
961 1071 1103 1128 habitare
1127 1071 1305 1145 dinoscitur,
1330 1073 1396 1131 sive
1427 1074 1535 1147 plures
1567 1075 1713 1148 domos,-

421 1178 487 1237 sire
509 1191 604 1236 unam
626 1181 747 1236 tantum
770 1176 900 1235 domum
922 1178 1044 1248 habeat,
1068 1193 1193 1251 semper
1217 1179 1276 1236 nisi
1299 1178 1338 1236 de
1359 1195 1421 1238 una
1442 1179 1545 1252 domo,
1561 1181 1591 1240 in
1616 1197 1685 1256 qua,

421 1290 456 1344 ut
479 1285 658 1361 predicitur,
682 1299 804 1343 moram
827 1285 922 1342 habet
953 1285 1158 1358 personalem,
1190 1285 1311 1344 clavem
1344 1291 1448 1345 tenere
1476 1287 1569 1346 debet
1596 1294 1686 1362 porte

419 1391 506 1450 illius
527 1392 659 1450 civitatis
679 1390 825 1465 predicte,
860 1389 900 1448 ad
924 1406 1018 1464 quam
1042 1395 1165 1464 portam
1189 1407 1260 1450 curn
1283 1392 1424 1466 predicta
1445 1393 1534 1451 clave
1556 1399 1601 1450 est
1623 1409 1686 1452 ser·

419 1500 486 1558 vire
508 1498 674 1573 deputatus
697 1503 727 1557 et
748 1498 808 1557 hoe
830 1514 888 1573 per
910 1513 1008 1556 unum
1030 1499 1186 1572 integrum
1210 1514 1357 1558 mensem.

525 1605 612 1678 Item,
635 1605 738 1683 primo
760 1604 800 1662 ad
824 1609 948 1679 portam
971 1603 1129 1678 lapideam
1154 1603 1268 1663 debent
1298 1621 1423 1664 servare
1446 1606 1569 1664 clavem
1599 1605 1683 1664 cives

418 1709 598 1785 incipiendo
621 1711 651 1769 in
683 1709 777 1769 domo
807 1709 931 1769 Andree
959 1708 1079 1786 judicis,
1110 1709 1185 1768 dicti
1213 1709 1251 1768 de
1279 1711 1439 1784 Zwinaria,
1462 1717 1493 1770 et
1522 1727 1621 1785 usque
1652 1712 1684 1770 in

418 1816 550 1875 domum
573 1816 747 1874 liberorum
762 1815 882 1874 Thome
897 1817 1014 1888 vicarii,
1038 1821 1068 1874 et
1090 1815 1129 1873 ad
1153 1815 1238 1890 ipsos
1260 1817 1449 1890 pertinentes
1476 1825 1547 1876 sunt
1570 1817 1682 1876 insule:

417 1931 536 1996 octava,
558 1939 640 1983 nona
662 1929 693 1982 et
714 1924 825 1999 prima.
862 1919 864 1925 '
1241 1907 1244 1912 ’

521 2031 600 2089 Item
623 2030 662 2089 ad
686 2029 854 2104 portellam
885 2028 1018 2087 civitatis
1046 2033 1253 2103 campestrem
1281 2044 1335 2086 seu
1366 2029 1404 2086 ad
1434 2044 1581 2104 campum
1618 2035 1682 2086 ten·

418 2135 544 2194 dentem
560 2136 674 2194 debent
688 2151 813 2194 servare
829 2135 950 2194 clavem
975 2134 1113 2193 eiusdem
1137 2141 1226 2209 porte
1243 2136 1327 2194 cives
1343 2133 1517 2209 incipiendo
1533 2135 1564 2193 in
1588 2134 1681 2192 domo

419 2242 592 2300 liberorum
615 2241 764 2316 Stephani
787 2241 922 2315 lapicide
945 2241 976 2298 in
999 2241 1117 2299 circulo
1148 2257 1245 2322 usque
1275 2241 1315 2298 ad
1346 2241 1478 2299 macella
1509 2241 1681 2299 communi-

418 2349 498 2420 tatis,
524 2353 555 2406 et
576 2347 616 2406 ad
639 2349 724 2422 ipsos
744 2347 932 2421 pertinentes
956 2351 1028 2404 sunt
1049 2347 1162 2404 insule:
1186 2347 1327 2420 septima,
1352 2353 1438 2404 sexta
1460 2350 1491 2405 et
1513 2347 1628 2420 quinta.

520 2454 598 2511 Item
624 2453 663 2511 ad
698 2457 821 2526 portam
858 2452 1011 2524 civitatis,
1048 2451 1227 2510 carnificum
1258 2451 1382 2522 dictam,
1413 2451 1526 2510 debent
1556 2467 1680 2510 servare

415 2560 536 2618 clavem
563 2559 701 2618 eiusdem
729 2565 818 2632 porte
845 2558 928 2616 cives
955 2557 1130 2631 incipiendo
1157 2557 1345 2631 apredictis
1378 2558 1520 2616 macellis
1537 2573 1679 2616 commu·

414 2667 519 2724 nitatis
542 2667 573 2724 in
596 2665 714 2724 circulo
736 2681 833 2738 usque
849 2663 889 2722 ad
912 2662 1043 2722 domurn
1061 2663 1148 2720 Pauli
1165 2663 1272 2721 decani
1288 2679 1341 2721 seu
1358 2663 1533 2722 liberorum
1558 2663 1678 2736 Paulas,

414 2779 444 2830 et
467 2771 505 2830 ad
530 2773 615 2846 ipsos
632 2771 787 2846 pertinens
806 2777 864 2829 est:
888 2776 998 2843 quarta
1015 2769 1123 2840 insula,
1140 2783 1194 2826 seu
1218 2769 1301 2828 cives
1323 2769 1354 2827 in
1377 2768 1487 2827 eadem
1511 2776 1679 2828 morantes

520 2879 596 2936 ltem
620 2877 659 2935 ad
683 2892 798 2936 novam
822 2881 953 2951 ⁴portam
976 2875 1119 2945 civitatis,
1143 2874 1257 2934 debent
1287 2891 1411 2933 servare
1434 2876 1554 2934 clavem
1588 2881 1678 2950 porte

413 2985 551 3044 eiusdem
567 2987 651 3042 cives
674 2983 849 3058 incipiendo
864 2983 895 3041 in
919 2981 1058 3057 predicta
1080 2981 1174 3039 domo
1205 2983 1345 3056 ipsorum
1367 2982 1541 3040 liberorum
1564 2982 1676 3040 Paulas

412 3093 443 3149 in
467 3092 584 3150 circulo
607 3096 637 3148 et
659 3105 758 3163 usque
780 3089 820 3146 ad
852 3089 980 3146 domum
1004 3089 1178 3146 liberorum
1203 3087 1322 3145 Vrbani
1352 3089 1542 3160 Hansethyn,
1573 3093 1604 3145 et
1638 3086 1677 3145 ad

412 3199 497 3271 ipsos
519 3198 675 3272 pertinens
698 3201 756 3254 est:
785 3195 887 3252 insula
910 3195 1012 3264 tercia,
1035 3209 1090 3251 seu
1113 3195 1196 3251 cives
1219 3194 1250 3250 in
1273 3193 1382 3251 eadem
1404 3194 1586 3252 habitantes.

516 3304 594 3361 Item
617 3302 657 3359 ad
681 3301 848 3374 portellam
872 3315 1004 3374 parvam
1027 3300 1160 3358 civitatis
1188 3298 1334 3373 predicte,
1365 3300 1546 3358 oboriente
1574 3300 1675 3372 sitam,

413 3425 526 3468 surore
542 3409 680 3466 dwercze
703 3407 800 3480 vulgo
816 3406 994 3480 apellatam‚
1011 3405 1126 3463 debent
1148 3420 1272 3464 servare
1296 3405 1417 3462 clavem
1440 3405 1578 3464 eiusdem
1602 3420 1673 3478 por-

412 3517 486 3574 telle
509 3516 592 3573 cives
623 3513 798 3586 incipiendo
828 3514 859 3570 in
890 3511 1029 3585 predicta
1062 3511 1157 3569 domo
1188 3511 1342 3569 dictorum
1373 3512 1546 3570 liberorum
1577 3512 1674 3584 ipsius

411 3621 528 3679 Vrbani
553 3621 700 3680 Hansetin
723 3634 821 3692 usque
844 3617 883 3677 ad
907 3617 1036 3676 domum
1060 3616 1191 3692 predicti
1214 3616 1336 3674 Andree
1349 3616 1387 3674 de
1402 3617 1573 3689 Zwynaria,
1590 3621 1620 3675 et
1635 3616 1672 3674 ad

411 3729 495 3802 ipsos
518 3727 674 3802 pertinens
697 3731 758 3784 est:
777 3724 878 3782 insula
902 3723 1042 3782 secunda.
1065 3723 1103 3780 Et
1126 3725 1169 3781 sic
1192 3723 1404 3794 terminantur,
1422 3723 1581 3796 perpetuis
1598 3729 1673 3780 tem·

411 3833 541 3907 poribus
564 3831 715 3902 durando,
738 3836 773 3888 ut
796 3829 929 3903 quilibet
952 3828 1106 3887 ordinarie
1129 3843 1236 3886 curam
1268 3835 1297 3885 et
1327 3843 1404 3887 onus
1436 3828 1569 3886 civitatis
1600 3843 1673 3902 sup·

413 3945 515 4012 portet
539 3937 633 3996 modo
656 3941 827 4011 prenotato.

514 4089 648 4154 originale
666 4089 693 4138 in
712 4087 866 4138 membrana.
886 4087 918 4134 ln
936 4085 1005 4135 arch.
1025 4085 1069 4136 lib.
1089 4101 1140 4150 reg.
1161 4087 1208 4137 civ.
1227 4086 1328 4150 zagrab.

1008 4316 1069 4382 56.

513 4407 595 4456 Anno
616 4418 691 4470 ¹4²9·

513 4537 610 4610 Copia
633 4535 830 4594 fundualium
853 4534 987 4592 civitatis
1009 4533 1124 4591 montis
1147 4533 1309 4592 Grecensis
1332 4548 1427 4606 super
1458 4545 1557 4589 vacuo
1588 4527 1672 4588 aedi·

409 4643 549 4716 ficiisque
572 4641 718 4700 destituto
749 4640 846 4718 tunglo
869 4639 1042 4711 Stoylonts‚
1066 4638 1123 4696 filii
1155 4638 1276 4696 Lucasii
1309 4639 1449 4710 Agatich,
1480 4638 1557 4696 civis
1589 4637 1669 4694 dicte

413 4750 556 4821 civitatis,
581 4749 707 4822 Briccio,
731 4749 809 4806 olim
831 4745 927 4824 judici
950 4761 986 4803 ac
1008 4761 1066 4820 per
1096 4759 1167 4802 eum
1197 4745 1261 4802 suis
1284 4742 1451 4802 heredibus
1482 4759 1541 4818 pro
1572 4743 1671 4800 tribus

406 4856 471 4916 lior.
491 4857 559 4914 auri
584 4855 791 4930 perennaliter
813 4853 950 4911 vendito.

513 5011 574 5062 Aet.
593 5017 699 5061 monast.
719 5007 879 5058 Remelensis
897 5009 959 5059 fasc.
976 5008 1014 5055 11.
1033 5023 1070 5058 nr.
1094 5019 1132 5070 14.
1152 5008 1184 5055 In
1196 5006 1293 5054 archiv.
1305 5021 1367 5069 regn
1389 5005 1474 5055 Croat.
1495 5003 1563 5054 Slav.
1577 5001 1669 5053 Dalm.
