3948 5804
409 553 450 612 80
838 549 911 607 Doc.
935 543 987 608 68.
1012 581 1055 592 —
1078 548 1134 606 An.
1158 563 1248 627 1433.

405 767 504 826 censis
527 765 566 824 de
589 765 674 824 iuxta
698 765 891 838 Zagrabiam,
915 765 1066 838 quasdam
1096 765 1216 823 litteras
1248 771 1367 825 vestras
1397 767 1608 841 inquisitorias
1640 775 1671 827 et

406 872 597 932 evocatorias
620 871 747 930 domino
769 876 877 930 nostro
899 871 965 943 regi
988 870 1028 927 ad
1058 885 1150 928 suum
1181 872 1301 943 regium
1334 873 1553 930 litteratorium
1583 889 1669 932 man·

405 979 514 1037 datum
536 977 712 1052 rescriptas,
736 981 904 1034 asserentes
927 975 1085 1034 accionem
1108 981 1138 1034 et
1161 977 1410 1050 proposicionem
1442 978 1516 1037 dicti
1538 980 1669 1054 capituli

404 1087 516 1144 litteris
538 1085 686 1142 contineri
711 1085 742 1142 in
766 1082 891 1154 eisdem,
914 1083 1004 1140 nobis
1028 1083 1217 1156 presentavit
1248 1083 1450 1142 declarando:
1483 1084 1566 1158 quod
1599 1085 1669 1142 Bla-

404 1193 468 1250 sius
490 1189 575 1250 filius
598 1189 753 1248 Benedicti
776 1189 814 1246 de
837 1188 1062 1260 Therzthenyk,
1085 1189 1198 1261 regius,
1221 1194 1251 1246 et
1275 1189 1424 1248 discretus
1448 1191 1496 1248 vir
1514 1188 1667 1264 Georgius

406 1297 562 1372 presbiter
584 1297 671 1354 chori
695 1295 823 1353 ecclesie
839 1300 941 1352 vestre
964 1293 1103 1368 predicte
1126 1294 1359 1368 prebendarius.
1382 1303 1493 1367 vester,
1524 1296 1666 1354 homines

403 1404 442 1462 ad
466 1405 588 1476 regium
612 1402 831 1460 litteratorium
856 1399 1038 1458 mandatum
1062 1399 1241 1469 transmissi,
1274 1399 1350 1458 feria
1381 1407 1491 1474 quarta
1523 1401 1667 1475 proxima

403 1515 474 1585 post
505 1509 693 1567 dominicam
732 1507 1028 1580 Ramispalmarum,
1060 1506 1203 1579 proxime
1234 1507 1425 1579 preteritam,
1456 1507 1487 1566 in
1518 1508 1668 1566 comitatu

402 1614 593 1688 zagrabiensi
624 1613 838 1688 procedend0,
877 1613 918 1670 ab
951 1612 1096 1669 omnibus
1128 1612 1242 1685 quibus
1277 1611 1429 1672 decuisset
1463 1621 1493 1672 et
1531 1613 1668 1672 licuisset

402 1722 510 1797 palam
533 1727 563 1778 et
585 1720 706 1778 occulte
730 1717 895 1792 diligenter
918 1717 957 1775 de
979 1716 1185 1791 infrascriptis
1216 1717 1401 1792 inquirendo
1431 1720 1527 1778 talem
1558 1719 1664 1778 scivis-

401 1833 468 1886 sent
479 1827 658 1885 veritatem:
674 1823 832 1898 quomodo
858 1823 967 1896 Chwn,
987 1821 1090 1899 judex,
1115 1823 1306 1898 Valentinus,
1321 1824 1448 1884 Gobech
1470 1824 1580 1898 dictus,
1602 1818 1667 1886 An·

401 1934 526 1992 thonius
556 1932 595 1990 de
624 1931 793 2002 Florencia,
817 1930 987 2014 Johannes,
1018 1929 1103 1988 filius
1133 1929 1268 2002 Peronis,
1299 1931 1485 2004 Demetrius,
1515 1933 1666 1992 Martinus

403 2039 541 2110 sartoris,
565 2038 706 2108 decanus,
730 2036 884 2108 Georgius
916 2035 954 2092 de
985 2036 1055 2092 vico
1086 2043 1238 2109 sutorum,
1271 2035 1419 2107 Andreas,
1453 2037 1538 2095 filius
1573 2037 1664 2106 Petri,

402 2145 517 2202 Paulus
540 2144 664 2214 Thatar,
688 2142 800 2218 jurati;
824 2142 965 2214 Michael,
991 2141 1075 2200 filius
1099 2140 1280 2211 Sebastiani,
1296 2142 1431 2222 Johanes
1447 2141 1665 2217 Zygethchyak

401 2251 510 2322 dictus,
541 2250 696 2332 Johannes
725 2249 849 2320 Pehern,
879 2248 1035 2330 Johannes
1057 2248 1232 2320 Hungarus,
1267 2245 1437 2320 Gregorius
1472 2248 1664 2322 Hudosthyz,

401 2357 545 2426 Briccius,
569 2355 664 2413 frater
687 2354 834 2424 eiusdem,
857 2353 994 2437 Jaxinus,
1027 2353 1112 2410 filius
1143 2352 1215 2426 Bolr,
1246 2353 1391 2411 Clemens
1421 2347 1576 2432 in(stit)or‚
1613 2355 1665 2438 Ja-

400 2463 565 2533 komellus,
589 2461 712 2532 Paulus,
735 2460 820 2518 filius
842 2459 951 2529 Giuan,
976 2459 1090 2516 Paulus
1106 2459 1281 2532 Hungarus,
1297 2459 1424 2532 Egidius
1440 2459 1586 2532 carnifex,
1603 2461 1664 2518 An·

399 2570 531 2638 thonius,
566 2568 674 2626 Petrus
713 2567 813 2623 dictus
846 2565 1100 2638 Plernenschyalr,
1140 2565 1425 2640 Chaganchewych,
1457 2567 1571 2625 Paulus
1597 2565 1664 2626 Sal·

398 2675 539 2747 kowych,
562 2675 676 2732 Paulus
699 2673 844 2743 carnifex,
861 2673 1010 2729 Martinus
1026 2670 1152 2746 juratus,
1170 2671 1289 2730 Blasius
1311 2673 1411 2730 dictus
1427 2673 1568 2745 Frawyn,
1584 2673 1664 2730 Iau-

398 2782 518 2838 rencius
549 2781 679 2850 institor,
710 2779 790 2837 alter
820 2777 1008 2836 laurencius
1038 2776 1262 2850 Sydowchych,
1294 2778 1434 2836 Andreas
1465 2777 1662 2853 Zteplrouich,

398 2887 579 2944 Dominicus
616 2886 806 2958 Maxethych
831 2883 1005 2957 Stephanus
1028 2883 1182 2942 litteratus
1213 2883 1313 2941 dictus
1343 2884 1514 2957 Rakarych,
1546 2884 1663 2958 Grego-

398 2993 462 3050 rius
489 2993 654 3062 Valentini,
672 2991 853 3049 Benedictus
868 2990 977 3062 Rufus,
998 2991 1156 3048 Dionisius
1174 2992 1370 3061 Mozlawech,
1388 2991 1502 3048 Paulus
1523 2991 1660 3049 Rusman

397 3099 505 3168 dictus,
540 3100 681 3170 Mathyas
713 3104 829 3168 sartor,
860 3096 1023 3154 Ladislaus
1046 3103 1076 3153 et
1106 3096 1264 3154 Emericus
1295 3096 1461 3168 aurifabri,
1486 3097 1659 3166 Farlrasius,

397 3203 480 3261 filius
504 3203 613 3276 Egidii,
637 3203 710 3261 ivan
734 3203 868 3272 Italicus,
892 3202 1007 3259 Paulus
1031 3208 1139 3274 sartor,
1168 3202 1282 3260 Kwsuc
1298 3201 1435 3260 carnifex
1458 3203 1496 3260 de
1519 3204 1661 3274 civitate;

396 3311 471 3368 item
494 3309 676 3368 Dominicus
699 3315 729 3366 et
751 3308 867 3366 Paulus
883 3309 1055 3382 sellipares,
1075 3307 1210 3379 A‘enned,
1236 3307 1353 3366 Blasius
1368 3316 1464 3370 sutor.
1487 3307 1661 3383 Stephanus

395 3415 504 3472 dictus·
531 3415 651 3486 Kweth,
681 3413 777 3485 faber,
803 3415 963 3497 Johannex
979 3413 1119 3487 pellifex,
1145 3414 1299 3485 Nicolaus,
1316 3414 1456 3472 Andreas
1479 3413 1553 3472 dicti
1584 3413 1661 3487 Bog-

395 3519 524 3592 danych,
548 3521 692 3578 Clemens
716 3519 887 3592 Praudyeh,
905 3519 1018 3577 Paulus
1034 3519 1261 3591 iwankowych,
1286 3521 1480 3590 Ambrosius,
1504 3519 1657 3593 Georgius

395 3626 480 3684 filius
494 3627 655 3698 Francisci,
668 3626 804 3683 Thomas
817 3627 985 3698 Kryuiych,
1001 3625 1138 3682 Thomas
1154 3625 1281 3697 Carnus,
1298 3625 1454 3700 Nicolaus,
1472 3617 1658 3684 Valentinus

396 3730 497 3790 dictus
521 3733 626 3802 Peren,
650 3731 779 3803 Gyurax
802 3737 831 3789 et
855 3731 1036 3789 Valentinus
1059 3731 1133 3788 dicti
1153 3731 1349 3800 Mozlawech,
1368 3731 1482 3788 Paulus
1497 3733 1660 3804 sagitarius

395 3839 532 3896 Thomas
556 3838 656 3896 dictus
672 3839 800 3909 Diuaek,
816 3839 958 3921 Jacobus,
983 3837 1076 3910 Elyas
1098 3837 1244 3910 sagitarii,
1264 3837 1418 3920 Johannes
1441 3853 1582 3912 arcupar,
1601 3837 1660 3895 Va·

395 3945 528 4002 lentinus
551 3949 645 4016 sutor,
667 3945 850 4002 Valentinus
874 3944 1021 4002 Anthonii
1045 3951 1075 4000 et
1097 3943 1197 4002 Galus
1219 3957 1393 4017 arcupares,
1417 3945 1572 4018 ceterique
1594 3944 1660 4002 uni·

395 4051 476 4108 versi
500 4051 582 4109 cives
605 4059 635 4108 et
658 4051 770 4124 populi
794 4051 927 4110 civitatis
950 4050 1064 4107 montis
1088 4049 1273 4108 Grechensis
1296 4051 1327 4107 in
1349 4050 1457 4108 eadem
1481 4051 1606 4108 civitate
1630 4055 1660 4107 et

395 4157 426 4214 in
449 4156 602 4215 suburbio
624 4157 764 4215 eiusdem
787 4157 920 4214 civitatis
948 4153 1036 4230 iuxta
1059 4154 1252 4228 Zagrabiam‚
1276 4156 1360 4214 mala
1383 4171 1494 4214 eorum
1517 4171 1613 4230 opera
1628 4156 1658 4214 in

394 4262 499 4336 ipsum
523 4263 696 4337 capitulum
720 4262 909 4321 adiuturnis
924 4262 1120 4335 temporibus
1143 4261 1311 4320 crudeliter
1333 4269 1362 4320 et
1387 4261 1551 4321 inmaniter
1574 4277 1660 4320 exer-

393 4370 528 4428 cuissent
550 4375 580 4427 et
603 4371 838 4439 commisissent,
862 4373 892 4426 et
914 4383 973 4441 que
996 4368 1175 4441 nuperrime
1199 4369 1376 4440 evasissent,
1400 4374 1525 4442 sumpta
1549 4365 1660 4426 exinde

393 4477 575 4535 temeritatis
598 4474 727 4533 audacia
749 4477 780 4532 in
803 4489 886 4532 anno
909 4474 1027 4531 domini
1051 4474 1220 4532 millesimo
1245 4471 1553 4547 quadringentesimo
1575 4473 1660 4546 vige·

392 4583 473 4639 simo
496 4580 632 4639 secundo
654 4581 812 4653 preterit0,
835 4579 981 4638 videlicet
1004 4579 1035 4637 in
1058 4577 1137 4637 festo
1160 4585 1264 4638 sancte
1295 4580 1453 4638 Trinitatis
1476 4579 1589 4638 turrim
1612 4581 1659 4653 ip·

391 4689 454 4745 sius
477 4687 607 4761 capituli
630 4687 661 4744 in
684 4687 766 4744 dicto
791 4693 895 4744 monte
926 4685 1028 4744 Grech
1061 4687 1208 4756 habitam,
1240 4687 1297 4744 ubi
1327 4703 1375 4744 res
1406 4691 1437 4744 et
1463 4687 1546 4744 bona
1577 4685 1657 4744 dicte

390 4794 519 4852 ecclesie
542 4798 572 4850 et
594 4791 669 4850 dicti
692 4794 822 4866 capituli
838 4793 1045 4866 zagrabiensis
1062 4797 1191 4866 propter
1206 4799 1325 4851 metum
1341 4793 1516 4850 Turcorum
1529 4791 1569 4849 ad
1585 4806 1657 4850 con·

389 4899 578 4957 servandum
602 4899 820 4972 reposuissent,
844 4899 1030 4968 obsidentes,
1053 4905 1082 4955 et
1103 4898 1204 4956 multa
1227 4905 1351 4956 caterva
1374 4899 1538 4957 hominurn
1554 4911 1656 4956 arma-

391 5011 493 5064 torum
517 5005 798 5078 circumvallantes,
823 5007 1007 5078 magistrum
1039 5003 1218 5063 Ladislaum
1249 5005 1287 5063 de
1311 5006 1456 5064 Dauooth
1484 5005 1604 5062 socium
1626 5009 1657 5061 et
