3804 5858
675 618 749 680 Dec·
768 629 843 694 345·
867 651 910 659 -
933 617 989 675 An·
1013 612 1105 694 1487·
1455 631 1518 727 sss

250 836 394 893 venisset.
425 833 549 892 Eisdem
580 833 713 906 denique
744 833 871 901 octavis,
894 839 967 889 tunc
989 832 1184 899 instantibus,
1208 830 1348 903 prefatus
1370 831 1519 904 magister

248 941 403 1024 Johannes
428 939 571 1012 Possgay,
605 938 741 995 director
771 953 933 995 causarum
965 937 1039 996 dicti
1073 936 1192 994 domini
1225 937 1324 996 nostri
1345 938 1436 1009 regis,
1460 950 1518 1008 pro

250 1046 360 1105 eodem
384 1045 510 1103 domino
534 1049 641 1102 nostro
664 1059 737 1117 rege
760 1044 790 1101 in
822 1043 961 1101 eiusdem
984 1041 1116 1100 condam
1141 1041 1259 1100 domini
1283 1042 1443 1100 Michaelis
1465 1056 1518 1115 pa·

248 1153 338 1210 latini
362 1151 487 1209 veniens
510 1150 714 1224 presenciam,
736 1151 856 1207 litteras
880 1153 999 1206 vestras
1021 1163 1115 1222 super
1137 1149 1205 1221 ipsa
1229 1147 1518 1206 evocacionerela·

249 1259 345 1316 torias
368 1255 469 1315 eidem
495 1256 621 1314 domino
638 1256 783 1313 Michaeli
800 1255 938 1329 palatino
962 1259 1155 1328 presentarat
1169 1252 1283 1329 judicio
1308 1270 1365 1328 per
1388 1253 1520 1312 Paulum

251 1363 418 1435 Fynthygh
442 1361 480 1420 de
501 1361 598 1419 Zenth
621 1361 705 1418 lwan
730 1361 934 1434 palatinalem
958 1375 994 1417 ac
1018 1359 1187 1418 discretum
1212 1359 1409 1417 Benedictum
1433 1374 1519 1433 pres·

249 1469 384 1526 biterum
408 1473 559 1525 rectorem
585 1482 637 1524 are
661 1467 745 1524 beati
768 1465 897 1538 Georgii
920 1465 1057 1522 martiris
1081 1465 1162 1522 dicte
1178 1465 1307 1523 ecclesie
1330 1469 1433 1522 vestre
1449 1481 1519 1539 pre·

249 1573 443 1643 bendarium,
467 1579 616 1644 vestrum,
640 1573 791 1643 homines,
820 1587 877 1646 per
900 1570 1059 1645 prefatum
1081 1570 1255 1651 Johannem
1280 1571 1455 1644 Hennyngh
1480 1569 1518 1628 de

250 1679 468 1738 Zomzedwara
490 1680 522 1737 in
554 1679 746 1752 possessione
777 1693 832 1735 sua
856 1677 1075 1750 Zthaynewecz
1099 1681 1216 1749 vocata,
1240 1693 1296 1752 per
1318 1677 1518 1735 Benedictum

248 1783 446 1862 jobagionem
476 1801 568 1844 suum
591 1786 622 1842 in
645 1784 755 1842 eadem
779 1789 1033 1855 commorantem,
1058 1783 1246 1856 prescriptae
1269 1784 1388 1841 litteras
1412 1790 1442 1842 et
1466 1783 1518 1841 lit-

249 1891 359 1948 teralia
375 1907 429 1948 sua
446 1891 649 1949 instrumenta
664 1890 868 1947 exhibuerant
884 1904 920 1946 ac
936 1888 1080 1946 dediciis
1094 1886 1216 1964 judiciis
1232 1890 1327 1948 trium
1342 1907 1518 1950 marcarum

249 1996 385 2055 antefato
408 1997 540 2055 condam
573 1997 700 2054 domino
731 1995 876 2053 Michaeli
908 1995 1047 2068 palatino
1071 2001 1101 2052 et
1123 1995 1205 2068 parti
1228 1995 1358 2054 adverse
1381 1997 1518 2056 satisfac·

250 2109 355 2160 turum
378 2110 486 2160 contra
508 2108 717 2160 memoratum
741 2101 903 2159 dominum
928 2107 1068 2159 nostrum
1092 2116 1198 2174 regem
1222 2108 1361 2160 actorem
1384 2103 1423 2162 ad
1447 2121 1519 2179 pre·

250 2208 347 2267 dictas
379 2214 503 2266 octavas
534 2209 604 2266 festi
637 2209 719 2268 beati
749 2208 911 2266 Michaelis
934 2207 1111 2280 archangeli
1130 2208 1283 2281 legittime
1306 2216 1519 2286 evocaturum,

250 2313 334 2373 ideru
357 2315 489 2373 Michael
524 2315 682 2388 palatinus
712 2321 929 2388 comperuerat
960 2313 1130 2373 manifeste.
1165 2313 1211 2372 Ad
1236 2315 1442 2388 quasquidem
1466 2331 1517 2375 oc·

251 2427 337 2478 tavas
370 2420 441 2479 festi
471 2421 717 2496 Epiphaniarum
749 2421 868 2479 domini
902 2419 964 2496 jam
990 2419 1072 2478 fatus
1103 2421 1259 2504 Johannes
1283 2420 1458 2496 Hennyngh
1479 2424 1518 2482 de

249 2525 468 2585 Zomzedwara
491 2543 548 2601 per
563 2533 742 2584 annotatum
760 2527 945 2600 magistrum
968 2527 1141 2610 Johannem
1166 2527 1311 2602 Possgay‚
1328 2528 1515 2588 directorem

250 2648 413 2690 causarum
444 2633 518 2691 dicti
549 2631 667 2690 domini
697 2634 795 2690 nostri
825 2633 906 2706 regis
930 2634 1051 2707 actoriS,
1075 2633 1106 2690 in
1131 2649 1262 2707 persona
1284 2633 1423 2693 eiusdem
1447 2649 1518 2694 con·

249 2740 335 2811 gruis
357 2739 469 2796 diebus
492 2741 632 2812 ipsarum
656 2745 837 2796 octavarum
861 2754 967 2797 coram
991 2739 1074 2797 dicto
1098 2739 1226 2798 domino
1251 2741 1400 2799 Michaele
1427 2741 1512 2816 pala-

249 2846 313 2903 tino
336 2845 488 2917 legittime
503 2851 691 2919 expectatus,
709 2846 875 2918 premissas
891 2845 1010 2904 litteras
1027 2849 1057 2904 et
1080 2845 1227 2904 litteralia
1250 2862 1305 2905 sua
1329 2848 1516 2906 intrumenta

247 2951 442 3010 exhibiturus
476 2967 512 3008 ac
543 2951 582 3009 de
616 2950 706 3009 dictis
737 2950 860 3026 judiciis
883 2952 978 3010 trium
1004 2967 1181 3011 marcarum
1214 2959 1361 3012 annotato
1384 2954 1517 3012 condam

249 3057 376 3115 domino
393 3058 537 3115 Michaeli
553 3057 691 3131 palatino
715 3064 744 3114 et
767 3058 850 3131 parti
872 3057 1003 3116 adverse
1026 3059 1248 3132 satisfacturus
1270 3059 1408 3118 eiusdem
1431 3061 1515 3133 pala·

248 3163 304 3221 tini
336 3164 368 3221 in
399 3164 592 3238 presenciam
623 3178 685 3221 non
709 3169 836 3222 venerat
869 3179 970 3237 neque
1001 3164 1136 3236 miserat,
1167 3165 1219 3223 sed
1245 3181 1277 3222 se
1308 3165 1518 3223 mediantibus

248 3269 319 3327 aliis
350 3270 462 3328 litteris
496 3269 635 3328 eiusdem
661 3269 780 3328 domini
815 3270 946 3344 palatini
976 3271 1087 3328 exinde
1110 3269 1265 3340 confectis,
1296 3287 1354 3345 pro
1378 3286 1433 3328 sua
1455 3286 1516 3329 non

248 3376 404 3434 veniencia
426 3377 458 3433 in
480 3373 595 3450 judicio
611 3385 757 3434 consueto
773 3379 802 3433 et
818 3391 954 3449 pronon
971 3375 1129 3434 solucione
1145 3376 1300 3434 dictorum
1324 3373 1517 3451 judiciorum

248 3482 280 3539 in
303 3481 424 3555 dupplo
441 3482 624 3540 eorumdem
640 3483 806 3555 aggravari
823 3483 1014 3557 permiserat,
1032 3484 1192 3556 postulans
1209 3483 1347 3557 prefatus
1371 3485 1518 3557 magister

247 3588 411 3669 Johannes,
435 3588 569 3647 director
600 3605 761 3647 causarum
786 3591 883 3663 ipsius
907 3589 1024 3648 domini
1048 3591 1143 3648 nostri
1167 3591 1249 3662 regis
1272 3591 1391 3662 actoris,
1415 3590 1517 3649 eidem

248 3710 286 3752 ex
316 3707 405 3769 parte
435 3697 600 3754 memorati
631 3696 781 3778 Johannis
805 3696 988 3768 Hennyngh,
1012 3697 1044 3754 in
1067 3711 1192 3753 causam
1216 3697 1347 3767 attracti,
1370 3712 1427 3769 per
1447 3713 1516 3772 pre-

249 3799 347 3858 fatum
380 3801 542 3860 dominum
573 3801 757 3860 Michaelem
789 3802 962 3876 palatinum
992 3803 1024 3860 in
1054 3803 1213 3876 premissis
1243 3800 1321 3877 juris
1344 3803 1513 3875 equitatem

248 3907 381 3980 elargiri.
406 3909 442 3964 Et
466 3909 538 3980 quia
561 3907 644 3965 idem
667 3908 823 3989 Johannes
847 3907 1030 3990 Hennyngh,
1047 3909 1079 3967 in
1095 3923 1221 3965 causam
1241 3913 1398 3980 attractus,
1415 3907 1517 3966 adhuc

248 4011 289 4069 ad
313 4013 465 4085 premissa
489 4014 519 4070 in
543 4014 644 4071 tribus
668 4013 744 4070 foris
774 4014 1092 4086 comprovincialibus
1116 4015 1307 4087 proclamari
1329 4013 1396 4072 fore
1420 4013 1516 4072 debu·

248 4124 322 4187 erat,
347 4132 405 4192 pro
428 4134 464 4176 eo
496 4126 633 4177 vestram
657 4120 830 4177 amiciciam
854 4119 939 4177 idem
962 4119 1107 4178 dominus
1130 4121 1262 4178 Michael
1286 4121 1443 4193 palatinus
1466 4121 1517 4179 lit·

249 4225 392 4282 teratorie
423 4225 559 4298 pecierat
591 4225 765 4298 diligenter,
803 4230 953 4298 quatenus
989 4231 1128 4282 vestrum
1161 4226 1324 4283 mitteretis
1356 4226 1515 4285 hominem

249 4346 306 4402 pro
330 4331 506 4389 testimonio
530 4331 732 4404 fidedignum,
750 4347 812 4404 quo
829 4336 979 4404 presente,
995 4332 1090 4388 homo
1114 4347 1188 4389 suus
1203 4329 1284 4388 infra
1301 4330 1514 4404 declarandus,

248 4441 455 4495 memoratum
479 4437 653 4521 Johannem
669 4439 708 4495 de
732 4437 950 4495 Zomzedwara
974 4437 1163 4510 prescriptas
1179 4437 1299 4494 litteras
1322 4445 1352 4494 et
1368 4437 1516 4496 litteralia

248 4557 303 4599 sua
327 4544 531 4602 instrumenta
563 4544 776 4602 exhibiturum
808 4559 843 4600 ac
867 4544 905 4600 de
928 4541 1051 4618 judiciis
1075 4543 1170 4600 trium
1195 4555 1372 4600 marcarum
1395 4541 1516 4616 prelato

246 4648 372 4707 domino
396 4649 541 4707 Michaeli
563 4649 701 4723 palatino
724 4657 753 4706 et
778 4650 859 4724 parti
882 4648 1012 4707 adverse
1035 4646 1265 4706 satisfacturum
1287 4653 1395 4706 contra
1419 4664 1514 4706 anno·

247 4760 347 4812 tatum
371 4755 535 4814 dominum
550 4763 692 4814 nostrum
709 4771 814 4828 regem
831 4761 968 4813 actorem
984 4754 1024 4812 ad
1040 4761 1166 4812 octavas
1189 4753 1259 4812 festi
1282 4755 1366 4812 beati
1389 4753 1516 4828 Georgii

248 4861 393 4932 martiris,
418 4867 489 4919 tunc
525 4869 678 4932 venturas
703 4864 733 4920 in
758 4862 856 4919 tribus
892 4860 967 4919 foris
996 4861 1312 4934 comprovincialibus
1335 4860 1463 4933 publice
1485 4867 1516 4918 et

248 4965 410 5024 manifeste
434 4969 532 5041 ipsius
556 4967 688 5025 condam
713 4967 833 5025 domini
852 4967 1010 5024 Michaelis
1033 4967 1163 5040 palatini
1187 4966 1300 5024 faceret
1325 4967 1516 5040 proclamari

248 5071 278 5130 in
312 5075 512 5146 presenciam,
536 5072 720 5131 insinuando
743 5072 861 5129 ibidem
892 5071 1002 5143 eidem,
1027 5079 1060 5129 ut
1084 5073 1109 5129 si
1134 5073 1252 5131 veniret
1274 5077 1304 5131 et
1328 5071 1519 5147 prescriptas¹

1408 5171 1426 5210 a
