3932 5806
721 508 796 610 Dor.
820 559 889 620 219.
912 579 954 588 -
978 547 1034 604 Aa.
1058 541 1147 624 146r.
1503 565 1563 625 279

299 763 412 820 nostris
443 763 621 837 patentibus
651 763 744 824 inseri
775 761 929 834 facientes,
962 761 1079 820 eisdem
1109 759 1213 838 judici,
1235 759 1344 837 juratis
1367 769 1398 821 et
1422 763 1493 822 aliis
1515 781 1564 823 su·

299 868 449 942 predictis
472 869 546 927 dare
569 869 769 942 dignaremur
798 867 875 944 juris
899 869 1041 941 ipsorum
1071 867 1111 927 ad
1144 870 1309 928 cautelam.
1341 869 1565 943 Cuiusquidem

300 974 440 1032 clausule
462 991 516 1033 seu
540 976 663 1034 articuli
696 975 834 1034 verbalis
864 975 1054 1032 continencia
1084 974 1123 1032 de
1153 976 1252 1033 verbo
1284 975 1324 1032 ad
1355 976 1488 1034 verbum
1519 991 1565 1033 se·

300 1081 406 1154 quitur
435 1087 465 1139 et
497 1087 543 1140 est
572 1083 660 1142 talis:
693 1082 822 1155 Insuper
844 1095 952 1138 omnes
975 1087 1005 1138 et
1027 1081 1142 1153 singuli
1172 1081 1255 1139 cives
1286 1082 1456 1154 civitatum,
1488 1097 1565 1156 quas

300 1186 338 1244 de
360 1201 444 1245 novo
473 1190 655 1260 creavimus,
679 1189 855 1260 quibusque
887 1179 1019 1244 aliarum
1043 1186 1204 1244 civitatum
1232 1188 1446 1246 constituimus
1469 1188 1565 1246 liber·

300 1298 385 1364 tates,
409 1295 436 1352 si
456 1297 494 1354 de
516 1293 653 1370 judicatu
678 1300 708 1365 et
730 1295 884 1352 sentencia
907 1291 1047 1369 judicum
1067 1299 1097 1351 et
1118 1291 1293 1368 juratorum
1315 1309 1442 1352 suorum
1459 1293 1565 1352 nolue-

301 1399 363 1458 rint
393 1402 570 1472 contentari,
603 1400 642 1459 ad
678 1401 768 1458 illam
799 1401 956 1458 civitatem
986 1400 1072 1458 cuius
1100 1399 1244 1458 libertate
1267 1399 1415 1473 fungitur,
1449 1399 1565 1458 autad

302 1507 488 1579 magistrum
520 1507 781 1566 tbawarnicorum
812 1513 990 1565 nostrorum
1022 1505 1146 1592 vmeant
1177 1506 1348 1582 appellare,
1379 1507 1422 1564 ita
1453 1511 1564 1572 tamen.

301 1611 385 1688 quod
408 1619 575 1688 postquam
600 1615 784 1688 magistrum
801 1613 1062 1671 thawarnicorum
1084 1613 1240 1686 elegerint,
1264 1612 1304 1671 ad
1326 1610 1444 1688 judices
1468 1619 1497 1670 et
1519 1610 1565 1688 ju-

299 1725 384 1776 ratos
407 1735 565 1778 recurrere
588 1734 649 1778 non
673 1719 809 1791 valeant,
832 1734 889 1776 nec
912 1735 929 1776 e
952 1726 1057 1778 contra
1081 1718 1121 1777 ad
1144 1719 1268 1777 nullum
1291 1719 1433 1790 ulterius,
1457 1719 1565 1776 nisisi

300 1839 379 1898 opus
402 1824 503 1895 fuerit,
527 1826 568 1884 ad
591 1827 784 1901 presenciam
808 1831 946 1884 nostram
970 1825 1167 1899 personalem
1190 1825 1367 1899 appellacio
1382 1825 1480 1900 possit
1496 1805 1565 1883 fieri

301 1931 414 2004 quovis
437 1930 539 1990 modo.
566 1963 601 1971 —
630 1931 692 1989 Nos
715 1932 810 2005 igitur
831 1929 920 2006 justis
951 1938 981 1988 et
1003 1929 1206 2006 juriconsonis
1236 1931 1441 2005 peticionibus
1472 1945 1565 1989 anno·

301 2042 436 2094 tatorum
461 2037 583 2096 Nicolai
605 2038 732 2095 sartoris
756 2048 785 2094 et
809 2037 958 2094 Demetrii
982 2035 1156 2112 juratorum
1179 2037 1296 2095 civium
1319 2035 1400 2094 dicte
1431 2037 1564 2095 civitatis

271 2121 412 2202 'montis
435 2143 596 2202 Grecensis
619 2145 733 2202 suiset
757 2159 891 2217 quorum
913 2159 1008 2216 supra
1031 2143 1209 2202 nominibus
1233 2142 1273 2200 ad
1295 2158 1351 2202 nos
1375 2142 1473 2214 iactis,
1491 2159 1560 2217 pre·
1605 2166 1610 2173 ·

299 2251 427 2308 missam
450 2250 624 2308 clausulam
648 2265 702 2307 seu
733 2249 901 2308 articulum
931 2266 970 2308 ex
992 2251 1153 2324 premissis
1176 2249 1287 2308 litteris
1311 2249 1563 2323 privilegialibus

299 2357 436 2416 annotati
459 2356 590 2415 condam
615 2356 733 2414 domini
756 2354 946 2428 Sigismundi
969 2357 1050 2428 regis
1074 2362 1128 2414 etc.
1158 2356 1353 2430 presentibus
1375 2356 1487 2414 litteris
1510 2369 1563 2412 no·

299 2464 370 2520 stris
394 2463 571 2537 patentibus
602 2463 695 2520 inseri
725 2477 761 2519 ac
793 2461 831 2519 de
864 2462 961 2519 verbo
985 2462 1024 2518 ad
1052 2462 1186 2520 verbum
1209 2462 1274 2520 sine
1304 2461 1512 2520 diminucione
1535 2467 1565 2519 et

299 2575 465 2642 augmento
487 2569 618 2642 aliquali
634 2569 818 2627 transummi
841 2573 871 2626 et
894 2568 1068 2640 transcribi,
1084 2567 1251 2642 sigilloque
1266 2573 1372 2627 nostro
1388 2561 1569 2640 consignari

299 2675 453 2748 iacientes,
470 2674 588 2733 eisdem
610 2672 714 2750 judici,
735 2674 853 2751 juratis,
877 2675 1060 2733 consiliariis
1083 2689 1119 2732 ac
1141 2675 1294 2732 universis
1317 2674 1438 2732 civibus
1462 2679 1492 2732 et
1508 2674 1565 2732 toti

299 2782 513 2841 communitati
538 2781 618 2839 dicte
635 2782 769 2839 civitatis
792 2781 907 2838 montis
923 2780 1084 2840 Grecensis
1101 2780 1247 2838 duximus
1262 2779 1472 2839 concedendas
1487 2778 1564 2856 juris

299 2889 440 2962 ipsorum
463 2887 502 2946 ad
524 2887 685 2945 cautelam.
717 2888 832 2946 Datum
862 2887 938 2945 feria
962 2891 1072 2959 quarta
1095 2887 1238 2960 proxima
1261 2892 1332 2960 post
1356 2885 1470 2944 testum
1492 2885 1564 2943 bea·

299 2999 403 3053 torum
426 2994 555 3052 Fabiani
579 3001 610 3051 et
633 2992 805 3052 Sebastiani
829 2994 1001 3051 martirum.
1038 2994 1128 3050 Anno
1151 2992 1270 3051 domini
1294 2992 1463 3050 millesimo
1488 3006 1563 3065 qua·

299 3099 542 3173 dringentesimo
567 3101 760 3172 sexagesimo
784 3099 894 3173 primo.

403 3287 538 3351 Originale
557 3289 584 3336 in
603 3286 699 3344 charta,
717 3304 732 3336 a
752 3294 823 3351 tergo
843 3287 979 3350 vestigium
1000 3285 1137 3350 imppressi
1156 3285 1244 3349 sigilli.
1268 3287 1300 3334 In
1319 3287 1385 3336 arch,
1402 3285 1463 3336 incl.
1479 3286 1563 3338 Acad.

298 3377 393 3426 Scient.
414 3375 512 3426 Slavor.
534 3376 621 3426 merid.

900 3661 981 3726 219.

403 3855 483 3904 Anno
507 3855 580 3917 1461,
602 3855 625 3906 8.
645 3855 714 3905 maii.
736 3854 882 3918 Zagrabiae.

404 3984 578 4052 Camarina,
603 3983 729 4041 viduata
753 3989 854 4042 morte
876 3983 985 4056 Ulrici,
1009 3984 1130 4042 comitis
1153 3983 1258 4054 Ciliae‚
1281 3983 1414 4066 Johanni
1434 3983 1564 4042 Vitovec

297 4091 404 4149 comiti
434 4089 590 4162 Zagoriae,
620 4105 739 4148 necnon
768 4091 856 4163 regni
887 4089 1051 4148 Slavoniae
1082 4091 1163 4147 bano
1195 4096 1226 4147 et
1255 4089 1386 4147 strenuis
1409 4088 1563 4147 militibus

297 4195 497 4269 Sigismundo
525 4201 555 4253 et
585 4195 755 4254 Balthasari
786 4196 935 4254 iratribus
965 4197 1093 4254 uterinis
1132 4195 1170 4252 de
1200 4195 1405 4270 Weyspriach
1444 4195 1563 4254 62.ooo

297 4301 364 4360 ilor.
388 4302 495 4360 vendit
527 4302 631 4359 omnia
662 4301 779 4375 oppida
809 4307 902 4375 atque
934 4303 1071 4360 dominia
1101 4303 1133 4360 in
1162 4316 1258 4374 regno
1296 4301 1445 4374 Croatiae,
1485 4316 1564 4376 quae

298 4409 420 4483 pignori
436 4409 563 4484 accepit,
588 4408 755 4482 praecipue
778 4409 937 4466 civitatem
961 4409 1074 4466 montis
1091 4407 1253 4466 Grecensis
1266 4405 1352 4483 juxta
1368 4406 1562 4479 Zagrabiam.

403 4597 512 4648 Docum.
532 4597 623 4660 integr.
649 4596 731 4646 edidit
755 4597 793 4646 Iv.
819 4595 989 4661 Kukuljevid.
1011 4595 1097 4645 Arkiv
1115 4611 1145 4644 aa
1164 4595 1273 4660 povjest.
1289 4593 1417 4658 jugoslav.
1436 4594 1490 4658 lrnj.
1509 4595 1562 4646 111.

298 4703 355 4751 pag.
376 4697 419 4748 99.
439 4701 477 4734 nr.
497 4685 580 4735 XXI.
