3804 5858
669 571 742 632 Dor.
760 566 837 648 346.
866 605 903 616 —
928 565 1099 648 An.1487.
1453 590 1515 648 449

249 787 457 856 zagrabiensis
493 785 569 846 feria
604 789 698 846 tercia
734 785 878 860 proxima
912 795 982 844 ante
1016 783 1130 846 testum
1165 783 1394 860 purificacionis
1427 787 1517 846 beate

248 893 345 952 itarie
368 891 498 965 virginis
520 893 552 952 in
568 907 648 952 anno
664 891 784 950 domini
799 890 969 950 millesimo
984 889 1289 966 quadringentesimo
1305 893 1516 964 octuagesimo

248 999 353 1073 primo
376 1003 540 1068 transacto,
556 997 748 1072 preteritum,
772 995 812 1054 de
833 995 962 1070 speciali
986 996 1203 1056 commissione
1226 1001 1257 1056 et
1280 997 1426 1056 mandato
1442 997 1517 1060 dicti

248 1103 367 1162 domini
390 1105 489 1164 nostri
511 1094 592 1178 regis
616 1093 716 1178 prope
734 1101 892 1162 civitatem
908 1101 1141 1175 zagrabiensem
1159 1116 1214 1175 per
1229 1101 1356 1164 eosdem
1372 1102 1515 1164 dominos

247 1209 432 1268 Michaelem
457 1209 630 1283 palatinum
654 1213 684 1266 et
707 1208 853 1266 comitem
878 1206 1070 1280 Stephanum
1089 1207 1254 1278 celebrata,
1286 1207 1419 1266 condam
1449 1224 1515 1270 ma·

207 1355 227 1379 .
248 1316 344 1388 gister
366 1315 522 1396 Johannes
545 1313 692 1387 Posegay,
709 1314 787 1372 alias
810 1313 945 1374 director
969 1329 1132 1372 causarum
1151 1312 1264 1388 prefati
1281 1313 1400 1373 domini
1417 1315 1515 1374 nostri

247 1423 337 1494 regis,
360 1421 391 1482 in
423 1436 555 1496 persona
585 1419 725 1480 eiusdem
757 1419 795 1478 de
826 1419 931 1478 medio
961 1420 1097 1478 aliorum
1127 1434 1279 1492 exurgens
1310 1425 1515 1493 proposuerat

140 1579 143 1586 .
247 1541 284 1586 eo
307 1526 417 1587 modo:
446 1523 606 1600 quomodo
637 1525 846 1600 possessiones
878 1525 1050 1596 Kralowca‚
1073 1524 1203 1596 eherye,
1227 1524 1403 1598 Kobylyak,
1426 1523 1514 1599 Swy-

247 1632 397 1705 blyanet
420 1632 519 1692 Narth
543 1637 659 1704 vocate,
683 1633 809 1690 omnino
829 1631 862 1692 in
877 1631 960 1690 dicto
976 1631 1126 1692 comitatu
1141 1631 1333 1703 zagrabiensl
1350 1631 1514 1692 existentes

247 1745 278 1796 et
301 1739 417 1813 habite,
440 1737 480 1798 ad
511 1739 669 1798 civitatem
697 1753 787 1796 suam
816 1738 955 1810 regalem
986 1738 1101 1796 montis
1124 1735 1285 1796 Grecensis
1316 1737 1512 1812 pertinerent,

247 1859 324 1916 quas
346 1861 428 1904 nunc
449 1845 634 1904 honorabile
657 1844 831 1918 capitulum
854 1843 982 1902 ecclesie
1005 1843 1213 1916 zagrabiensis
1243 1847 1361 1904 teneret
1390 1847 1420 1902 et
1443 1857 1513 1902 con·

246 1957 392 2022 servaret,
417 1967 552 2026 quarum
577 1950 765 2010 detensionis
788 1956 819 2008 et
842 1949 1088 2008 conservacionis
1118 1949 1276 2008 racionem
1308 1950 1386 2008 scire
1416 1949 1513 2008 vellet

247 2055 288 2114 ab
312 2057 378 2130 ipse
402 2057 542 2130 capitulo
564 2055 633 2134 jure
655 2057 844 2116 admittente.
874 2055 944 2130 Quo
967 2055 1073 2114 audito
1100 2054 1270 2128 Gregorius
1299 2047 1444 2114 Petrotha
1473 2054 1512 2114 de

152 2153 154 2157 ⁴
245 2161 462 2235 Dedynarelra‚
486 2178 545 2238 pro
574 2161 698 2238 prefato
728 2162 866 2237 capitulo
886 2162 1014 2220 ecclesie
1037 2161 1245 2234 zagrabiensis
1268 2176 1340 2234 cum
1364 2175 1512 2234 procura·

245 2267 639 2329 torii=slitteris1eiusdem'
668 2270 700 2327 in
732 2266 915 2328 eorumdem
945 2263 1146 2326 dominorum
1180 2266 1313 2326 condam
1346 2265 1507 2326 Michaelis

245 2373 376 2448 palatini
408 2380 445 2433 et*
463 2375 586 2434 comitis
620 2373 770 2450 Stephani
804 2387 956 2446 exurgens
989 2373 1190 2448 presenciam,
1223 2371 1426 2446 responderat
1449 2371 1509 2432 tali

245 2479 356 2538 modo:
395 2479 480 2553 quod
511 2467 682 2556 prescripte
717 2482 925 2554 possessiones
960 2479 1132 2551 Kralowcr,
1163 2477 1293 2551 Cherye‚
1330 2472 1522 2552 Kobylyak,'
1584 2483 1587 2486 ’

244 2584 394 2658 Swyblya
415 2585 447 2644 e't
470 2583 571 2645 Narth
592 2590 702 2663 vocate
724 2585 826 2646 eidem
842 2587 981 2661 capitulo
998 2585 1191 2665 aagrabieusi
1209 2585 1317 2658 vigore
1333 2581 1509 2644 efficacium

243 2691 419 2750 litterarum
452 2697 484 2752 et
517 2692 703 2750 litteralium
736 2693 1013 2752 instrumentorum
1050 2691 1247 2764 pertinerent,
1281 2705 1358 2765 quas
1393 2693 1538 2766 etque..

243 2795 327 2856 idern
357 2797 532 2878 capitulum
562 2813 625 2857 non
654 2797 694 2856 ad
726 2803 807 2872 tunc,
838 2797 947 2858 sedin
978 2797 1110 2858 termino
1133 2796 1274 2855 ulteriori
1299 2811 1355 2868 per
1378 2793 1505 2854 eosdem

243 2901 385 2962 dominos
418 2903 553 2964 'condam
588 2905 772 2964 Michaelem
795 2905 969 2979 palatinum
1004 2909 1035 2961 et
1058 2903 1206 2962 comitem
1228 2901 1422 2978 Stephanum
1445 2900 1507 2962 sibi
1583 2947 1587 2954 .

245 3007 360 3082 dando,
384 3025 456 3068 curn
479 3011 660 3084 gravamus
683 3015 839 3079 consveto,
861 3011 892 3070 in
908 3010 994 3070 curia
1009 3009 1094 3084 regia
1121 3023 1225 3068 coram
1250 3007 1358 3066 eodem
1376 3005 1508 3066 condam

243 3113 370 3174 domino
395 3116 548 3174 Michaele
572 3117 711 3191 palatino
735 3115 907 3190 producere
930 3120 961 3174 et
983 3116 1131 3174 exhibere
1154 3117 1339 3188 promptum
1356 3111 1463 3170 fuisset
1479 3118 1510 3170 et

243 3231 403 3294 paratum;
427 3237 485 3296 pro
508 3237 544 3280 eo
566 3221 663 3282 iidem
685 3222 805 3282 domiui
830 3221 965 3282 Michael
988 3221 1145 3294 palatinus
1167 3225 1198 3280 et
1214 3234 1318 3278 comes
1334 3216 1508 3291 Stephanus

242 3326 301 3385 hiis
322 3328 476 3402 perceptis
498 3326 669 3404 judicantes
692 3328 911 3386 commiserant
927 3342 963 3386 eo
979 3326 1083 3398 modo,
1099 3332 1133 3384 ut
1149 3324 1320 3386 antefatum
1335 3322 1508 3398 capitulum

241 3433 369 3492 ecclesie
390 3435 599 3506 zagrabiensis
628 3433 681 3492 vel
711 3423 895 3508 procurator
917 3433 1055 3492 eiusdem
1075 3432 1247 3505 legittimus
1271 3429 1431 3488 universas
1454 3427 1505 3486 lit·

241 3543 322 3596 teras
344 3544 375 3598 et
397 3539 544 3616 litteralia
567 3539 622 3598 s'ua
644 3540 860 3612 instrumenta,
883 3539 910 3598 si
933 3554 1010 3614 quas
1033 3543 1063 3597 et
1095 3553 1155 3612 que
1185 3537 1218 3596 in
1241 3535 1323 3596 tacto
1353 3537 1507 3610 prescrip·

241 3650 343 3702 tarum
368 3645 599 3718 possessionum
622 3660 681 3719 pro
703 3661 736 3702 se
759 3645 889 3704 haberet
912 3643 1066 3704 confectas
1099 3647 1130 3702 et
1152 3648 1296 3702 emanata
1326 3646 1359 3701 in
1389 3643 1507 3702 octavis

240 3748 309 3808 testi
332 3750 415 3810 beati
446 3749 574 3824 Georgii
604 3751 750 3820 martiris,
775 3755 847 3814 tuno
879 3751 1026 3822 venturis,
1050 3751 1081 3810 in
1105 3749 1187 3809 dicta
1212 3749 1297 3806 curia
1321 3749 1405 3822 regia
1433 3763 1506 3806 cum

242 3855 426 3929 deponendo
456 3853 572 3931 judicio
604 3857 705 3938 trium
730 3871 907 3914 marcarum
939 3871 1045 3914 coram
1078 3854 1201 3930 pretato
1224 3854 1356 3914 condam
1381 3853 1508 3912 domino

241 3961 393 4020 Michaele
417 3961 557 4035 palatino
580 3947 753 4036 producere¹
775 3967 806 4022 et
828 3962 975 4022 exhibere
998 3961 1126 4020 deberet
1156 3967 1186 4020 et
1217 3965 1372 4020 teneretur
1396 3964 1508 4019 contra

239 4072 376 4125 actorem
402 4073 609 4142 prenotatum,
633 4074 667 4125 ut
689 4068 749 4126 hiis
780 4069 864 4140 visis,
895 4067 979 4126 idern
1010 4067 1156 4126 dominus
1188 4066 1321 4126 Michael
1351 4065 1508 4140 palatinus

238 4171 389 4248 judicium
413 4181 443 4231 et
465 4170 619 4247 justiciam
644 4173 745 4232 iacere
770 4174 889 4232 valeret
911 4175 992 4232 inter
1007 4179 1111 4247 partes
1132 4175 1163 4232 in
1187 4173 1347 4247 premissis
1371 4171 1506 4230 dictante

238 4275 315 4353 juris
338 4279 482 4351 equitate.
506 4277 587 4352 Quia
610 4285 714 4338 autem
736 4278 876 4354 prefatus
891 4286 1074 4355 procurator
1090 4280 1164 4338 dicti
1180 4279 1319 4353 capituli,
1334 4279 1366 4338 in
1382 4292 1507 4336 causam

239 4383 369 4454 attracti,
402 4384 434 4442 in
468 4398 601 4460 persona
634 4385 774 4444 eiusdem
807 4386 1016 4460 prescriptum
1035 4383 1187 4461 judicium
1210 4385 1307 4442 trium
1328 4398 1506 4442 marcarum

239 4488 356 4547 eisdem
391 4488 526 4548 dominis
560 4490 692 4548 condam
728 4491 875 4549 Michaeli
909 4490 1048 4566 palatino
1084 4495 1114 4548 et
1148 4491 1255 4549 comiti
1287 4489 1444 4565 Stephano
1467 4488 1506 4546 de

239 4593 361 4667 Bethor,
385 4596 530 4672 partique
552 4596 683 4656 adverse
704 4596 915 4674 persolvisset,
940 4597 1010 4655 ideo
1032 4596 1127 4656 iidem
1152 4596 1271 4656 domini
1293 4595 1426 4658 Michael
1450 4609 1505 4668 pa·

237 4699 353 4758 latinus
387 4709 418 4760 et
453 4718 558 4760 comes
588 4701 764 4777 Stephanus
794 4703 899 4778 ipsum
930 4703 1103 4776 capitulum
1138 4702 1266 4762 ecclesie
1297 4701 1504 4775 zagrabiensis

239 4821 334 4880 super
367 4807 527 4866 solucione
562 4808 638 4866 dicti
679 4808 786 4885 judicii
821 4809 961 4882 quietum
1001 4807 1208 4868 reddidissent
1249 4813 1279 4866 et
1315 4807 1503 4882 expeditum.

238 4910 361 4985 Quibus
383 4913 511 4974 tandem
536 4915 655 4973 octavis
677 4914 750 4974 festi
772 4915 856 4974 beati
879 4913 1008 4988 Georgii
1031 4915 1169 4974 martiris
1192 4913 1386 4984 instantibus,
1419 4919 1503 4972 ante·

237 5016 338 5076 tatum
363 5020 536 5094 capitulum
568 5021 695 5080 ecclesie
725 5021 934 5095 zagrabiensis
965 5037 1022 5096 per
1053 5022 1223 5080 antelatum
1247 5018 1382 5078 condam
1405 5018 1503 5091 magi-

1404 5139 1442 5199 29
