3930 5802
428 551 487 612 142
846 535 919 592 Dor.
943 547 1009 612 114.
1035 565 1075 578 -
1096 533 1155 592 An.
1179 530 1270 612 1438.

425 748 544 807 litteras
567 764 683 820 eorum,
714 749 775 824 ipsi
798 749 980 821 Wiihelmo,
1005 749 1088 824 quod
1112 749 1151 808 de
1173 749 1333 824 premissis
1363 751 1456 808 maiis
1486 750 1687 824 supersedere

424 855 572 930 amplius,
596 855 694 914 aede
718 855 870 930 dampnis,
894 854 1014 932 injuriis
1037 862 1067 914 et
1088 856 1281 914 nocumentis
1305 855 1394 914 dictis
1423 857 1545 915 civibus
1578 857 1685 928 illatis,

425 961 641 1020 omnimodam
664 960 908 1021 satisfaccionem
942 962 1122 1037 impendere
1156 963 1321 1032 debuisset,
1357 962 1548 1034 direxissent,
1584 969 1688 1022 tamen

423 1067 484 1140 ipsi
506 1065 625 1126 domini
647 1067 774 1125 comites
800 1068 932 1126 sabatho
956 1069 1100 1142 proximo
1124 1073 1193 1126 ante
1224 1068 1337 1126 festum
1362 1068 1538 1127 Natiuitatis
1570 1067 1689 1126 domini

422 1173 566 1246 proxime
590 1173 780 1248 preteritum,
803 1173 842 1230 ad
867 1173 1051 1247 peticionem
1086 1174 1224 1232 eiusdem
1267 1173 1440 1246 Wilhelmi,
1476 1174 1514 1232 de
1545 1174 1690 1248 Crapyna

423 1278 646 1353 quinquaginta
671 1279 747 1337 duos
770 1287 907 1338 armatos
929 1296 1028 1354 usque
1050 1279 1090 1338 ad
1113 1281 1203 1352 talos,
1228 1296 1286 1355 pro
1308 1281 1456 1353 subsidio,
1479 1296 1600 1339 aenon
1623 1295 1688 1338 mo·

418 1385 525 1446 dicam
560 1393 718 1444 catervam
753 1385 894 1459 peditum
925 1392 1120 1445 armatorum
1155 1387 1256 1445 eidem
1292 1385 1467 1445 Wiihelmo
1490 1387 1530 1446 ad
1568 1387 1686 1446 dictum

422 1499 558 1552 castrum
582 1493 701 1552 Medwe
723 1494 973 1565 transmisissent,
996 1509 1068 1552 cum
1093 1495 1207 1567 quibus
1229 1495 1296 1568 ipse
1325 1493 1517 1552 Wilhelmus
1548 1498 1579 1551 et
1613 1492 1683 1550 aliis

423 1614 519 1671 quam
542 1599 688 1673 pluribus
710 1599 775 1656 suis
798 1599 926 1658 armatis
949 1605 980 1656 et
1002 1599 1080 1657 alias
1103 1599 1250 1672 acqusitis
1273 1599 1468 1658 thewtunicis
1500 1597 1683 1669 latronibus

416 1705 582 1778 signanter
604 1711 708 1764 autem
732 1721 804 1763 cum
827 1705 893 1763 illis
916 1703 1088 1763 Colomano
1123 1705 1360 1778 Trakenbergar
1393 1721 1429 1764 ac
1462 1705 1622 1786 Jeronimo
1658 1708 1688 1761 et

422 1810 558 1884 Georgio
581 1811 664 1882 Pers,
685 1826 803 1870 necnon
826 1812 959 1869 Martino
995 1811 1062 1870 filio
1096 1811 1234 1870 Ladislai
1256 1811 1296 1870 de
1331 1812 1466 1870 Goricha
1501 1817 1532 1870 et
1566 1811 1688 1868 Thoma

421 1917 633 1991 Koposunych
655 1925 686 1974 et
707 1917 777 1974 aliis
810 1917 1058 1990 quampluribus,
1082 1932 1121 1974 err
1141 1917 1359 1976 commissione
1381 1923 1412 1976 et
1442 1916 1589 1976 mandato
1624 1915 1687 1974 dic-

421 2029 526 2081 torum
549 2023 748 2082 dominorum
771 2023 930 2096 comitum,
955 2021 1153 2082 dominorum
1177 2037 1318 2095 suorum,
1338 2022 1415 2082 feria
1445 2022 1580 2082 secunda
1615 2028 1689 2086 ante,

420 2129 596 2203 predictum
620 2129 733 2188 festum
756 2129 869 2188 natalis
892 2129 1026 2199 Domini,
1051 2130 1115 2186 iam
1137 2129 1175 2187 de
1198 2144 1280 2188 noro
1311 2129 1462 2204 elapsum,
1487 2145 1574 2188 more
1597 2145 1683 2186 exer·

421 2236 526 2294 cituali
549 2235 589 2294 ad
613 2236 723 2294 valvas
744 2239 774 2294 et
797 2243 903 2308 portas
926 2234 1007 2294 dicte
1030 2236 1166 2294 civitatis
1189 2236 1392 2310 personaliter
1417 2236 1551 2307 veniens,
1568 2235 1685 2308 ipsam·

420 2357 481 2415 que
504 2341 660 2399 ciuitatem
684 2356 863 2415 expugnare
889 2342 1077 2413 machinans,
1100 2341 1266 2408 nonnullos
1289 2356 1399 2414 greges
1428 2341 1526 2400 boum
1549 2347 1580 2398 et
1614 2355 1684 2416 pec·

418 2461 529 2504 corum
553 2445 671 2504 auferri
693 2449 724 2504 et
746 2445 787 2504 ad
810 2446 928 2504 dictum
951 2453 1089 2504 castrum
1110 2447 1231 2506 Medwe
1254 2446 1366 2505 deduci
1388 2452 1418 2505 et
1449 2445 1574 2522 depelli,
1608 2459 1684 2504 non·

418 2552 587 2626 nullosque
608 2552 749 2610 homines
773 2556 803 2609 et
818 2551 902 2609 cives
925 2567 961 2608 ac
982 2552 1172 2610 habitatores
1197 2551 1277 2610 dicte
1300 2551 1434 2610 civitatis
1468 2551 1621 2624 captivari
1654 2557 1685 2609 et

420 2657 546 2716 tandem
569 2651 743 2728 vulnera‘ri;
768 2657 938 2716 ultimatim
961 2659 1116 2731 impetum
1140 2673 1289 2731 magnum
1319 2659 1351 2716 in
1381 2659 1466 2732 ipsos
1497 2658 1580 2716 cives
1611 2673 1682 2716 cum

419 2764 565 2838 clangore
587 2763 790 2822 buccinarum
821 2777 908 2822 more
939 2764 1120 2822 exercituali
1152 2763 1229 2836 fieri,
1263 2764 1370 2838 ibique
1404 2764 1609 2838 quamplures
1645 2779 1684 2822 ex

418 2869 535 2928 eisdem
559 2868 772 2927 crudelissima
798 2875 897 2926 morte
917 2869 1047 2928 interfici
1071 2876 1101 2926 et
1131 2869 1162 2927 in
1195 2867 1369 2926 multorum
1402 2869 1583 2942 sanguinem
1614 2869 1680 2928 lan·

418 2991 487 3034 ceas
510 2989 581 3033 suas
604 2979 634 3034 et
656 2989 793 3046 suorum,
816 2989 852 3032 ac
875 2973 998 3048 gladios
1021 2980 1052 3032 et
1073 2973 1255 3034 durissimas
1286 2975 1414 3048 sagittas
1446 2975 1610 3046 inebriare,
1651 2979 1682 3033 et

418 3082 526 3156 plures
549 3081 729 3140 vulneratos
752 3081 904 3154 captivari
926 3085 957 3139 et
979 3087 1096 3154 captos,
1113 3081 1217 3154 ligatis
1239 3096 1257 3139 a
1280 3087 1368 3154 tergo
1390 3080 1536 3139 manibus
1568 3087 1599 3139 et
1621 3081 1680 3140 sub

418 3188 506 3260 equis
534 3187 677 3262 pedibus
700 3187 739 3244 ad
764 3186 882 3246 dictum
904 3195 1038 3245 castrum
1060 3187 1180 3246 Medwe
1202 3186 1313 3246 deduci
1336 3186 1457 3246 lecisset
1479 3191 1510 3246 et
1539 3187 1679 3262 captivos

418 3298 534 3353 teneret
558 3295 657 3354 eciam
681 3293 719 3352 de
743 3295 887 3368 presenti,
912 3311 950 3352 ex
973 3295 1088 3368 quibus
1108 3295 1235 3367 triginta
1258 3295 1311 3353 vel
1342 3295 1449 3368 plures
1482 3291 1547 3370 jam
1578 3294 1681 3370 perhi-

417 3401 531 3460 bentur
555 3401 700 3473 defuncti,
723 3401 865 3475 potencia
899 3400 1064 3472 mediante,
1088 3401 1119 3459 in
1141 3401 1349 3475 preiudicium
1373 3401 1454 3460 dicte
1476 3401 1610 3460 civitatis
1632 3415 1679 3458 re·

417 3507 496 3582 galis
519 3523 556 3566 ae
578 3508 667 3580 regni
689 3513 721 3564 et
742 3505 915 3580 dampnum
947 3506 1129 3567 eorumdem
1153 3507 1246 3565 valde
1280 3522 1441 3579 magnum,
1474 3507 1591 3564 Datum
1625 3505 1680 3564 Za·

416 3613 524 3686 grabie
547 3613 624 3671 seria
646 3619 732 3671 sexta
755 3613 900 3687 proxima
922 3619 992 3672 ante
1008 3613 1120 3671 festum
1137 3613 1367 3672 Purificacionis
1383 3613 1512 3687 virginis
1537 3613 1680 3686 gloriose.

415 3719 506 3776 Anno
529 3718 647 3778 domini
670 3718 839 3776 millesimo
861 3718 1165 3793 quadringentesimo
1187 3719 1343 3777 tricesimo
1366 3725 1484 3777 octavo.

520 3867 751 3936 1v.Kukuljevie.
775 3871 862 3922 Arkiv
886 3887 916 3921 za
941 3871 1103 3938 povjestnicu
1125 3871 1336 3937 jugoslavenslru,
1355 3871 1409 3938 iruj.
1428 3873 1480 3923 111.
1501 3878 1544 3921 str.
1565 3883 1678 3938 94-95.

1024 4118 1094 4188 114.

521 4279 601 4328 Anno
624 4279 698 4342 1438.
719 4289 760 4344 24.
779 4279 909 4332 februarii.
929 4280 1026 4332 Budas.

420 4405 524 4464 Coram
546 4405 666 4466 Alberto
688 4407 865 4480 Hungariae
886 4414 933 4465 etc.
956 4425 1029 4480 rege,
1061 4407 1185 4479 Ulmus,
1207 4426 1298 4468 comes
1326 4408 1432 4488 Cileae,
1455 4420 1484 4469 ct
1513 4413 1604 4486 legati
1633 4431 1678 4471 ca·

409 4513 502 4588 pituli
520 4520 548 4571 et
568 4514 776 4572 emmanitatis
798 4515 923 4572 ciuitatis
945 4516 1150 4586 assentiuntur,
1173 4523 1208 4573 ut
1227 4517 1264 4575 lis
1286 4516 1321 4576 de
1343 4519 1464 4596 injun'is
1487 4537 1506 4575 a
1538 4515 1677 4578 Wlhelnw

563 4621 719 4677 castellano
733 4621 827 4696 sactis
849 4619 896 4682 acl
915 4621 1031 4680 tabulae
1052 4621 1167 4680 barralis
1188 4623 1345 4682 arbitrium
1367 4626 1523 4699 referatur.

522 4763 586 4822 Nos
616 4765 766 4824 Albertus
797 4766 847 4825 dei
879 4767 983 4841 gracia
1010 4783 1065 4825 rex
1088 4767 1255 4841 Hungarie‚
1279 4768 1447 4842 Dalmacie,
1470 4768 1597 4828 Croacie
1620 4776 1676 4829 etc.

413 4869 599 4951 Austrieque
622 4877 652 4928 et
674 4869 766 4930 Stirie
788 4871 860 4946 dux,
883 4888 1000 4930 necnon
1024 4875 1162 4932 marchio
1185 4875 1330 4934 Morauie.
1354 4876 1503 4934 Memorie
1518 4890 1674 4936 commen·

414 4975 526 5034 damus
551 4993 606 5052 per
629 4985 794 5052 presentes,
826 4979 910 5054 quod
941 4977 1044 5036 fidelis
1074 4989 1178 5039 noster
1206 4981 1338 5040 illustris
1373 4983 1517 5057 princeps
1552 4983 1677 5043 Viricus
