3828 5822
784 489 858 549 Das.
882 499 951 564 279.
974 520 1018 531 -
1040 489 1096 546 An.
1121 499 1208 566 1472.

1174 595 1630 604 ———.

958 699 1043 768 279.

475 839 556 888 Anno
577 851 652 904 1472,
674 852 695 892 1.
715 841 839 902 Augusti.
860 840 1007 904 Zagrabiae.

411 965 544 1024 Andreas
567 963 605 1025 de
628 966 730 1025 Zelina
745 968 976 1041 praebendarius
992 975 1114 1042 propter
1127 976 1240 1042 pravas
1263 986 1354 1025 mares
1370 969 1574 1042 proscribitur.

474 1111 564 1169 Anno
585 1112 702 1170 domini
719 1112 889 1169 millesimo
913 1111 1216 1185 quadringentesimo
1239 1113 1469 1185 septuagesimo
1486 1113 1630 1186 secunda,

367 1216 436 1288 ipso
460 1216 509 1274 die
532 1217 571 1274 ad
597 1219 719 1275 vincula
741 1218 837 1274 sancti
860 1218 950 1287 Petri,
973 1233 1029 1275 nos
1053 1219 1171 1276 domini
1195 1217 1392 1292 infrascripti,
1418 1219 1632 1292 capitulariter

368 1323 553 1394 congregati,
591 1324 818 1380 considerantes
858 1325 1080 1381 nonnullorum
1114 1323 1394 1398 prebendariorum
1430 1329 1460 1381 et
1494 1325 1629 1383 aliorum

367 1427 563 1486 subditorum
598 1434 775 1486 nostrorum
814 1445 917 1486 mores
948 1435 978 1486 et
1011 1431 1108 1487 vitam
1144 1430 1378 1502 incorregibiles
1416 1435 1446 1486 et
1481 1431 1632 1488 scandala

366 1547 427 1590 non
458 1534 561 1592 solum
584 1535 616 1591 in
646 1535 730 1592 clero
761 1533 815 1591 sed
846 1536 943 1591 eciam
975 1536 1004 1592 in
1038 1535 1157 1609 populo
1181 1551 1219 1592 ex
1242 1535 1359 1592 eisdem
1383 1535 1523 1609 plurima
1547 1537 1632 1606 oriri,

367 1640 590 1700 conclusimus:
614 1640 698 1714 quod
722 1641 760 1696 de
783 1645 884 1698 cetero
901 1642 1089 1714 quicumque
1106 1642 1216 1698 talium
1232 1643 1431 1715 reperiretur,
1455 1643 1631 1700 monicione

366 1745 476 1803 saltem
508 1747 580 1804 bina
605 1747 645 1804 ad
668 1748 842 1804 maximum
866 1748 1026 1819 premissa,
1058 1754 1087 1804 et
1118 1748 1291 1820 presertim,
1316 1749 1370 1820 qui
1402 1747 1544 1806 dominos
1567 1764 1630 1806 non

366 1853 534 1910 honoraret
564 1859 617 1910 aut
640 1853 798 1925 aliquibus
822 1853 927 1910 verbis
947 1851 1084 1910 afficeret
1108 1853 1271 1924 iniuriosis,
1296 1868 1334 1910 ex
1359 1859 1431 1910 tunc
1454 1855 1522 1927 ipso
1546 1829 1647 1911 facto*

366 1958 525 2031 prebenda
556 1961 622 2017 sive
654 1975 708 2016 ara
739 1966 792 2016 aut
821 1960 1063 2032 aliquorumque
1094 1958 1199 2016 officio
1222 1961 1253 2016 in
1276 1959 1343 2032 ipsa
1366 1959 1495 2017 ecclesia
1517 1960 1626 2018 habito

365 2064 405 2120 sit
427 2065 567 2137 privatus
591 2071 621 2122 et
644 2065 682 2122 de
706 2064 809 2122 medio
841 2065 970 2138 capituli
1001 2066 1163 2122 seiunctus.
1187 2065 1225 2122 Et
1248 2066 1321 2138 quia
1345 2065 1484 2123 Andreas
1508 2065 1546 2122 de
1573 2065 1627 2123 Ze·

365 2171 437 2240 lina,
462 2173 567 2245 quiet
597 2172 789 2230 baccalarius
818 2173 1025 2230 communiter
1055 2179 1258 2244 nuncupatur,
1283 2173 1336 2244 qui
1358 2177 1482 2230 actenus
1505 2172 1536 2230 in
1558 2188 1629 2246 pre·

365 2277 467 2334 benda
504 2279 644 2351 magistri
685 2279 814 2336 Fabiani
847 2277 885 2334 de
916 2278 1068 2350 Royscha,
1103 2293 1164 2334 non
1199 2279 1240 2334 ob
1274 2279 1321 2335 sui
1355 2279 1534 2348 bonitatem,
1570 2277 1623 2336 sed

364 2389 494 2456 propter
527 2384 602 2442 dicti
635 2384 776 2457 magistri
815 2384 944 2440 Fabiani
977 2384 1151 2440 amiciciam
1186 2391 1215 2440 et
1250 2383 1391 2440 favorem
1425 2383 1625 2455 tolerabatur,

364 2489 471 2547 multis
502 2491 618 2562 previis
653 2489 879 2547 monicionibus
910 2490 1098 2558 salubribus,
1130 2489 1189 2562 piis
1221 2505 1256 2546 ac
1292 2490 1436 2562 paternis,
1460 2496 1495 2546 ut
1524 2489 1623 2547 vitam

364 2595 550 2666 emendaret,
575 2603 716 2653 acusatus
739 2596 787 2666 sit,
810 2611 865 2652 nec
897 2595 987 2652 illam
1020 2594 1219 2652 emmendare
1253 2595 1381 2664 curavit,
1413 2595 1488 2668 quin
1519 2597 1626 2668 pocius

364 2701 396 2758 in
420 2701 485 2758 dies
516 2701 650 2759 deterior
680 2701 733 2775 fit3
765 2702 886 2774 hiisque
909 2716 970 2758 non
993 2705 1161 2768 contentus,
1187 2700 1236 2757 die
1260 2699 1409 2757 hodierna
1431 2705 1539 2774 aperto
1562 2717 1624 2774 ore,

363 2807 395 2864 in
416 2812 483 2864 estu
499 2807 663 2865 temerario
678 2815 708 2865 et
728 2808 846 2866 insultu
861 2807 1020 2881 impudico
1038 2807 1069 2864 in
1086 2806 1225 2864 medium
1248 2806 1345 2863 nostri
1369 2807 1504 2878 veniens,
1521 2806 1627 2880 plures

363 2929 401 2971 ex
431 2913 521 2970 nobis
550 2918 579 2970 et
610 2913 722 2970 nostris
746 2913 952 2970 irreverenter
975 2913 1080 2971 verbis
1103 2912 1278 2986 impudicis,
1302 2912 1473 2970 inhonestis
1496 2919 1526 2970 et
1548 2913 1627 2972 iniu-

362 3019 452 3077 riosis
481 3018 601 3088 affecit;
631 3019 770 3076 nolentes
803 3020 907 3092 itaque
931 3019 1033 3077 eidem
1056 3019 1171 3076 similia
1204 3019 1270 3092 pati
1294 3017 1332 3074 de
1356 3024 1466 3089 cetero,
1489 3019 1622 3078 eundem

362 3124 444 3182 dicta
477 3140 533 3183 sua
566 3124 725 3199 prebenda
756 3125 944 3198 privandum
977 3126 1123 3183 duximus
1155 3129 1185 3182 et
1214 3124 1253 3182 de
1283 3124 1386 3182 medio
1420 3131 1526 3182 nostro
1550 3142 1624 3184 exu-

361 3231 491 3290 landum
524 3237 554 3289 et
588 3231 848 3306 proscribendum
881 3238 1048 3306 perpetuu,
1082 3233 1180 3290 immo
1214 3233 1394 3304 privamuS,
1430 3231 1626 3290 excludimus

361 3345 391 3396 et
414 3339 646 3412 proscribimus,
669 3338 831 3396 mandates
855 3346 995 3412 preterea
1018 3339 1077 3395 sub
1100 3338 1208 3396 eadem
1232 3354 1312 3413 pena
1335 3338 1482 3395 omnibus
1507 3345 1536 3394 et
1559 3339 1619 3396 sin·

360 3445 442 3517 gulis
473 3443 588 3502 decano
617 3449 647 3501 et
679 3444 891 3518 prebendariis
921 3451 956 3501 ut
986 3443 1118 3501 eundem
1150 3444 1187 3500 de
1211 3449 1314 3502 cetero
1346 3445 1443 3501 vitent
1466 3450 1497 3500 et
1520 3445 1623 3516 ipsum

359 3550 503 3608 societate
526 3558 555 3607 et
578 3550 737 3608 consorcio
761 3551 885 3622 privent
907 3556 937 3608 et
959 3567 1015 3608 nec
1038 3551 1098 3608 sibi
1114 3551 1298 3623 hospicium,
1322 3550 1473 3607 auxilium
1499 3557 1529 3607 et
1544 3565 1615 3608 con·

359 3655 465 3714 silium
496 3656 534 3714 de
564 3663 666 3714 cetero
701 3656 821 3715 faciant.
853 3659 912 3715 Pro
944 3673 1005 3730 qua
1028 3657 1224 3715 conclusione
1247 3656 1350 3714 future
1374 3657 1505 3714 tenenda
1528 3673 1618 3715 unus·

360 3763 491 3835 quisque
514 3769 654 3820 nostrum
679 3763 729 3820 hic
752 3779 784 3821 se
808 3779 901 3821 manu
925 3765 1054 3838 propria
1076 3764 1266 3837 subscripsit.

467 3915 597 3981 Mathyas,
622 3916 768 3981 prepositus
783 3917 947 3976 chasmensis,
962 3933 1038 3966 manu
1051 3919 1155 3982 propria
1174 3918 1302 3976 Andreas,
1314 3918 1451 3967 archidiac.
1472 3917 1620 3968 dubieensis

358 4020 392 4056 m.
412 4021 437 4069 p.
457 4006 593 4064 Martinus,
612 4005 807 4055 archidiaconus
832 4007 934 4056 Waslra
958 4023 990 4056 m.
1012 4023 1037 4072 p.
1066 4007 1201 4071 Georgius,
1221 4007 1416 4056 archidiaconus
1435 4007 1467 4055 de
1485 4007 1569 4056 Bexin
1588 4023 1623 4060 m.

358 4109 383 4158 p.
409 4093 597 4155 Sigismundus,
625 4093 820 4144 archidiaconus
845 4095 872 4144 in
898 4095 1000 4145 Varasd
1027 4111 1060 4146 m.
1079 4111 1105 4160 p.
1125 4096 1260 4159 Georgius,
1280 4095 1475 4144 archidiaconus
1494 4095 1621 4145 Vrbowca

357 4197 391 4234 m.
410 4198 435 4246 p.
455 4183 591 4232 Ladislaus
610 4190 696 4232 custos
715 4185 888 4248 zagrabiensis
906 4201 939 4233 m.
959 4201 985 4248 p.
1005 4184 1136 4233 Fabianus
1154 4184 1186 4232 de
1205 4185 1317 4249 Roycha
1335 4200 1367 4235 m.
1388 4199 1412 4248 p.
1432 4183 1513 4249 Elyas
1532 4191 1617 4233 custos

359 4270 516 4320 chasmensis
534 4277 560 4320 et
579 4287 632 4322 can
653 4273 753 4336 zagrab.
773 4290 806 4326 m.
826 4290 851 4338 p.
871 4273 1001 4322 Gerardus
1020 4273 1052 4321 de
1070 4272 1154 4320 Patale
1173 4288 1198 4320 m
1227 4289 1252 4337 p.
1271 4273 1385 4322 Thomas
1404 4272 1523 4337 Thompa
1541 4287 1574 4323 m.
1594 4287 1619 4337 p.

358 4359 505 4408 Demetrius
519 4359 629 4408 Seleticz
648 4375 682 4409 m.
702 4377 726 4424 p.
746 4361 860 4410 Michael
880 4360 1000 4408 Raffnicz
1018 4374 1044 4408 m
1073 4376 1098 4424 p.
1119 4359 1250 4410 Fabianus
1269 4361 1302 4409 de
1321 4360 1418 4408 Zinche
1437 4375 1470 4410 m.
1490 4375 1514 4423 p.
1535 4359 1615 4408 Geor·

357 4447 415 4512 gius
434 4449 607 4514 Megysheyre
624 4465 657 4501 m.
679 4465 704 4514 p.

461 4625 541 4675 Liber
559 4626 654 4676 rubeus
672 4642 728 4676 ven
750 4625 833 4696 Capit.
852 4627 952 4692 zagrab.
972 4627 1004 4674 Iu
1022 4625 1117 4678 archiv.
1136 4625 1196 4678 incl.
1216 4625 1295 4676 acad.
1308 4624 1403 4676 Scieut.
1418 4624 1517 4678 slavor.
1529 4625 1619 4676 merid.
