3804 5858
625 570 1160 653 mfflmaemw
1445 589 1506 652 m

242 793 389 853 ventibus
412 791 643 851 canonicalibus
665 806 723 867 per
745 791 900 866 integrum
923 806 1049 852 annum.
1072 790 1275 852 Prebendarii
1297 803 1373 848 vero
1400 795 1431 848 et
1453 789 1507 849 alii

242 899 346 957 clerici
376 898 505 956 ecclesie
534 895 787 956 contrafacientes
818 902 974 972 ponantur
995 896 1035 956 ad
1058 898 1170 957 turrim
1201 911 1258 973 per
1280 893 1429 968 triduum,
1451 896 1508 954 ubi

241 1005 377 1063 ieiunent
398 1004 431 1063 in
454 1019 534 1078 pane
556 1008 587 1062 et
609 1017 691 1078 aqua
713 1019 771 1078 per
793 1002 920 1063 eosdem
942 1008 1005 1064 tres
1028 1003 1101 1064 dies.
1124 1004 1162 1062 Et
1184 1004 1244 1063 hoc
1266 1005 1437 1076 exequatur
1452 1000 1507 1060 do·

242 1111 345 1168 minus
368 1111 502 1169 vicarius
525 1125 584 1184 pro
606 1114 748 1183 tempore
770 1110 962 1169 constitutus.

348 1215 484 1275 Eandem
508 1230 622 1290 penam
645 1216 808 1290 pacientur
830 1215 949 1275 domini
971 1221 1002 1275 et
1024 1216 1079 1276 alii
1101 1216 1214 1288 clerici,
1238 1215 1292 1290 qui
1314 1215 1347 1274 in
1368 1215 1506 1274 tabernis

240 1321 279 1379 de
302 1327 404 1380 cetero
427 1321 467 1380 ad
488 1322 631 1381 tabulam
652 1321 791 1382 luserint

344 1475 424 1525 Liber
441 1475 536 1524 rubeus
555 1473 618 1528 vens
633 1475 716 1540 Capit.
735 1475 837 1540 zagrab.
857 1477 888 1526 In
905 1477 1001 1529 archiv.
1020 1477 1080 1529 incl.
1101 1477 1186 1529 Acad.
1205 1477 1294 1527 Scient
1321 1475 1390 1528 suv.
1410 1475 1493 1526 merid

830 1707 919 1775 338.

342 1849 423 1898 Anno
444 1848 519 1911 1484,
542 1847 680 1914 15.Junii.
699 1848 847 1912 zigrabiae.

237 1973 381 2034 Robertus
396 1974 580 2049 praepositus
584 1980 710 2048 propter
731 1973 847 2032 deversa
868 1975 975 2033 scelera
994 1972 1094 2048 gradu
1116 1971 1251 2048 dey'ice'tur
1271 1979 1298 2029 et
1319 1971 1452 2046 beneficio
1466 1988 1501 2029 ac

566 2079 773 2154 capetularium
794 2099 814 2138 a
836 2081 981 2140 cmorctb
1003 2077 1172 2138 excluditur.

338 2225 429 2283 Anno
452 2223 570 2282 domini
597 2223 688 2300 1484.
712 2223 790 2282 teria
806 2225 900 2283 tercia
914 2223 1062 2310 proxima
1077 2227 1147 2282 ante
1162 2221 1276 2282 festum
1299 2223 1498 2281 sacratissimi

234 2330 374 2406 corporis
397 2328 522 2401 Christi,
546 2328 664 2388 domini
682 2330 894 2405 capitulariter
909 2330 1135 2404 concluserunt,
1151 2328 1237 2404 quod
1253 2328 1498 2403 quia-Robertus

231 2436 408 2513 prepositus
431 2441 560 2510 propter
582 2437 775 2495 invasionem
796 2438 952 2496 bonorum
975 2441 1005 2496 et
1028 2438 1112 2496 curie
1127 2435 1261 2496 condam
1282 2434 1401 2494 domini
1424 2433 1496 2493 Bar·

230 2542 382 2601 tholomei
405 2541 537 2600 cantoris
560 2557 727 2616 suspensus
750 2547 795 2601 est
818 2559 836 2602 a
858 2541 926 2619 jure
949 2558 985 2601 ac
1007 2542 1112 2603 officio
1128 2547 1158 2600 et
1173 2541 1334 2613 beneficio,
1351 2547 1381 2600 et
1396 2541 1494 2600 eciam

228 2647 513 2708 excommunicatus
529 2655 659 2722 propter
674 2648 952 2708 incarceracionem
968 2653 998 2708 et
1013 2648 1226 2708 detencionem
1237 2652 1393 2706 certorum
1406 2663 1506 2734 pres·¹

229 2755 403 2813 biterorum
425 2767 462 2811 ac
491 2753 589 2812 eciam
623 2754 819 2814 iniectionem
847 2755 1055 2815 violentarum
1088 2771 1239 2814 manuum
1270 2755 1302 2813 in
1325 2751 1492 2828 quemdam

229 2859 359 2918 fratrem
381 2857 499 2918 ordinis
521 2859 618 2919 sancti
640 2859 795 2920 Francisci
824 2861 990 2935 minorum,
1011 2862 1109 2920 eciam
1140 2867 1270 2936 propter
1300 2861 1365 2919 eius
1396 2858 1493 2918 mani-

228 2964 342 3023 festum
364 2964 536 3039 periurium
552 2971 582 3023 et
598 2965 736 3040 plurima
752 2967 817 3024 eius
840 2967 986 3038 crimina;
1002 2967 1145 3026 similiter
1161 2967 1259 3025 eciam
1275 2967 1373 3025 abbas
1385 2966 1494 3025 Petrus

227 3070 406 3129 monasterii
440 3071 528 3130 beate
557 3072 685 3145 virginis
719 3081 849 3148 propter
879 3075 1033 3133 notoriam
1063 3075 1258 3132 iniectionem
1282 3073 1492 3132 violentarum

227 3191 376 3234 manuum
398 3177 429 3234 in
453 3175 616 3236 dominum
638 3179 788 3238 Mathiam
819 3180 1030 3254 presbiterum
1060 3184 1106 3238 est
1141 3180 1426 3239 excommunicatus
1460 3186 1491 3238 et

226 3280 415 3355 interdictus,
437 3282 507 3341 ideo
531 3283 562 3342 in
586 3283 699 3344 divinis
722 3284 835 3345 officiis
857 3287 1022 3361 presertim
1043 3287 1120 3361 ipsis
1145 3293 1174 3345 et
1190 3300 1300 3344 eorum
1315 3285 1406 3344 alteri
1426 3300 1488 3344 non

228 3388 481 3461 communicetur,
505 3395 535 3448 et
558 3391 585 3449 si
607 3396 714 3450 contra
737 3393 816 3451 hanc
838 3393 1070 3452 conclusionem
1092 3393 1206 3467 aliquis
1241 3393 1488 3466 contrariaretur,

226 3492 376 3552 conclusit
399 3494 580 3574 capitulum,
604 3496 691 3571 quod
712 3497 784 3556 talis
807 3514 864 3572 per
886 3499 1042 3573 integrum
1064 3514 1180 3557 annum
1205 3504 1307 3556 careat
1330 3499 1489 3558 consorcio

228 3597 363 3658 fratrum
386 3605 416 3659 et
439 3601 584 3659 omnibus
606 3603 819 3676 proventibus.

328 3752 407 3801 Liber
425 3752 521 3802 rubeus
539 3769 596 3804 ven.
616 3755 724 3820 capituli
743 3756 804 3809 ecel.
832 3758 1014 3822 zagrabiensis.
1034 3761 1066 3808 In
1085 3759 1180 3813 archiv.
1209 3761 1272 3812 incl.
1297 3762 1382 3812 Acad.
1402 3761 1487 3812 Scien.

226 3839 295 3890 Slav.
315 3841 404 3893 merid.

809 4077 896 4145 339.

325 4228 406 4280 Anno
429 4233 503 4294 1484,
524 4245 546 4296 3.
566 4234 718 4288 decembris.
734 4238 882 4301 Zagrsbiae.

222 4353 358 4414 Mathtizs
383 4356 476 4418 Gereb
505 4361 606 4434 banus,
636 4365 766 4423 omnibus
788 4367 931 4428 nobilibus
953 4369 1073 4442 tn'buta,
1095 4389 1170 4445 quae
1192 4389 1212 4427 a
1234 4372 1342 4430 civibus
1364 4375 1481 4448 aagtab.

396 4473 496 4525 contra
519 4469 606 4543 legem
628 4471 757 4544 exaltant,
778 4490 837 4531 sese
858 4482 1061 4548 occupaturum
1084 4494 1150 4548 esse,
1172 4477 1310 4537 minatur.

322 4606 387 4666 Nos
417 4611 549 4670 Mathias
580 4611 684 4672 Gereb
714 4614 753 4674 de
781 4617 943 4690 Vingarth,
971 4634 1140 4692 regnorum
1161 4619 1331 4697 Dalmacie,
1355 4623 1483 4684 Croacie

217 4716 248 4770 ei
270 4710 435 4774 Sclauonie
456 4716 566 4777 banus.
590 4719 751 4780 Universis
772 4727 802 4782 et
824 4724 954 4798 singulis
976 4725 1136 4784 nobilibus
1159 4731 1189 4786 et
1204 4728 1331 4788 alterius
1345 4731 1481 4790 cuiusvis

220 4805 319 4876 status
342 4824 373 4878 et
405 4822 594 4884 condicionis
624 4825 804 4887 hominibus
835 4830 951 4888 tributa
974 4846 1028 4889 seu
1051 4830 1187 4891 thelonia
1210 4831 1242 4892 in
1265 4833 1355 4894 dictis
1377 4837 1480 4910 regnis

218 4918 346 4984 Croacie
369 4931 399 4984 et
421 4925 585 4990 Sclauonie
607 4932 803 5006 habentibus,
826 4937 1001 4995 tenentibus
1030 4954 1084 4996 seu
1114 4937 1308 5012 exigentibus
1338 4941 1479 5003 salutern.

215 5026 368 5103 Quamvis
393 5033 562 5107 prudentes
585 5043 615 5096 et
638 5039 856 5117 circumspecti
878 5041 980 5116 iudex,
1002 5040 1105 5120 jurati,
1120 5046 1275 5122 ceterique
1290 5047 1381 5122 cives,
1398 5063 1478 5110 mer-
