<?xml version="1.0" encoding="UTF-8"?>
<!DOCTYPE html PUBLIC "-//W3C//DTD XHTML 1.0 Transitional//EN"
    "http://www.w3.org/TR/xhtml1/DTD/xhtml1-transitional.dtd">
<html xmlns="http://www.w3.org/1999/xhtml" xml:lang="en" lang="en">
 <head>
  <title>
</title>
<meta http-equiv="Content-Type" content="text/html;charset=utf-8" />
  <meta name='ocr-system' content='tesseract 3.04.00' />
  <meta name='ocr-capabilities' content='ocr_page ocr_carea ocr_par ocr_line ocrx_word'/>
</head>
<body>
  <div class='ocr_page' id='page_1' title='image "./monumentahistor20laszgoog_0662.png"; bbox 0 0 3828 5822; ppageno 0'>
   <div class='ocr_carea' id='block_1_1' title="bbox 599 561 1477 648">
    <p class='ocr_par' dir='ltr' id='par_1_1' title="bbox 599 561 1477 648">
     <span class='ocr_line' id='line_1_1' title="bbox 599 561 1477 648; baseline 0.002 -22"><span class='ocrx_word' id='word_1_1' title='bbox 599 568 674 636; x_wconf 81' lang='lat' dir='ltr'>Doc,</span> <span class='ocrx_word' id='word_1_2' title='bbox 693 581 766 644; x_wconf 77' lang='lat'>323.</span> <span class='ocrx_word' id='word_1_3' title='bbox 785 579 860 644; x_wconf 70' lang='lat'>324-</span> <span class='ocrx_word' id='word_1_4' title='bbox 885 596 928 612; x_wconf 82' lang='lat'>--</span> <span class='ocrx_word' id='word_1_5' title='bbox 951 565 1006 624; x_wconf 69' lang='lat' dir='ltr'>Aa</span> <span class='ocrx_word' id='word_1_6' title='bbox 1031 561 1121 647; x_wconf 66' lang='lat'><em>¹48¹·</em></span> <span class='ocrx_word' id='word_1_7' title='bbox 1416 581 1477 648; x_wconf 84' lang='lat'>405</span> 
     </span>
    </p>
   </div>
   <div class='ocr_carea' id='block_1_2' title="bbox 214 780 1484 1182">
    <p class='ocr_par' dir='ltr' id='par_1_2' title="bbox 214 780 1484 1182">
     <span class='ocr_line' id='line_1_2' title="bbox 217 780 1484 872; baseline -0.006 -24"><span class='ocrx_word' id='word_1_8' title='bbox 217 791 248 848; x_wconf 82' lang='lat' dir='ltr'>et</span> <span class='ocrx_word' id='word_1_9' title='bbox 270 791 317 856; x_wconf 88' lang='lat' dir='ltr'>est</span> <span class='ocrx_word' id='word_1_10' title='bbox 340 785 503 862; x_wconf 75' lang='lat' dir='ltr'>quietatur.</span> <span class='ocrx_word' id='word_1_11' title='bbox 526 783 709 860; x_wconf 82' lang='lat' dir='ltr'><strong>Capitulum</strong></span> <span class='ocrx_word' id='word_1_12' title='bbox 731 781 772 846; x_wconf 90' lang='lat' dir='ltr'>ad</span> <span class='ocrx_word' id='word_1_13' title='bbox 795 784 964 862; x_wconf 73' lang='lat' dir='ltr'>terminum</span> <span class='ocrx_word' id='word_1_14' title='bbox 986 797 1048 864; x_wconf 81' lang='lat' dir='ltr'>non</span> <span class='ocrx_word' id='word_1_15' title='bbox 1060 783 1245 861; x_wconf 73' lang='lat' dir='ltr'>comparuit,</span> <span class='ocrx_word' id='word_1_16' title='bbox 1257 780 1316 849; x_wconf 80' lang='lat' dir='ltr'>sed</span> <span class='ocrx_word' id='word_1_17' title='bbox 1330 782 1484 872; x_wconf 66' lang='lat' dir='ltr'>permittit</span> 
     </span>
     <span class='ocr_line' id='line_1_3' title="bbox 214 864 1484 967; baseline -0.008 -11"><span class='ocrx_word' id='word_1_18' title='bbox 214 911 249 956; x_wconf 83' lang='lat' dir='ltr'>se</span> <span class='ocrx_word' id='word_1_19' title='bbox 270 891 453 967; x_wconf 60' lang='lat' dir='ltr'>aggressum</span> <span class='ocrx_word' id='word_1_20' title='bbox 475 898 507 952; x_wconf 81' lang='lat' dir='ltr'>et</span> <span class='ocrx_word' id='word_1_21' title='bbox 522 896 686 951; x_wconf 83' lang='lat' dir='ltr'>evocatum</span> <span class='ocrx_word' id='word_1_22' title='bbox 708 895 754 950; x_wconf 90' lang='lat' dir='ltr'>est</span> <span class='ocrx_word' id='word_1_23' title='bbox 777 889 818 948; x_wconf 90' lang='lat' dir='ltr'>ad</span> <span class='ocrx_word' id='word_1_24' title='bbox 841 896 967 951; x_wconf 85' lang='lat' dir='ltr'>octavas</span> <span class='ocrx_word' id='word_1_25' title='bbox 989 907 1014 954; x_wconf 89' lang='lat' dir='ltr'>s.</span> <span class='ocrx_word' id='word_1_26' title='bbox 1035 889 1207 966; x_wconf 81' lang='lat' dir='ltr'>Michaelis,</span> <span class='ocrx_word' id='word_1_27' title='bbox 1230 903 1249 948; x_wconf 84' lang='lat' dir='ltr'>a</span> <span class='ocrx_word' id='word_1_28' title='bbox 1271 903 1335 966; x_wconf 85' lang='lat' dir='ltr'>quo</span> <span class='ocrx_word' id='word_1_29' title='bbox 1350 864 1484 958; x_wconf 78' lang='lat' dir='ltr'>termino</span> 
     </span>
     <span class='ocr_line' id='line_1_4' title="bbox 215 993 1484 1082; baseline -0.006 -20"><span class='ocrx_word' id='word_1_30' title='bbox 215 1000 335 1062; x_wconf 74' lang='lat' dir='ltr'><strong>litteras</strong></span> <span class='ocrx_word' id='word_1_31' title='bbox 358 997 497 1066; x_wconf 80' lang='lat' dir='ltr'>eiusdem</span> <span class='ocrx_word' id='word_1_32' title='bbox 520 997 690 1070; x_wconf 77' lang='lat' dir='ltr'>Michaelis,</span> <span class='ocrx_word' id='word_1_33' title='bbox 713 1011 749 1070; x_wconf 83' lang='lat' dir='ltr'>ea</span> <span class='ocrx_word' id='word_1_34' title='bbox 772 995 923 1070; x_wconf 65' lang='lat' dir='ltr'>exhibitio</span> <span class='ocrx_word' id='word_1_35' title='bbox 946 1003 993 1056; x_wconf 90' lang='lat' dir='ltr'>est</span> <span class='ocrx_word' id='word_1_36' title='bbox 1016 1001 1183 1082; x_wconf 81' lang='lat' dir='ltr'>prorogata</span> <span class='ocrx_word' id='word_1_37' title='bbox 1206 993 1247 1058; x_wconf 85' lang='lat' dir='ltr'>ad</span> <span class='ocrx_word' id='word_1_38' title='bbox 1268 999 1395 1068; x_wconf 77' lang='lat' dir='ltr'>octavas</span> <span class='ocrx_word' id='word_1_39' title='bbox 1410 993 1484 1070; x_wconf 81' lang='lat' dir='ltr'>Epi·</span> 
     </span>
     <span class='ocr_line' id='line_1_5' title="bbox 215 1103 1142 1182; baseline -0.004 -14"><span class='ocrx_word' id='word_1_40' title='bbox 215 1107 350 1182; x_wconf 76' lang='lat' dir='ltr'>plioniae</span> <span class='ocrx_word' id='word_1_41' title='bbox 369 1105 445 1172; x_wconf 73' lang='lat' dir='ltr'>anni</span> <span class='ocrx_word' id='word_1_42' title='bbox 466 1104 624 1178; x_wconf 68' lang='lat' dir='ltr'>sequentis</span> <span class='ocrx_word' id='word_1_43' title='bbox 643 1108 677 1164; x_wconf 82' lang='lat' dir='ltr'>et</span> <span class='ocrx_word' id='word_1_44' title='bbox 698 1103 814 1166; x_wconf 82' lang='lat' dir='ltr'>solutio</span> <span class='ocrx_word' id='word_1_45' title='bbox 836 1103 933 1164; x_wconf 82' lang='lat' dir='ltr'>trium</span> <span class='ocrx_word' id='word_1_46' title='bbox 955 1117 1142 1179; x_wconf 76' lang='lat' dir='ltr'>marcarum.</span> 
     </span>
    </p>
   </div>
   <div class='ocr_carea' id='block_1_3' title="bbox 321 1257 911 1324">
    <p class='ocr_par' dir='ltr' id='par_1_3' title="bbox 321 1257 911 1324">
     <span class='ocr_line' id='line_1_6' title="bbox 321 1257 911 1324; baseline 0 -14"><span class='ocrx_word' id='word_1_47' title='bbox 321 1259 429 1324; x_wconf 75' lang='lat' dir='ltr'>Georgii</span> <span class='ocrx_word' id='word_1_48' title='bbox 446 1257 617 1310; x_wconf 77' lang='lat' dir='ltr'>Murcelorid:</span> <span class='ocrx_word' id='word_1_49' title='bbox 636 1257 761 1323; x_wconf 78' lang='lat' dir='ltr'>Regesta,</span> <span class='ocrx_word' id='word_1_50' title='bbox 779 1262 809 1307; x_wconf 91' lang='lat' dir='ltr'>ut</span> <span class='ocrx_word' id='word_1_51' title='bbox 827 1272 911 1322; x_wconf 59' lang='lat' dir='ltr'>supr&amp;</span> 
     </span>
    </p>
   </div>
   <div class='ocr_carea' id='block_1_4' title="bbox 320 1489 894 1716">
    <p class='ocr_par' dir='ltr' id='par_1_4' title="bbox 320 1489 894 1716">
     <span class='ocr_line' id='line_1_7' title="bbox 805 1489 894 1572; baseline 0.022 -17"><span class='ocrx_word' id='word_1_52' title='bbox 805 1489 894 1572; x_wconf 75' lang='lat'>323.</span> 
     </span>
     <span class='ocr_line' id='line_1_8' title="bbox 320 1647 871 1716; baseline 0.004 -14"><span class='ocrx_word' id='word_1_53' title='bbox 320 1651 402 1702; x_wconf 87' lang='lat' dir='ltr'>Anno</span> <span class='ocrx_word' id='word_1_54' title='bbox 423 1651 498 1714; x_wconf 87' lang='lat'>1481,</span> <span class='ocrx_word' id='word_1_55' title='bbox 519 1661 561 1714; x_wconf 83' lang='lat'>30.</span> <span class='ocrx_word' id='word_1_56' title='bbox 578 1649 700 1716; x_wconf 72' lang='lat' dir='ltr'>januarii.</span> <span class='ocrx_word' id='word_1_57' title='bbox 719 1647 871 1714; x_wconf 78' lang='lat' dir='ltr'>Zagrebiae.</span> 
     </span>
    </p>
   </div>
   <div class='ocr_carea' id='block_1_5' title="bbox 188 1778 1481 2390">
    <p class='ocr_par' dir='ltr' id='par_1_5' title="bbox 188 1778 1481 2390">
     <span class='ocr_line' id='line_1_9' title="bbox 319 1778 1481 1866; baseline -0.001 -25"><span class='ocrx_word' id='word_1_58' title='bbox 319 1781 453 1866; x_wconf 88' lang='lat' dir='ltr'>Joannes</span> <span class='ocrx_word' id='word_1_59' title='bbox 475 1781 625 1855; x_wconf 81' lang='lat' dir='ltr'>Posegey,</span> <span class='ocrx_word' id='word_1_60' title='bbox 649 1779 786 1840; x_wconf 85' lang='lat' dir='ltr'>director</span> <span class='ocrx_word' id='word_1_61' title='bbox 808 1795 971 1839; x_wconf 86' lang='lat' dir='ltr'>causarum</span> <span class='ocrx_word' id='word_1_62' title='bbox 1001 1779 1155 1854; x_wconf 88' lang='lat' dir='ltr'>regalium</span> <span class='ocrx_word' id='word_1_63' title='bbox 1178 1783 1286 1840; x_wconf 84' lang='lat' dir='ltr'>contra</span> <span class='ocrx_word' id='word_1_64' title='bbox 1308 1778 1481 1855; x_wconf 74' lang='lat' dir='ltr'>capitulum</span> 
     </span>
     <span class='ocr_line' id='line_1_10' title="bbox 214 1886 1480 1966; baseline -0.002 -18"><span class='ocrx_word' id='word_1_65' title='bbox 214 1889 388 1964; x_wconf 90' lang='lat' dir='ltr'>proposuit,</span> <span class='ocrx_word' id='word_1_66' title='bbox 423 1887 508 1966; x_wconf 90' lang='lat' dir='ltr'>quod</span> <span class='ocrx_word' id='word_1_67' title='bbox 538 1887 637 1961; x_wconf 86' lang='lat' dir='ltr'>aliqui</span> <span class='ocrx_word' id='word_1_68' title='bbox 667 1887 842 1960; x_wconf 85' lang='lat' dir='ltr'>regnicolae</span> <span class='ocrx_word' id='word_1_69' title='bbox 871 1892 902 1948; x_wconf 86' lang='lat' dir='ltr'>et</span> <span class='ocrx_word' id='word_1_70' title='bbox 935 1887 1093 1960; x_wconf 78' lang='lat' dir='ltr'>signanter</span> <span class='ocrx_word' id='word_1_71' title='bbox 1122 1886 1296 1961; x_wconf 90' lang='lat' dir='ltr'>capitulum</span> <span class='ocrx_word' id='word_1_72' title='bbox 1317 1887 1349 1946; x_wconf 93' lang='lat' dir='ltr'>in</span> <span class='ocrx_word' id='word_1_73' title='bbox 1369 1901 1480 1948; x_wconf 74' lang='lat' dir='ltr'>eorum</span> 
     </span>
     <span class='ocr_line' id='line_1_11' title="bbox 212 1993 1480 2068; baseline 0 -14"><span class='ocrx_word' id='word_1_74' title='bbox 212 1996 337 2055; x_wconf 89' lang='lat' dir='ltr'>teloniis</span> <span class='ocrx_word' id='word_1_75' title='bbox 360 1995 444 2054; x_wconf 89' lang='lat' dir='ltr'>cives</span> <span class='ocrx_word' id='word_1_76' title='bbox 474 1993 689 2067; x_wconf 87' lang='lat' dir='ltr'>zagrabienses</span> <span class='ocrx_word' id='word_1_77' title='bbox 711 1993 751 2052; x_wconf 93' lang='lat' dir='ltr'>ad</span> <span class='ocrx_word' id='word_1_78' title='bbox 781 1993 969 2054; x_wconf 86' lang='lat' dir='ltr'>solutionem</span> <span class='ocrx_word' id='word_1_79' title='bbox 992 1993 1218 2068; x_wconf 86' lang='lat' dir='ltr'>compellerent</span> <span class='ocrx_word' id='word_1_80' title='bbox 1240 1997 1348 2054; x_wconf 86' lang='lat' dir='ltr'>contra</span> <span class='ocrx_word' id='word_1_81' title='bbox 1367 2007 1480 2054; x_wconf 81' lang='lat' dir='ltr'>eorum</span> 
     </span>
     <span class='ocr_line' id='line_1_12' title="bbox 188 2099 1480 2178; baseline 0.002 -18"><span class='ocrx_word' id='word_1_82' title='bbox 188 2099 389 2178; x_wconf 81' lang='lat' dir='ltr'>privilegia,</span> <span class='ocrx_word' id='word_1_83' title='bbox 424 2100 593 2174; x_wconf 87' lang='lat' dir='ltr'>Gregorius</span> <span class='ocrx_word' id='word_1_84' title='bbox 627 2099 777 2160; x_wconf 87' lang='lat' dir='ltr'>Petracha</span> <span class='ocrx_word' id='word_1_85' title='bbox 806 2099 846 2160; x_wconf 91' lang='lat' dir='ltr'>de</span> <span class='ocrx_word' id='word_1_86' title='bbox 875 2099 1039 2173; x_wconf 87' lang='lat' dir='ltr'>Dinarelra,</span> <span class='ocrx_word' id='word_1_87' title='bbox 1070 2104 1257 2175; x_wconf 86' lang='lat' dir='ltr'>procurator</span> <span class='ocrx_word' id='word_1_88' title='bbox 1277 2099 1409 2174; x_wconf 77' lang='lat' dir='ltr'>capituli</span> <span class='ocrx_word' id='word_1_89' title='bbox 1432 2115 1480 2162; x_wconf 83' lang='lat' dir='ltr'>re·</span> 
     </span>
     <span class='ocr_line' id='line_1_13' title="bbox 212 2205 1480 2287; baseline -0.001 -20"><span class='ocrx_word' id='word_1_90' title='bbox 212 2207 353 2287; x_wconf 80' lang='lat' dir='ltr'>spondit,</span> <span class='ocrx_word' id='word_1_91' title='bbox 377 2207 486 2267; x_wconf 89' lang='lat' dir='ltr'>haberi</span> <span class='ocrx_word' id='word_1_92' title='bbox 507 2205 675 2282; x_wconf 84' lang='lat' dir='ltr'>superinde</span> <span class='ocrx_word' id='word_1_93' title='bbox 705 2208 832 2278; x_wconf 85' lang='lat' dir='ltr'>litteras,</span> <span class='ocrx_word' id='word_1_94' title='bbox 863 2206 1080 2268; x_wconf 88' lang='lat' dir='ltr'>monstrandas</span> <span class='ocrx_word' id='word_1_95' title='bbox 1102 2207 1240 2268; x_wconf 86' lang='lat' dir='ltr'>incuria</span> <span class='ocrx_word' id='word_1_96' title='bbox 1262 2207 1367 2282; x_wconf 86' lang='lat' dir='ltr'>regia;</span> <span class='ocrx_word' id='word_1_97' title='bbox 1388 2205 1480 2267; x_wconf 81' lang='lat' dir='ltr'>datus</span> 
     </span>
     <span class='ocr_line' id='line_1_14' title="bbox 214 2315 1268 2390; baseline -0.005 -14"><span class='ocrx_word' id='word_1_98' title='bbox 214 2321 261 2376; x_wconf 91' lang='lat' dir='ltr'>est</span> <span class='ocrx_word' id='word_1_99' title='bbox 283 2316 435 2376; x_wconf 88' lang='lat' dir='ltr'>terminus</span> <span class='ocrx_word' id='word_1_100' title='bbox 457 2319 639 2376; x_wconf 87' lang='lat' dir='ltr'>octavarum</span> <span class='ocrx_word' id='word_1_101' title='bbox 662 2331 684 2375; x_wconf 92' lang='lat' dir='ltr'>s.</span> <span class='ocrx_word' id='word_1_102' title='bbox 708 2315 834 2390; x_wconf 83' lang='lat' dir='ltr'>Georgii</span> <span class='ocrx_word' id='word_1_103' title='bbox 857 2320 888 2378; x_wconf 89' lang='lat' dir='ltr'>et</span> <span class='ocrx_word' id='word_1_104' title='bbox 910 2315 1031 2378; x_wconf 86' lang='lat' dir='ltr'>solutae</span> <span class='ocrx_word' id='word_1_105' title='bbox 1052 2319 1116 2378; x_wconf 88' lang='lat' dir='ltr'>tres</span> <span class='ocrx_word' id='word_1_106' title='bbox 1138 2329 1268 2378; x_wconf 86' lang='lat' dir='ltr'>marcae.</span> 
     </span>
    </p>
   </div>
   <div class='ocr_carea' id='block_1_6' title="bbox 319 2450 915 2527">
    <p class='ocr_par' dir='ltr' id='par_1_6' title="bbox 319 2450 915 2527">
     <span class='ocr_line' id='line_1_15' title="bbox 319 2450 915 2527; baseline 0.003 -23"><span class='ocrx_word' id='word_1_107' title='bbox 319 2452 427 2520; x_wconf 78' lang='lat' dir='ltr'>Georgii</span> <span class='ocrx_word' id='word_1_108' title='bbox 445 2450 617 2527; x_wconf 63' lang='lat' dir='ltr'>Mmcelomi3</span> <span class='ocrx_word' id='word_1_109' title='bbox 637 2453 763 2518; x_wconf 82' lang='lat' dir='ltr'>Regesta,</span> <span class='ocrx_word' id='word_1_110' title='bbox 782 2458 810 2502; x_wconf 90' lang='lat' dir='ltr'>ut</span> <span class='ocrx_word' id='word_1_111' title='bbox 830 2468 915 2518; x_wconf 74' lang='lat' dir='ltr'>snpra.</span> 
     </span>
    </p>
   </div>
   <div class='ocr_carea' id='block_1_7' title="bbox 739 2647 890 2754">
    <p class='ocr_par' dir='ltr' id='par_1_7' title="bbox 739 2647 890 2754">
     <span class='ocr_line' id='line_1_16' title="bbox 739 2647 890 2754; baseline -0.013 -1"><span class='ocrx_word' id='word_1_112' title='bbox 739 2647 743 2654; x_wconf 74' lang='grc'><strong>’</strong></span> <span class='ocrx_word' id='word_1_113' title='bbox 802 2683 890 2754; x_wconf 76' lang='lat' dir='ltr'>mu.</span> 
     </span>
    </p>
   </div>
   <div class='ocr_carea' id='block_1_8' title="bbox 318 2842 875 2907">
    <p class='ocr_par' dir='ltr' id='par_1_8' title="bbox 318 2842 875 2907">
     <span class='ocr_line' id='line_1_17' title="bbox 318 2842 875 2907; baseline 0 -13"><span class='ocrx_word' id='word_1_114' title='bbox 318 2843 399 2894; x_wconf 86' lang='lat' dir='ltr'>Anno</span> <span class='ocrx_word' id='word_1_115' title='bbox 420 2844 495 2907; x_wconf 85' lang='lat'>1481,</span> <span class='ocrx_word' id='word_1_116' title='bbox 515 2854 557 2893; x_wconf 87' lang='lat'>22.</span> <span class='ocrx_word' id='word_1_117' title='bbox 576 2842 708 2896; x_wconf 77' lang='lat' dir='ltr'>februarii.</span> <span class='ocrx_word' id='word_1_118' title='bbox 726 2842 875 2907; x_wconf 76' lang='lat' dir='ltr'>zugrsbiae.</span> 
     </span>
    </p>
   </div>
   <div class='ocr_carea' id='block_1_9' title="bbox 218 2969 1480 3052">
    <p class='ocr_par' dir='ltr' id='par_1_9' title="bbox 218 2969 1480 3052">
     <span class='ocr_line' id='line_1_18' title="bbox 218 2969 1480 3052; baseline -0.003 -19"><span class='ocrx_word' id='word_1_119' title='bbox 218 2969 431 3036; x_wconf 73' lang='lat' dir='ltr'>Communitate</span> <span class='ocrx_word' id='word_1_120' title='bbox 452 2969 577 3040; x_wconf 72' lang='lat' dir='ltr'>ciuitatis</span> <span class='ocrx_word' id='word_1_121' title='bbox 598 2969 794 3044; x_wconf 83' lang='lat' dir='ltr'>augrabiensr&#39;s</span> <span class='ocrx_word' id='word_1_122' title='bbox 816 2977 976 3048; x_wconf 79' lang='lat' dir='ltr'>accusante,</span> <span class='ocrx_word' id='word_1_123' title='bbox 988 2969 1171 3046; x_wconf 81' lang='lat' dir='ltr'>congregatio</span> <span class='ocrx_word' id='word_1_124' title='bbox 1182 2969 1330 3043; x_wconf 80' lang='lat' dir='ltr'>generalis</span> <span class='ocrx_word' id='word_1_125' title='bbox 1343 2969 1480 3052; x_wconf 80' lang='lat' dir='ltr'>nobilrirrrr</span> 
     </span>
    </p>
   </div>
   <div class='ocr_carea' id='block_1_10' title="bbox 206 3075 1480 3256">
    <p class='ocr_par' dir='ltr' id='par_1_10' title="bbox 206 3075 1480 3256">
     <span class='ocr_line' id='line_1_19' title="bbox 206 3075 1480 3158; baseline -0.002 -22"><span class='ocrx_word' id='word_1_126' title='bbox 206 3078 298 3156; x_wconf 51' lang='lat' dir='ltr'>‚regni</span> <span class='ocrx_word' id='word_1_127' title='bbox 318 3075 486 3148; x_wconf 82' lang='lat' dir='ltr'>Sluvonr‘ar,</span> <span class='ocrx_word' id='word_1_128' title='bbox 510 3076 653 3144; x_wconf 80' lang='lat' dir='ltr'>nobilibus</span> <span class='ocrx_word' id='word_1_129' title='bbox 675 3075 844 3152; x_wconf 81' lang='lat' dir='ltr'>quibusdam</span> <span class='ocrx_word' id='word_1_130' title='bbox 874 3075 1023 3149; x_wconf 81' lang='lat' dir='ltr'>interdicit,</span> <span class='ocrx_word' id='word_1_131' title='bbox 1046 3093 1081 3134; x_wconf 81' lang='lat' dir='ltr'>nr</span> <span class='ocrx_word' id='word_1_132' title='bbox 1104 3095 1124 3133; x_wconf 86' lang='lat' dir='ltr'>a</span> <span class='ocrx_word' id='word_1_133' title='bbox 1146 3075 1350 3136; x_wconf 67' lang='lat' dir='ltr'>mercatoribus</span> <span class='ocrx_word' id='word_1_134' title='bbox 1370 3093 1480 3158; x_wconf 76' lang='lat' dir='ltr'>ragra-</span> 
     </span>
     <span class='ocr_line' id='line_1_20' title="bbox 541 3181 1157 3256; baseline 0 -16"><span class='ocrx_word' id='word_1_135' title='bbox 541 3181 682 3242; x_wconf 84' lang='lat' dir='ltr'>biensibus</span> <span class='ocrx_word' id='word_1_136' title='bbox 704 3182 842 3240; x_wconf 79' lang='lat' dir='ltr'>tributum</span> <span class='ocrx_word' id='word_1_137' title='bbox 858 3189 917 3256; x_wconf 77' lang='lat' dir='ltr'>pro</span> <span class='ocrx_word' id='word_1_138' title='bbox 937 3200 1027 3240; x_wconf 81' lang='lat' dir='ltr'>merce</span> <span class='ocrx_word' id='word_1_139' title='bbox 1048 3189 1157 3256; x_wconf 79' lang='lat' dir='ltr'>cogant.</span> 
     </span>
    </p>
   </div>
   <div class='ocr_carea' id='block_1_11' title="bbox 208 3323 1486 5118">
    <p class='ocr_par' dir='ltr' id='par_1_11' title="bbox 208 3323 1486 5118">
     <span class='ocr_line' id='line_1_21' title="bbox 317 3323 1481 3406; baseline 0.004 -20"><span class='ocrx_word' id='word_1_140' title='bbox 317 3326 384 3386; x_wconf 91' lang='lat' dir='ltr'>Nos</span> <span class='ocrx_word' id='word_1_141' title='bbox 407 3327 540 3400; x_wconf 84' lang='lat' dir='ltr'>Michael</span> <span class='ocrx_word' id='word_1_142' title='bbox 563 3328 664 3403; x_wconf 88' lang='lat' dir='ltr'>Orzag</span> <span class='ocrx_word' id='word_1_143' title='bbox 686 3326 726 3388; x_wconf 82' lang='lat' dir='ltr'>de</span> <span class='ocrx_word' id='word_1_144' title='bbox 747 3326 853 3398; x_wconf 67' lang='lat' dir='ltr'>Gustu,</span> <span class='ocrx_word' id='word_1_145' title='bbox 869 3327 956 3404; x_wconf 78' lang='lat' dir='ltr'>regni</span> <span class='ocrx_word' id='word_1_146' title='bbox 979 3327 1139 3400; x_wconf 86' lang='lat' dir='ltr'>Hungarie</span> <span class='ocrx_word' id='word_1_147' title='bbox 1161 3326 1317 3404; x_wconf 79' lang='lat' dir='ltr'>palatinus</span> <span class='ocrx_word' id='word_1_148' title='bbox 1338 3331 1371 3386; x_wconf 86' lang='lat' dir='ltr'>et</span> <span class='ocrx_word' id='word_1_149' title='bbox 1383 3323 1481 3406; x_wconf 75' lang='lat' dir='ltr'>judex</span> 
     </span>
     <span class='ocr_line' id='line_1_22' title="bbox 212 3431 1478 3512; baseline -0.002 -20"><span class='ocrx_word' id='word_1_150' title='bbox 212 3433 424 3494; x_wconf 85' lang='lat' dir='ltr'>Cumanorum</span> <span class='ocrx_word' id='word_1_151' title='bbox 444 3449 483 3492; x_wconf 89' lang='lat' dir='ltr'>ac</span> <span class='ocrx_word' id='word_1_152' title='bbox 505 3449 609 3494; x_wconf 89' lang='lat' dir='ltr'>comes</span> <span class='ocrx_word' id='word_1_153' title='bbox 631 3432 806 3510; x_wconf 88' lang='lat' dir='ltr'>Stephanus</span> <span class='ocrx_word' id='word_1_154' title='bbox 829 3433 867 3492; x_wconf 88' lang='lat' dir='ltr'>de</span> <span class='ocrx_word' id='word_1_155' title='bbox 887 3433 1018 3505; x_wconf 80' lang='lat' dir='ltr'>Bethor,</span> <span class='ocrx_word' id='word_1_156' title='bbox 1049 3431 1144 3512; x_wconf 67' lang='lat' dir='ltr'>juder</span> <span class='ocrx_word' id='word_1_157' title='bbox 1174 3434 1259 3494; x_wconf 91' lang='lat' dir='ltr'>curie</span> <span class='ocrx_word' id='word_1_158' title='bbox 1289 3432 1478 3505; x_wconf 72' lang='lat' dir='ltr'>serenissimi</span> 
     </span>
     <span class='ocr_line' id='line_1_23' title="bbox 213 3539 1476 3618; baseline 0 -20"><span class='ocrx_word' id='word_1_159' title='bbox 213 3541 364 3616; x_wconf 90' lang='lat' dir='ltr'>principis</span> <span class='ocrx_word' id='word_1_160' title='bbox 387 3540 506 3602; x_wconf 89' lang='lat' dir='ltr'>domini</span> <span class='ocrx_word' id='word_1_161' title='bbox 526 3541 650 3612; x_wconf 89' lang='lat' dir='ltr'>Mathie,</span> <span class='ocrx_word' id='word_1_162' title='bbox 674 3539 724 3614; x_wconf 80' lang='lat' dir='ltr'>dei</span> <span class='ocrx_word' id='word_1_163' title='bbox 746 3541 850 3614; x_wconf 82' lang='lat' dir='ltr'>gracia</span> <span class='ocrx_word' id='word_1_164' title='bbox 872 3540 955 3614; x_wconf 87' lang='lat' dir='ltr'>regis</span> <span class='ocrx_word' id='word_1_165' title='bbox 969 3540 1058 3616; x_wconf 89' lang='lat' dir='ltr'>regni</span> <span class='ocrx_word' id='word_1_166' title='bbox 1080 3540 1240 3617; x_wconf 80' lang='lat' dir='ltr'>Huugarie</span> <span class='ocrx_word' id='word_1_167' title='bbox 1261 3555 1298 3606; x_wconf 86' lang='lat' dir='ltr'>ac</span> <span class='ocrx_word' id='word_1_168' title='bbox 1320 3539 1476 3618; x_wconf 79' lang='lat' dir='ltr'>iiohemie,</span> 
     </span>
     <span class='ocr_line' id='line_1_24' title="bbox 215 3646 1480 3724; baseline 0.001 -18"><span class='ocrx_word' id='word_1_169' title='bbox 215 3647 391 3720; x_wconf 83' lang='lat' dir='ltr'>Dalmacie,</span> <span class='ocrx_word' id='word_1_170' title='bbox 423 3646 550 3708; x_wconf 88' lang='lat' dir='ltr'>Croacie</span> <span class='ocrx_word' id='word_1_171' title='bbox 585 3653 640 3713; x_wconf 87' lang='lat' dir='ltr'>etc.</span> <span class='ocrx_word' id='word_1_172' title='bbox 674 3647 824 3708; x_wconf 85' lang='lat' dir='ltr'>Memorie</span> <span class='ocrx_word' id='word_1_173' title='bbox 857 3646 1109 3716; x_wconf 82' lang='lat' dir='ltr'>commendantes</span> <span class='ocrx_word' id='word_1_174' title='bbox 1143 3651 1250 3710; x_wconf 90' lang='lat' dir='ltr'>tenore</span> <span class='ocrx_word' id='word_1_175' title='bbox 1285 3647 1480 3724; x_wconf 82' lang='lat' dir='ltr'>presencium</span> 
     </span>
     <span class='ocr_line' id='line_1_25' title="bbox 213 3753 1481 3830; baseline 0.001 -17"><span class='ocrx_word' id='word_1_176' title='bbox 213 3753 425 3828; x_wconf 85' lang='lat' dir='ltr'>significamus</span> <span class='ocrx_word' id='word_1_177' title='bbox 449 3755 563 3828; x_wconf 89' lang='lat' dir='ltr'>quibus</span> <span class='ocrx_word' id='word_1_178' title='bbox 587 3753 713 3830; x_wconf 83' lang='lat' dir='ltr'>expedit</span> <span class='ocrx_word' id='word_1_179' title='bbox 735 3754 897 3828; x_wconf 80' lang='lat' dir='ltr'>uniuersis,</span> <span class='ocrx_word' id='word_1_180' title='bbox 929 3753 1013 3830; x_wconf 88' lang='lat' dir='ltr'>quod</span> <span class='ocrx_word' id='word_1_181' title='bbox 1043 3754 1077 3814; x_wconf 89' lang='lat' dir='ltr'>in</span> <span class='ocrx_word' id='word_1_182' title='bbox 1107 3754 1348 3830; x_wconf 79' lang='lat' dir='ltr'>congregacione</span> <span class='ocrx_word' id='word_1_183' title='bbox 1374 3759 1481 3814; x_wconf 90' lang='lat' dir='ltr'>nostra</span> 
     </span>
     <span class='ocr_line' id='line_1_26' title="bbox 212 3859 1479 3942; baseline 0 -22"><span class='ocrx_word' id='word_1_184' title='bbox 212 3861 350 3935; x_wconf 88' lang='lat' dir='ltr'>generali</span> <span class='ocrx_word' id='word_1_185' title='bbox 373 3860 567 3922; x_wconf 79' lang='lat' dir='ltr'>universitati</span> <span class='ocrx_word' id='word_1_186' title='bbox 588 3860 745 3923; x_wconf 88' lang='lat' dir='ltr'>nobilium</span> <span class='ocrx_word' id='word_1_187' title='bbox 766 3860 928 3934; x_wconf 73' lang='lat' dir='ltr'>crisieusis</span> <span class='ocrx_word' id='word_1_188' title='bbox 952 3859 992 3920; x_wconf 88' lang='lat' dir='ltr'>de</span> <span class='ocrx_word' id='word_1_189' title='bbox 1013 3860 1192 3920; x_wconf 87' lang='lat' dir='ltr'>Werewcze</span> <span class='ocrx_word' id='word_1_190' title='bbox 1214 3875 1250 3918; x_wconf 89' lang='lat' dir='ltr'>ac</span> <span class='ocrx_word' id='word_1_191' title='bbox 1271 3860 1479 3942; x_wconf 76' lang='lat' dir='ltr'>zagrabiensis</span> 
     </span>
     <span class='ocr_line' id='line_1_27' title="bbox 211 3949 1478 4042; baseline 0 -16"><span class='ocrx_word' id='word_1_192' title='bbox 211 3973 241 4026; x_wconf 91' lang='lat' dir='ltr'>et</span> <span class='ocrx_word' id='word_1_193' title='bbox 265 3965 471 4032; x_wconf 82' lang='lat' dir='ltr'>varasdiensis</span> <span class='ocrx_word' id='word_1_194' title='bbox 502 3967 707 4028; x_wconf 87' lang='lat' dir='ltr'>comitatuum</span> <span class='ocrx_word' id='word_1_195' title='bbox 741 3965 819 4026; x_wconf 78' lang='lat' dir='ltr'>feria</span> <span class='ocrx_word' id='word_1_196' title='bbox 842 3967 937 4028; x_wconf 89' lang='lat' dir='ltr'>tercia</span> <span class='ocrx_word' id='word_1_197' title='bbox 960 3967 1106 4042; x_wconf 84' lang='lat' dir='ltr'>proxima</span> <span class='ocrx_word' id='word_1_198' title='bbox 1135 3971 1207 4034; x_wconf 81' lang='lat' dir='ltr'>ante</span> <span class='ocrx_word' id='word_1_199' title='bbox 1229 3965 1346 4038; x_wconf 85' lang='lat' dir='ltr'>festum</span> <span class='ocrx_word' id='word_1_200' title='bbox 1368 3949 1478 4041; x_wconf 82' lang='lat' dir='ltr'>puriti-</span> 
     </span>
     <span class='ocr_line' id='line_1_28' title="bbox 210 4051 1480 4154; baseline 0.002 -22"><span class='ocrx_word' id='word_1_201' title='bbox 210 4073 344 4134; x_wconf 83' lang='lat' dir='ltr'>cacionis</span> <span class='ocrx_word' id='word_1_202' title='bbox 368 4073 457 4130; x_wconf 88' lang='lat' dir='ltr'>beate</span> <span class='ocrx_word' id='word_1_203' title='bbox 481 4073 577 4146; x_wconf 85' lang='lat' dir='ltr'>Marie</span> <span class='ocrx_word' id='word_1_204' title='bbox 600 4051 730 4148; x_wconf 81' lang='lat' dir='ltr'>virginis</span> <span class='ocrx_word' id='word_1_205' title='bbox 753 4071 792 4132; x_wconf 89' lang='lat' dir='ltr'>de</span> <span class='ocrx_word' id='word_1_206' title='bbox 814 4073 944 4148; x_wconf 87' lang='lat' dir='ltr'>speciali</span> <span class='ocrx_word' id='word_1_207' title='bbox 968 4074 1185 4136; x_wconf 84' lang='lat' dir='ltr'>commissione</span> <span class='ocrx_word' id='word_1_208' title='bbox 1200 4077 1231 4132; x_wconf 90' lang='lat' dir='ltr'>et</span> <span class='ocrx_word' id='word_1_209' title='bbox 1246 4072 1393 4148; x_wconf 82' lang='lat' dir='ltr'>mandato</span> <span class='ocrx_word' id='word_1_210' title='bbox 1409 4088 1480 4154; x_wconf 84' lang='lat' dir='ltr'>pre·</span> 
     </span>
     <span class='ocr_line' id='line_1_29' title="bbox 209 4177 1481 4260; baseline 0.001 -22"><span class='ocrx_word' id='word_1_211' title='bbox 209 4177 267 4238; x_wconf 82' lang='lat' dir='ltr'>fati</span> <span class='ocrx_word' id='word_1_212' title='bbox 290 4179 409 4238; x_wconf 91' lang='lat' dir='ltr'>domini</span> <span class='ocrx_word' id='word_1_213' title='bbox 431 4179 528 4241; x_wconf 89' lang='lat' dir='ltr'>nostri</span> <span class='ocrx_word' id='word_1_214' title='bbox 551 4179 637 4254; x_wconf 87' lang='lat' dir='ltr'>regis</span> <span class='ocrx_word' id='word_1_215' title='bbox 660 4194 760 4257; x_wconf 86' lang='lat' dir='ltr'>prope</span> <span class='ocrx_word' id='word_1_216' title='bbox 782 4178 941 4242; x_wconf 85' lang='lat' dir='ltr'>civitatem</span> <span class='ocrx_word' id='word_1_217' title='bbox 963 4180 1196 4254; x_wconf 87' lang='lat' dir='ltr'>zagrabiensem</span> <span class='ocrx_word' id='word_1_218' title='bbox 1209 4179 1374 4251; x_wconf 84' lang='lat' dir='ltr'>celebrata,</span> <span class='ocrx_word' id='word_1_219' title='bbox 1392 4193 1481 4260; x_wconf 76' lang='lat' dir='ltr'>egre·</span> 
     </span>
     <span class='ocr_line' id='line_1_30' title="bbox 214 4285 1477 4374; baseline 0.001 -30"><span class='ocrx_word' id='word_1_220' title='bbox 214 4286 283 4358; x_wconf 87' lang='lat' dir='ltr'>gius</span> <span class='ocrx_word' id='word_1_221' title='bbox 307 4287 454 4358; x_wconf 86' lang='lat' dir='ltr'>magister</span> <span class='ocrx_word' id='word_1_222' title='bbox 475 4285 631 4370; x_wconf 88' lang='lat' dir='ltr'>Johannes</span> <span class='ocrx_word' id='word_1_223' title='bbox 655 4285 794 4358; x_wconf 87' lang='lat' dir='ltr'>Posegay</span> <span class='ocrx_word' id='word_1_224' title='bbox 818 4285 952 4349; x_wconf 89' lang='lat' dir='ltr'>director</span> <span class='ocrx_word' id='word_1_225' title='bbox 975 4301 1138 4356; x_wconf 60' lang='lat' dir='ltr'>causarum</span> <span class='ocrx_word' id='word_1_226' title='bbox 1156 4285 1231 4346; x_wconf 87' lang='lat' dir='ltr'>dicti</span> <span class='ocrx_word' id='word_1_227' title='bbox 1246 4286 1365 4354; x_wconf 85' lang='lat' dir='ltr'>domini</span> <span class='ocrx_word' id='word_1_228' title='bbox 1379 4286 1477 4374; x_wconf 74' lang='lat' dir='ltr'>nostri</span> 
     </span>
     <span class='ocr_line' id='line_1_31' title="bbox 212 4390 1480 4471; baseline 0.003 -22"><span class='ocrx_word' id='word_1_229' title='bbox 212 4391 303 4464; x_wconf 88' lang='lat' dir='ltr'>regis,</span> <span class='ocrx_word' id='word_1_230' title='bbox 327 4390 366 4450; x_wconf 89' lang='lat' dir='ltr'>de</span> <span class='ocrx_word' id='word_1_231' title='bbox 388 4391 492 4451; x_wconf 90' lang='lat' dir='ltr'>medio</span> <span class='ocrx_word' id='word_1_232' title='bbox 514 4391 648 4452; x_wconf 83' lang='lat' dir='ltr'>aliorum</span> <span class='ocrx_word' id='word_1_233' title='bbox 673 4406 836 4466; x_wconf 83' lang='lat' dir='ltr'>exurgens,</span> <span class='ocrx_word' id='word_1_234' title='bbox 849 4393 974 4452; x_wconf 89' lang='lat' dir='ltr'>nomine</span> <span class='ocrx_word' id='word_1_235' title='bbox 999 4397 1028 4450; x_wconf 92' lang='lat' dir='ltr'>et</span> <span class='ocrx_word' id='word_1_236' title='bbox 1051 4392 1084 4450; x_wconf 89' lang='lat' dir='ltr'>in</span> <span class='ocrx_word' id='word_1_237' title='bbox 1106 4407 1238 4471; x_wconf 84' lang='lat' dir='ltr'>persona</span> <span class='ocrx_word' id='word_1_238' title='bbox 1262 4391 1400 4466; x_wconf 76' lang='lat' dir='ltr'>eiusdem</span> <span class='ocrx_word' id='word_1_239' title='bbox 1423 4391 1480 4455; x_wconf 82' lang='lat' dir='ltr'>do·</span> 
     </span>
     <span class='ocr_line' id='line_1_32' title="bbox 212 4497 1479 4577; baseline -0.001 -18"><span class='ocrx_word' id='word_1_240' title='bbox 212 4497 288 4559; x_wconf 88' lang='lat' dir='ltr'>mini</span> <span class='ocrx_word' id='word_1_241' title='bbox 311 4497 408 4558; x_wconf 90' lang='lat' dir='ltr'>nostri</span> <span class='ocrx_word' id='word_1_242' title='bbox 431 4497 514 4572; x_wconf 86' lang='lat' dir='ltr'>regis</span> <span class='ocrx_word' id='word_1_243' title='bbox 537 4504 644 4558; x_wconf 91' lang='lat' dir='ltr'>contra</span> <span class='ocrx_word' id='word_1_244' title='bbox 666 4497 868 4572; x_wconf 89' lang='lat' dir='ltr'>magnificum</span> <span class='ocrx_word' id='word_1_245' title='bbox 898 4497 1091 4572; x_wconf 88' lang='lat' dir='ltr'>Stephanum</span> <span class='ocrx_word' id='word_1_246' title='bbox 1115 4503 1145 4557; x_wconf 90' lang='lat' dir='ltr'>et</span> <span class='ocrx_word' id='word_1_247' title='bbox 1166 4498 1369 4577; x_wconf 58' lang='lat' dir='ltr'>bernardum,</span> <span class='ocrx_word' id='word_1_248' title='bbox 1393 4498 1479 4574; x_wconf 83' lang='lat' dir='ltr'>Duy-</span> 
     </span>
     <span class='ocr_line' id='line_1_33' title="bbox 209 4601 1478 4692; baseline 0 -30"><span class='ocrx_word' id='word_1_249' title='bbox 209 4618 306 4674; x_wconf 92' lang='lat' dir='ltr'>mum,</span> <span class='ocrx_word' id='word_1_250' title='bbox 329 4603 503 4687; x_wconf 84' lang='lat' dir='ltr'>Johannem</span> <span class='ocrx_word' id='word_1_251' title='bbox 527 4608 557 4660; x_wconf 90' lang='lat' dir='ltr'>et</span> <span class='ocrx_word' id='word_1_252' title='bbox 579 4602 744 4665; x_wconf 84' lang='lat' dir='ltr'>Nicolaum</span> <span class='ocrx_word' id='word_1_253' title='bbox 761 4601 799 4662; x_wconf 86' lang='lat' dir='ltr'>de</span> <span class='ocrx_word' id='word_1_254' title='bbox 820 4603 1013 4678; x_wconf 84' lang='lat' dir='ltr'>Frangapan,</span> <span class='ocrx_word' id='word_1_255' title='bbox 1026 4603 1145 4680; x_wconf 82' lang='lat' dir='ltr'>Segnie,</span> <span class='ocrx_word' id='word_1_256' title='bbox 1161 4603 1260 4684; x_wconf 71' lang='lat' dir='ltr'>,Vegle</span> <span class='ocrx_word' id='word_1_257' title='bbox 1271 4610 1302 4664; x_wconf 88' lang='lat' dir='ltr'>et</span> <span class='ocrx_word' id='word_1_258' title='bbox 1316 4603 1478 4692; x_wconf 74' lang='lat' dir='ltr'>Modrusse</span> 
     </span>
     <span class='ocr_line' id='line_1_34' title="bbox 210 4707 1478 4798; baseline 0 -30"><span class='ocrx_word' id='word_1_259' title='bbox 210 4710 349 4780; x_wconf 87' lang='lat' dir='ltr'>comites,</span> <span class='ocrx_word' id='word_1_260' title='bbox 373 4709 499 4771; x_wconf 86' lang='lat' dir='ltr'>Petrum</span> <span class='ocrx_word' id='word_1_261' title='bbox 524 4707 562 4770; x_wconf 90' lang='lat' dir='ltr'>de</span> <span class='ocrx_word' id='word_1_262' title='bbox 585 4708 697 4780; x_wconf 70' lang='lat' dir='ltr'>lunio,</span> <span class='ocrx_word' id='word_1_263' title='bbox 721 4707 890 4786; x_wconf 84' lang='lat' dir='ltr'>Georgium</span> <span class='ocrx_word' id='word_1_264' title='bbox 914 4707 1133 4784; x_wconf 83' lang='lat' dir='ltr'>Mykolychich</span> <span class='ocrx_word' id='word_1_265' title='bbox 1155 4708 1194 4775; x_wconf 82' lang='lat' dir='ltr'>de</span> <span class='ocrx_word' id='word_1_266' title='bbox 1215 4709 1320 4784; x_wconf 73' lang='lat' dir='ltr'>iturin,</span> <span class='ocrx_word' id='word_1_267' title='bbox 1343 4710 1478 4798; x_wconf 74' lang='lat' dir='ltr'>alterurn</span> 
     </span>
     <span class='ocr_line' id='line_1_35' title="bbox 211 4793 1478 4902; baseline 0.003 -30"><span class='ocrx_word' id='word_1_268' title='bbox 211 4813 384 4888; x_wconf 86' lang='lat' dir='ltr'>Georgium</span> <span class='ocrx_word' id='word_1_269' title='bbox 407 4814 596 4890; x_wconf 85' lang='lat' dir='ltr'>lierendych</span> <span class='ocrx_word' id='word_1_270' title='bbox 620 4813 659 4876; x_wconf 87' lang='lat' dir='ltr'>de</span> <span class='ocrx_word' id='word_1_271' title='bbox 682 4813 791 4893; x_wconf 88' lang='lat' dir='ltr'>Lippa,</span> <span class='ocrx_word' id='word_1_272' title='bbox 807 4815 980 4898; x_wconf 86' lang='lat' dir='ltr'>Johannem</span> <span class='ocrx_word' id='word_1_273' title='bbox 993 4815 1110 4883; x_wconf 84' lang='lat' dir='ltr'>dictum</span> <span class='ocrx_word' id='word_1_274' title='bbox 1125 4816 1275 4892; x_wconf 82' lang='lat' dir='ltr'>Krwpay,</span> <span class='ocrx_word' id='word_1_275' title='bbox 1291 4793 1478 4902; x_wconf 72' lang='lat' dir='ltr'>Gregorium</span> 
     </span>
     <span class='ocr_line' id='line_1_36' title="bbox 213 4919 1486 5006; baseline 0 -26"><span class='ocrx_word' id='word_1_276' title='bbox 213 4920 368 4992; x_wconf 72' lang='lat' dir='ltr'>drudam,</span> <span class='ocrx_word' id='word_1_277' title='bbox 403 4920 623 4996; x_wconf 78' lang='lat' dir='ltr'>Paulusycziri,</span> <span class='ocrx_word' id='word_1_278' title='bbox 654 4919 839 4990; x_wconf 68' lang='lat' dir='ltr'>michaelem</span> <span class='ocrx_word' id='word_1_279' title='bbox 860 4927 892 4982; x_wconf 89' lang='lat' dir='ltr'>et</span> <span class='ocrx_word' id='word_1_280' title='bbox 915 4921 1070 4988; x_wconf 85' lang='lat' dir='ltr'>Thomam</span> <span class='ocrx_word' id='word_1_281' title='bbox 1093 4922 1236 5006; x_wconf 70' lang='lat' dir='ltr'>Thompn</span> <span class='ocrx_word' id='word_1_282' title='bbox 1260 4922 1299 4991; x_wconf 85' lang='lat' dir='ltr'>de</span> <span class='ocrx_word' id='word_1_283' title='bbox 1320 4923 1486 5002; x_wconf 68' lang='lat' dir='ltr'>Hermus,</span> 
     </span>
     <span class='ocr_line' id='line_1_37' title="bbox 208 5026 1484 5118; baseline 0.001 -30"><span class='ocrx_word' id='word_1_284' title='bbox 208 5027 382 5116; x_wconf 81' lang='lat' dir='ltr'>Jolmnnem</span> <span class='ocrx_word' id='word_1_285' title='bbox 405 5027 574 5098; x_wconf 85' lang='lat' dir='ltr'>vairodam</span> <span class='ocrx_word' id='word_1_286' title='bbox 604 5026 758 5104; x_wconf 78' lang='lat' dir='ltr'>Humzky,</span> <span class='ocrx_word' id='word_1_287' title='bbox 789 5027 984 5096; x_wconf 86' lang='lat' dir='ltr'>Bernardum</span> <span class='ocrx_word' id='word_1_288' title='bbox 1013 5027 1189 5111; x_wconf 80' lang='lat' dir='ltr'>Zthochytlr</span> <span class='ocrx_word' id='word_1_289' title='bbox 1219 5029 1258 5091; x_wconf 89' lang='lat' dir='ltr'>de</span> <span class='ocrx_word' id='word_1_290' title='bbox 1286 5029 1396 5102; x_wconf 80' lang='lat' dir='ltr'>Zkrad,</span> <span class='ocrx_word' id='word_1_291' title='bbox 1426 5031 1484 5118; x_wconf 88' lang='lat' dir='ltr'>Jo-</span> 
     </span>
    </p>
   </div>
   <div class='ocr_carea' id='block_1_12' title="bbox 0 0 1918 5822">
    <p class='ocr_par' dir='ltr' id='par_1_12' title="bbox 0 0 1918 5822">
     <span class='ocr_line' id='line_1_38' title="bbox 0 0 1918 5822; baseline 0 4"><span class='ocrx_word' id='word_1_292' title='bbox 0 0 1918 5822; x_wconf 95' lang='lat' dir='ltr'> </span> 
     </span>
    </p>
   </div>
  </div>
 </body>
</html>
