3764 5924
364 543 427 614 526
756 541 896 602 Addense
919 553 946 602 2.
971 573 1012 584 -
1035 541 1091 603 An.
1115 536 1206 620 1436.

363 763 394 817 et
417 757 526 817 tributi
548 757 724 830 statucione,
742 770 800 831 pro
817 756 936 816 eisdem
955 757 1090 816 dominis
1113 757 1152 816 de
1175 757 1258 816 dicto
1282 758 1420 833 capitulo
1434 754 1633 830 zagrabiensi

363 878 481 923 necnon
513 869 632 922 rectore
663 863 812 937 prelibati
834 863 941 922 altaris
963 869 1066 922 sancte
1088 864 1188 922 crucis
1210 864 1270 922 rite
1293 863 1374 924 iacta
1404 861 1559 934 contectis,
1583 865 1633 920 te·

363 983 475 1027 norum
509 967 787 1040 subnotandorum,
821 968 1002 1046 supplicans
1033 968 1144 1028 exinde
1174 968 1259 1028 idem
1288 968 1426 1028 Thomas
1464 967 1632 1040 archidya-

364 1089 458 1134 conus
489 1080 518 1134 et
541 1075 714 1148 canonicus,
738 1090 856 1134 necnon
878 1080 981 1134 rector
1004 1076 1171 1150 prescripti
1193 1075 1302 1134 altaris
1324 1079 1428 1134 sancte
1450 1073 1549 1132 crucis
1569 1087 1631 1131 suo

364 1186 394 1240 et
427 1181 640 1255 predictorum
671 1179 871 1240 dominorum
904 1179 944 1239 de
968 1180 1051 1240 dicto
1074 1181 1212 1256 capitulo
1234 1181 1426 1256 zagrabiensi
1447 1179 1631 1239 nominibus

248 1347 252 1356 ,
364 1291 394 1344 et
425 1287 457 1346 in
491 1286 631 1361 personis
662 1287 814 1346 maiestati
844 1292 948 1345 nostre
982 1287 1144 1346 humiliter
1173 1293 1205 1346 et
1236 1287 1356 1357 devote,
1379 1291 1415 1346 ut
1436 1287 1492 1344 bas
1515 1285 1629 1342 ambas

364 1392 484 1452 litteras
507 1393 645 1452 annotati
667 1393 796 1467 capituli
818 1394 1008 1452 chasmensis
1028 1394 1243 1468 privilegiales
1264 1393 1378 1452 nostris
1401 1391 1513 1450 litteris
1535 1390 1625 1449 simi·

363 1499 436 1558 liter
468 1498 717 1572 privilegiaiibus
749 1499 919 1558 verbaliter
941 1499 1036 1560 inseri
1058 1505 1089 1558 et
1111 1500 1226 1558 ascribi
1249 1498 1404 1572 iacientes,
1427 1513 1485 1572 pro
1508 1495 1630 1555 eisdem

364 1605 498 1664 dominis
530 1603 569 1664 de
602 1602 732 1664 iamfato
762 1605 901 1678 capitulo
930 1605 1132 1678 zagrabiensi
1154 1620 1272 1666 necnon
1295 1605 1387 1664 altari
1409 1607 1571 1678 prenotato
1594 1610 1630 1662 et

362 1711 477 1770 rectori
493 1697 638 1772 ¹eiusdem
656 1725 714 1784 pro
730 1715 871 1784 tempore
894 1712 1060 1770 constituto
1083 1711 1281 1785 perhenniter
1304 1711 1454 1770 valituras
1476 1709 1631 1768 innovan-

365 1823 418 1886 tes,
442 1814 628 1876 confirmare
651 1831 687 1874 ac
710 1815 889 1879 huiusmodi
912 1815 1114 1874 donacionem
1137 1822 1167 1874 et
1190 1816 1462 1891 perpetuacionem
1485 1814 1628 1888 ipsarum

366 1922 605 1996 possessionum,
623 1920 793 1995 tribulique
804 1921 932 1980 antelati
947 1937 1004 1996 per
1026 1927 1207 1982 annotatum
1228 1921 1432 1995 Rodolphum
1455 1919 1552 1992 factis,
1567 1933 1627 1980 no-

363 2033 461 2088 strum
493 2027 615 2100 regium
646 2025 832 2086 benivolum
861 2041 1045 2086 consensum
1076 2027 1226 2086 adhibere
1248 2027 1450 2100 dignarentur
1471 2031 1501 2085 et
1523 2039 1631 2084 assen-

363 2149 441 2194 sum.
473 2132 744 2207 Quarumquidem
768 2133 943 2192 litterarum
960 2135 1114 2208 prenotati
1137 2133 1266 2208 capituli
1289 2132 1417 2193 ecclesie
1438 2129 1630 2193 chasmensis

363 2240 453 2302 unius
478 2238 690 2314 privilegialis
713 2239 816 2298 littere
838 2247 926 2298 tenor
948 2239 974 2297 is
997 2245 1060 2300 est:
1082 2233 1167 2318 (vide
1189 2238 1268 2298 Doc.
1293 2252 1342 2308 75.
1365 2253 1433 2300 ann.
1459 2249 1551 2312 1434.
1575 2234 1629 2295 die

366 2359 415 2416 ²5·
438 2335 534 2428 Julii).
557 2343 697 2406 Alterius
719 2359 796 2402 vero
819 2343 959 2406 eiusdem
982 2345 1111 2418 capituli
1134 2345 1278 2404 similiter
1293 2343 1500 2419 privilegialis
1522 2341 1629 2402 littere

364 2450 553 2514 continencia
576 2451 717 2510 verbalis
740 2457 787 2510 est
809 2450 901 2510 talis:
926 2445 1010 2530 (vide
1033 2451 1109 2510 Doc.
1132 2446 1184 2524 78,
1207 2466 1275 2516 anu.
1302 2464 1395 2526 1434.
1408 2449 1459 2508 die
1483 2463 1533 2522 23,
1555 2463 1627 2522 sep·

363 2548 515 2635 tembris).
549 2555 615 2618 Nos
647 2556 743 2629 igitur
776 2555 971 2630 humillimis,
1006 2556 1189 2631 devotisque
1216 2556 1397 2618 huiuamodi
1419 2553 1627 2631 peticionibus

363 2661 437 2722 dicti
468 2661 608 2724 Thomae
645 2661 864 2734 archidyaconi
896 2677 932 2720 ac
965 2663 1105 2722 canonici
1126 2668 1158 2722 et
1178 2663 1308 2724 rectoris
1329 2662 1437 2722 altaris
1460 2659 1627 2735 prescripti

362 2781 418 2828 suo
448 2773 479 2829 et
508 2765 720 2841 predictorum
754 2765 953 2828 dominorum
978 2769 1197 2830 canonicorum
1219 2767 1384 2832 memorati
1405 2765 1533 2840 capituli
1555 2779 1629 2839 pre·

250 2902 253 2907 ·
362 2874 459 2936 libate
489 2872 617 2934 ecclesie
646 2873 855 2946 zagrabiensis
885 2875 1064 2934 nominibus
1095 2877 1279 2950 peripsum
1297 2880 1402 2934 nostre
1424 2872 1518 2934 modo
1540 2875 1629 2930 ante-

364 2979 446 3042 dicto
477 2985 619 3053 porrecte
643 2977 796 3040 maiestati
827 2979 1000 3052 benigniter
1030 2979 1182 3040 exauditis
1205 2987 1236 3040 et
1257 2980 1410 3051 admissis,
1433 2978 1624 3053 prescriptas

364 3085 441 3147 duas
464 3085 584 3148 litteras
618 3083 765 3158 prelibati
795 3084 926 3158 capituli
947 3086 1136 3146 chasmensis
1160 3085 1380 3160 privilegiales,
1402 3100 1465 3146 non
1488 3084 1628 3155 abrasas,

363 3208 425 3256 non
447 3191 643 3263 cancellatas,
666 3205 722 3250 nec
737 3193 770 3250 in
790 3191 897 3270 aliqua
914 3207 1022 3250 earum
1046 3197 1135 3266 parte
1157 3191 1294 3264 viciatas,
1317 3191 1373 3252 sed
1387 3191 1473 3251 omni
1495 3204 1627 3264 prorsus

363 3299 444 3358 ricio
468 3298 651 3374 suspicionis
674 3303 822 3369 carentes,
838 3299 1097 3372 presentibusque
1116 3299 1228 3357 litteris
1239 3298 1352 3356 nostris
1373 3295 1629 3371 privilegialibus

364 3405 551 3465 verbotenus
588 3405 654 3466 sine
686 3403 895 3466 diminucione
922 3411 953 3462 et
983 3410 1150 3478 augmento
1181 3405 1312 3478 aliquali
1342 3404 1481 3475 insertas,
1520 3400 1627 3474 quoad

363 3525 470 3570 omnes
500 3511 640 3582 ipsarum
669 3509 884 3578 continendas,
920 3511 1076 3572 clausulas
1097 3515 1127 3568 et
1149 3511 1305 3581 articulos,
1327 3515 1453 3568 eatenus
1475 3513 1628 3582 quatenus

364 3615 472 3678 eedem
501 3615 560 3678 rite
592 3625 622 3679 et
651 3615 852 3676 inviolabiter
883 3623 1023 3676 emanare
1054 3622 1133 3688 sunt,
1164 3616 1347 3689 viribusque
1379 3629 1486 3674 earum
1508 3612 1628 3673 veritas

364 3722 561 3795 suffragatur,
592 3727 799 3796 acceptamus,
821 3724 1036 3796 approbamus
1058 3728 1089 3780 et
1110 3721 1319 3792 ratificamus;
1340 3720 1626 3792 nichilominusque

364 3829 405 3886 ob
428 3827 602 3890 remedium
624 3828 733 3889 salutis
756 3827 858 3890 anime
881 3833 985 3890 nostre
1003 3829 1097 3890 simul
1113 3844 1187 3888 cum
1209 3827 1379 3892 donacione
1401 3841 1437 3889 ac
1460 3831 1627 3900 perpetua·

364 3934 461 4002 cione,
483 3934 713 4008 statucioneque
735 3934 976 4008 possessionaria
999 3939 1029 3994 et
1052 3935 1216 3996 tributaria
1249 3934 1382 4008 aliisque
1414 3931 1559 3995 omnibus
1593 3935 1627 3993 et

364 4039 493 4112 singulis
526 4039 684 4112 premissis
707 4041 850 4114 superius
873 4041 905 4100 in
925 4040 1067 4114 ipsarum
1089 4039 1244 4102 dictarum
1266 4041 1443 4117 litterarum
1465 4037 1628 4102 tenoribus

365 4145 462 4206 lacius
492 4145 656 4219 explicatis
687 4151 717 4204 et
747 4147 906 4217 contentis,
938 4147 1054 4207 cunctis
1084 4145 1201 4206 eisdem
1230 4151 1374 4206 nostrum
1395 4144 1517 4218 regium
1539 4143 1627 4204 beni·

364 4253 474 4314 volum
497 4266 680 4312 consensum
702 4251 866 4316 uberalem
890 4253 1008 4326 pariter
1030 4257 1062 4311 et
1083 4267 1241 4312 assensum
1265 4250 1451 4322 exhibendo,
1473 4263 1629 4313 merano·

364 4363 426 4418 stra
449 4357 605 4431 imperiali
621 4365 651 4416 et
666 4358 765 4430 regali
780 4359 961 4418 auctoritate
983 4367 1013 4417 et
1036 4360 1196 4432 potestatis
1211 4357 1406 4434 plenitudine
1420 4373 1459 4430 ea
1478 4363 1627 4428 certaque

363 4469 467 4522 nostre
489 4464 658 4522 maiestatis
673 4463 803 4522 sciencia
817 4479 934 4524 necnon
954 4465 993 4522 de
1017 4479 1167 4524 consensu
1191 4469 1222 4524 et
1245 4465 1407 4524 voluntate
1429 4463 1625 4524 serenissime

258 4604 261 4610 ·
365 4570 513 4644 principis
546 4569 672 4630 domine
703 4569 839 4628 Barbare
862 4571 976 4642 regine,
999 4572 1150 4630 consortis
1172 4577 1277 4630 nostre
1299 4571 1465 4658 carissime,
1488 4568 1626 4643 prelato·

364 4691 560 4749 rumquoque
592 4682 623 4734 et
656 4678 809 4734 baronum
845 4682 1024 4736 nostrorum
1058 4677 1187 4735 consilio
1216 4683 1396 4752 prematuro
1424 4688 1482 4750 pro
1512 4673 1625 4734 iisdem

365 4782 498 4842 dominis
521 4783 675 4843 canonicis
691 4782 729 4840 de
753 4789 891 4856 pretacto
914 4783 1051 4856 capitulo
1074 4783 1154 4842 dicte
1176 4785 1303 4843 ecclesie
1318 4781 1532 4856 zagrabiensis,
1554 4795 1626 4840 nec·
1717 4845 1723 4854 ‚

364 4903 425 4946 non
448 4888 541 4948 altari
563 4896 666 4949 sancte
697 4888 796 4948 crucis
819 4887 968 4961 predicto,
992 4904 1028 4948 ac
1050 4891 1164 4950 rectori
1186 4890 1284 4964 ipsius
1307 4905 1365 4964 pro
1387 4895 1529 4962 tempore
1551 4901 1625 4944 con·

364 4994 470 5052 stituto
493 5000 643 5069 perpetue
665 4995 815 5054 valituras
838 4993 1014 5058 innovando
1037 4996 1266 5068 confirmamus,
1290 5010 1326 5054 ac
1341 4995 1527 5054 roboramus
1553 5008 1624 5068 pre·
