3764 5924
779 1557 1231 1658 ADDENDA.

995 1842 1022 1906 1.

477 1983 558 2032 Anno
580 1994 654 2047 1435.
677 1993 715 2043 19,
735 1983 889 2034 novembris.
910 1982 1058 2047 Zagrabiee.

378 2093 544 2166 Capitulum
576 2091 693 2166 ragrab.
717 2092 917 2151 communitate
950 2092 1075 2149 ciuitatis
1098 2092 1204 2149 mentri
1243 2089 1392 2149 Grecensir
1414 2099 1543 2164 rogante,
1560 2094 1637 2165 pri·

521 2199 654 2272 vilegium
677 2216 696 2254 a
721 2197 904 2270 &gismundo
928 2215 997 2272 rege
1021 2194 1058 2255 de
1081 2197 1258 2255 libertatibus
1280 2197 1386 2256 editum
1408 2198 1502 2258 mitta.

480 2343 542 2400 Nos
559 2341 731 2417 capitulum
755 2343 883 2401 ecclesie
906 2343 1119 2416 zagrabiensis.
1143 2342 1258 2400 Notum
1283 2341 1412 2402 facimus
1435 2346 1543 2400 tenore
1567 2359 1643 2416 pre·

371 2449 509 2507 cencium
540 2449 654 2522 quibus
685 2447 811 2522 expedit
840 2449 1003 2521 universis,
1028 2448 1111 2522 quod
1135 2447 1286 2522 providus
1308 2448 1358 2508 vir
1379 2449 1522 2532 Jacobus,
1547 2448 1640 2508 filius

372 2555 532 2638 johannis,
556 2554 631 2612 dicti
652 2554 735 2626 Bole,
751 2551 869 2630 juratus
885 2561 914 2613 et
937 2555 1014 2612 civis
1037 2554 1170 2612 civitatis
1185 2555 1299 2612 montis
1316 2553 1477 2614 Greeensis
1495 2553 1534 2612 de
1547 2555 1641 2613 iuxta

370 2660 563 2734 Zagrabiam,
594 2661 627 2718 in
657 2675 712 2718 sua
743 2675 779 2718 ao
807 2657 927 2736 judicis,
958 2659 1133 2736 juratorum
1156 2667 1186 2718 et
1217 2661 1433 2720 universorum
1458 2660 1574 2718 civium
1603 2663 1637 2720 et

370 2767 529 2841 hospitum
560 2766 694 2826 civitatis
717 2767 831 2824 montis
852 2765 1018 2824 Grecensis
1042 2765 1180 2840 predicte
1210 2767 1359 2840 personis,
1382 2771 1520 2824 nostram
1545 2767 1637 2825 veni-

370 2888 423 2930 ens
453 2873 485 2930 in
523 2872 723 2946 presenciam,
758 2869 898 2930 exhibuit
928 2878 958 2930 et
988 2872 1178 2946 presentavit
1206 2873 1297 2930 nobis
1334 2871 1483 2945 quasdam
1513 2871 1639 2931 litteras

370 2979 557 3037 serenissimi
587 2983 616 3037 et
645 2978 840 3036 invictissimi
871 2979 1030 3054 principis,
1066 2978 1185 3037 domini
1216 2976 1415 3052 sigismundi,
1447 2977 1498 3036 dei
1526 2979 1638 3051 gracia

369 3085 582 3142 Romanorum
612 3085 817 3159 imperatoris,
835 3100 958 3160 semper
979 3086 1109 3157 augusti,
1126 3099 1161 3143 ac
1184 3085 1351 3158 Hungarie,
1375 3085 1530 3156 Bohemie‚
1554 3085 1637 3143 Dal·

370 3191 477 3262 macie,
508 3190 635 3250 Croacie
666 3196 721 3252 etc.
750 3191 840 3264 regis,
868 3190 985 3250 domini
1016 3193 1113 3250 nostri
1145 3191 1303 3263 naturalis,
1335 3195 1483 3266 patentes,
1515 3193 1638 3250 tenoris

370 3295 567 3372 infrascripti,
601 3302 707 3372 petens
738 3311 794 3355 nos
825 3296 929 3356 debita
960 3313 1031 3355 cum
1061 3297 1209 3355 instancia
1231 3303 1266 3354 nt
1288 3303 1426 3355 tenorem
1450 3296 1638 3355 earumdem

370 3403 401 3460 in
425 3402 536 3462 litteris
550 3405 663 3462 nostris
680 3404 772 3462 inseri
796 3418 832 3462 ac
855 3403 893 3462 de
914 3404 1014 3463 verbo
1037 3403 1076 3461 ad
1099 3405 1234 3462 verbum
1257 3405 1481 3478 transsumpmi
1503 3406 1533 3460 et
1548 3408 1638 3462 uan-

369 3509 464 3567 scribi
494 3507 644 3581 faciendo,
674 3509 792 3568 eisdem
815 3509 890 3568 dare
914 3509 1116 3582 dignaremur
1138 3508 1215 3586 juris
1237 3510 1379 3584 ipsorum
1401 3507 1441 3566 ad
1465 3509 1632 3567 cautelam.

369 3615 509 3688 Quarum
532 3622 621 3674 tenor
635 3617 707 3674 talis
723 3621 781 3675 est:
807 3611 891 3694 (vide
913 3617 989 3675 Doc.
1017 3617 1065 3690 89.
1089 3615 1128 3674 de
1150 3630 1230 3674 anno
1259 3629 1351 3691 1425.
1376 3615 1404 3676 8.
1426 3606 1635 3690 novembris).

369 3721 434 3778 Nos
456 3721 551 3795 igitur
573 3718 662 3796 justis
685 3726 715 3780 et
739 3720 800 3797 juri
823 3723 964 3780 consonis
986 3722 1192 3796 peticionibus
1215 3721 1328 3796 prelati
1350 3720 1469 3804 Jacobi,
1492 3717 1550 3777 filii
1575 3719 1633 3802 Jo-

368 3828 478 3886 hannis
502 3827 577 3887 Bole
607 3843 663 3886 suo
687 3833 717 3887 et
738 3829 917 3887 nominibus
942 3829 1055 3901 quibus
1079 3843 1181 3901 supra,
1198 3827 1237 3885 ad
1260 3842 1317 3886 nos
1340 3825 1428 3888 factis
1451 3831 1632 3898 annuentes,

368 3933 524 4007 predictas
556 3934 674 3992 litteras
698 3933 772 3993 dicti
788 3934 908 3992 domini
930 3935 1028 3992 nostri
1051 3934 1249 4008 imperatoris
1272 3940 1303 3992 et
1325 3933 1407 4006 regis
1430 3931 1630 4007 presentibus

367 4039 479 4098 litteris
500 4041 613 4098 nostris
635 4041 728 4098 inseri
750 4055 786 4098 ac
809 4039 847 4098 de
871 4041 968 4098 verbo
990 4038 1030 4096 ad
1052 4041 1185 4098 verbum
1209 4039 1393 4098 transummi
1413 4044 1443 4096 et
1458 4037 1626 4096 transcribi

369 4145 536 4219 sigilloque
566 4150 673 4204 nostro
703 4145 848 4220 pendenti
872 4145 1059 4203 communiri
1081 4143 1222 4203 faciendo
1246 4143 1363 4202 eisdem
1387 4143 1536 4202 duximus
1557 4157 1633 4201 con·

368 4250 527 4323 cedendas,
557 4249 634 4327 juris
667 4252 808 4324 ipsorum
838 4251 878 4310 ad
901 4251 1065 4310 cautelam.
1091 4251 1207 4309 Datum
1230 4257 1341 4309 octavo
1374 4249 1425 4308 die
1448 4249 1518 4308 festi
1540 4249 1628 4307 beati

369 4357 492 4415 Martini
522 4357 659 4431 episcopi
692 4362 722 4415 et
752 4356 943 4416 contessoris.
970 4358 1058 4414 Anno
1083 4355 1201 4414 domini
1224 4355 1394 4414 millesimo
1421 4355 1631 4429 quadringen-

368 4463 479 4520 tesimo
502 4463 658 4520 tricesimo
681 4463 789 4536 quinto
813 4461 999 4537 supradicto

474 4597 606 4662 Originele
625 4599 652 4647 in
671 4600 825 4651 membrana.
846 4601 916 4648 Zona
934 4598 1031 4648 sericea
1047 4599 1125 4650 rubra
1143 4606 1169 4648 et
1187 4599 1247 4648 albe
1265 4599 1396 4664 appendet
1416 4599 1514 4662 absque
1533 4597 1631 4662 sigillo.

368 4691 400 4736 In
418 4688 512 4738 archiv.
532 4687 592 4739 incl.
613 4687 691 4738 Acad.
712 4687 807 4740 Scient.
827 4687 925 4739 Slnvor.
945 4688 1035 4739 merid.
