3930 5802
763 597 837 657 Doc.
859 607 926 673 147.
950 629 994 640 -
1018 597 1073 655 An.
1097 609 1190 675 1449.
1532 613 1591 668 205

327 809 440 868 zeduar
463 810 638 884 predictum
664 819 694 870 et
718 813 871 870 tributum
894 813 953 870 sub
977 811 1088 870 eodem
1122 819 1223 870 castro
1258 812 1340 884 exigi
1375 811 1503 870 solitum
1538 812 1593 870 du·

327 922 454 988 centem,
480 917 638 989 quandam
661 918 756 976 aliam
779 933 896 976 novam
919 919 1005 976 viam
1028 931 1137 975 versus
1171 917 1401 991 possessionem
1435 915 1594 976 Ztulbicza

327 1028 357 1080 et
372 1023 413 1080 ab
428 1023 500 1081 inde
515 1024 555 1082 ad
573 1025 744 1098 Krapinam
769 1023 943 1083 tendentem
965 1023 1195 1084 adinvenientes
1211 1029 1241 1082 et
1263 1022 1323 1082 sibi
1337 1023 1413 1096 ipsis
1435 1023 1592 1097 eligentes,

325 1129 445 1188 tamin
468 1129 551 1189 dicto
574 1131 643 1188 loco
666 1131 764 1206 ipsius
786 1132 834 1189 sui
857 1131 966 1190 tributi
989 1130 1048 1188 sub
1072 1130 1155 1189 dicto
1179 1135 1280 1188 castro
1297 1129 1487 1188 Zomzetluar
1511 1130 1594 1203 exigi

325 1235 418 1308 soliti,
441 1251 537 1309 quam
560 1237 658 1295 eciam
679 1237 712 1295 in
734 1236 816 1295 dicta
839 1237 900 1294 alia
923 1251 1005 1294 nova
1027 1237 1079 1294 via
1113 1252 1170 1311 per
1204 1236 1330 1295 eosdem
1357 1235 1523 1293 adinventa
1554 1235 1593 1292 de

324 1342 418 1400 rebus
441 1348 472 1401 et
493 1343 681 1402 animalibus
703 1343 844 1417 ipsorum
868 1343 1030 1401 venalibus
1052 1359 1090 1401 ex
1113 1343 1295 1401 mercanciis
1326 1343 1444 1400 tributa
1466 1343 1525 1401 sibi
1562 1347 1592 1401 et

324 1448 388 1506 suis
411 1449 583 1508 tributariis
602 1450 681 1530 dare
703 1455 733 1507 et
755 1450 919 1509 exsolvere
933 1451 1059 1510 nollent
1082 1455 1112 1508 et
1138 1454 1315 1509 recusarent
1329 1450 1362 1508 in
1376 1465 1468 1507 suum
1490 1449 1592 1524 prelu-

324 1553 441 1612 dicium
464 1559 494 1614 et
516 1555 689 1631 dampnum
712 1555 806 1614 valde
828 1571 986 1629 magnum,
1009 1573 1047 1614 ex
1072 1562 1161 1630 parte
1183 1571 1318 1630 quorum
1351 1556 1412 1614 sibi
1445 1572 1502 1630 per
1535 1571 1592 1614 nos

322 1657 474 1735 judicium
496 1667 526 1720 et
546 1659 701 1738 justiciam
725 1663 897 1738 postulavit
918 1663 1081 1738 impertiri.
1106 1662 1176 1735 Quo
1199 1661 1305 1720 audito
1329 1659 1442 1735 prefati
1458 1661 1589 1734 Blasius,

324 1765 481 1825 Corardus
496 1774 527 1826 et
541 1769 691 1842 Matheus,
708 1771 799 1842 cives,
815 1769 846 1828 in
870 1769 1012 1844 ipsorum
1034 1775 1064 1826 et
1087 1768 1241 1826 dictorum
1264 1767 1384 1842 judicis,
1407 1766 1590 1842 juratorum,

324 1873 521 1948 aliorumque
567 1876 684 1934 civium
719 1883 749 1934 et
787 1877 1032 1935 inhabitatorum
1066 1873 1185 1950 prefate
1220 1874 1353 1932 civitatis
1384 1875 1591 1946 zagrabiensis

322 1980 500 2038 nominibus
523 1989 553 2039 et
575 1982 607 2039 in
630 1983 770 2054 personis
792 1989 935 2040 nostram
959 1987 1142 2054 exurgentes
1176 1982 1209 2039 in
1236 1981 1429 2055 presenciam
1463 1996 1590 2056 respon-

323 2083 435 2144 derunt
457 2101 495 2144 ex
511 2086 658 2146 adverso:
682 2089 840 2162 quomodo
863 2088 932 2161 ipsi,
949 2087 1169 2161 predictusque
1184 2085 1286 2163 judex,
1309 2085 1411 2164 jurati,
1435 2088 1590 2161 ceterique

323 2191 406 2250 cives
429 2199 459 2251 et
481 2194 705 2252 inhabitatores
741 2194 821 2253 dicte
854 2195 987 2253 civitatis
1021 2195 1230 2268 zagrabiensis
1263 2195 1343 2252 intra
1379 2195 1527 2252 terminos
1560 2201 1590 2252 et

322 2295 437 2356 limites
459 2299 548 2372 regni
570 2300 729 2373 Hungarie
752 2305 783 2358 et
805 2301 948 2375 parcium
971 2301 1032 2359 sibi
1054 2301 1265 2360 subiectarum
1300 2306 1366 2358 tam
1389 2299 1428 2358 de
1450 2301 1590 2374 personis

322 2419 417 2477 quam
440 2404 479 2463 de
501 2407 595 2464 rebus
618 2411 647 2464 et
670 2407 879 2465 mercimoniis
903 2422 1013 2466 eorum
1047 2407 1241 2481 quibuslibet
1275 2407 1433 2465 tributum
1466 2407 1589 2464 solvere

321 2525 383 2568 non
403 2516 552 2582 tenentur,
576 2517 606 2570 et
627 2513 660 2571 in
681 2512 861 2572 huiusmodi
883 2514 1175 2587 comprobacionem
1216 2513 1336 2571 litteras
1359 2513 1436 2571 olim
1460 2513 1588 2572 serenis-

320 2617 392 2675 simi
415 2617 565 2692 principis
588 2618 791 2677 dominiBele
807 2620 887 2692 regis
905 2619 1016 2693 quarti,
1039 2635 1119 2677 anno
1143 2619 1261 2677 domini
1284 2619 1453 2688 millesimo
1476 2618 1589 2677 ducen-

321 2723 431 2781 tesimo
458 2724 650 2797 sexagesimo
673 2731 769 2796 sexto,
792 2739 873 2783 nono
908 2724 1057 2783 kalendas
1091 2725 1276 2796 decembris,
1300 2725 1388 2798 regni
1410 2731 1513 2783 autem
1540 2727 1588 2784 sui

321 2829 478 2888 tricesimo
501 2831 605 2904 primo
629 2831 868 2905 privilegialiter
884 2841 1052 2906 emanatas,
1072 2831 1212 2905 dupplici
1234 2846 1291 2889 suo
1306 2830 1411 2904 sigillo
1435 2831 1588 2890 autentico

322 2935 467 3010 vallatas,
493 2951 598 2994 coram
621 2937 712 2995 nobis
735 2943 882 2996 curarunt
905 2939 1059 3009 exhibere,
1083 2938 1116 2995 in
1150 2938 1263 3010 quibus
1297 2938 1376 2996 inter
1410 2942 1510 2996 cetera
1530 2938 1588 2995 hec

321 3041 463 3100 clausula
486 3043 758 3104 adinveniebatur:
781 3045 858 3102 ltem
882 3045 1001 3102 tributa
1023 3043 1104 3102 inira
1127 3044 1248 3116 regales
1271 3044 1420 3102 terminos
1443 3043 1474 3100 in
1496 3043 1586 3101 nullo

319 3150 388 3206 loco
411 3149 534 3207 solvere
557 3154 724 3209 teneantur.
750 3149 872 3223 Quibus
896 3149 1042 3208 exhibitis
1067 3149 1207 3224 prefatus
1243 3150 1418 3222 Hennyngh
1449 3149 1585 3220 alegavit

318 3256 374 3312 tali
397 3255 507 3314 modo:
531 3256 614 3329 quod
639 3258 783 3331 quamvis
807 3256 945 3330 prelatus
968 3256 1101 3315 condam
1125 3255 1269 3314 dominus
1293 3255 1366 3312 Bela
1391 3271 1447 3313 rex
1490 3255 1584 3327 preli-

318 3361 399 3418 batis
423 3361 543 3420 civibus
581 3363 833 3434 zagrabiensibus
857 3368 1029 3436 pretactam
1052 3363 1230 3420 libertatem
1253 3363 1285 3419 in
1308 3361 1428 3434 prelata
1444 3361 1585 3418 clausula

317 3469 349 3526 in
371 3469 560 3542 prenarratis
583 3469 695 3528 litteris
718 3470 781 3527 suis
803 3467 1003 3528 adinventam
1027 3467 1217 3526 declaratam
1241 3467 1361 3526 dederit
1389 3473 1419 3525 et
1457 3475 1596 3524 consen·'

317 3575 398 3646 serit,
421 3581 525 3633 tamen
549 3577 621 3650 quia
643 3575 675 3632 in
708 3575 888 3634 huiusmodi
921 3576 1061 3633 clausula
1096 3575 1157 3649 ipsi
1187 3575 1270 3632 cives
1306 3575 1522 3646 zagrabienses
1545 3574 1584 3631 de

316 3682 411 3739 rebus
435 3697 543 3740 eorum
567 3682 854 3740 mercimonialibus
870 3698 888 3739 a
905 3682 1064 3740 solucione
1077 3681 1151 3740 dicti
1174 3681 1284 3739 tributi
1300 3680 1431 3738 minime
1447 3680 1583 3752 exempti

316 3787 384 3845 iore
407 3787 635 3860 denotarentur,
658 3789 700 3845 ob
723 3789 782 3847 hoc
805 3788 866 3862 ipsi
889 3787 973 3846 cives
995 3787 1153 3862 prelatum
1178 3789 1332 3845 tributum
1368 3785 1406 3843 de
1437 3786 1583 3860 pretactis

315 3894 458 3968 ipsorum
480 3895 574 3953 rebus
600 3901 630 3952 et
652 3895 841 3953 animalibus
865 3895 896 3952 in
919 3895 990 3952 loco
1013 3893 1087 3952 dicti
1110 3895 1159 3951 sui
1194 3894 1305 3952 tributi
1338 3893 1430 3951 sicuti
1465 3891 1583 3950 aliasa

315 4001 474 4059 nonnullis
495 4003 655 4059 retroactis
678 4002 873 4076 temporibus
905 4017 1004 4074 usque
1038 4002 1070 4058 in
1103 4002 1334 4073 presenciarum
1369 3997 1581 4069 exsolvissent,

316 4106 390 4165 dare
413 4113 442 4164 et
466 4109 646 4181 persolvere
669 4108 817 4166 deberent
841 4114 870 4166 et
893 4113 1078 4166 tenerentur.
1102 4108 1137 4164 In
1162 4107 1243 4165 lacto
1267 4112 1372 4164 autem
1399 4081 1581 4179 pretitulato

315 4213 363 4270 sui
385 4213 495 4272 tributi
517 4215 692 4287 antiquiora
716 4219 745 4271 et
768 4213 942 4272 efficaciora
965 4213 1042 4289 jura,
1078 4227 1173 4286 quam
1197 4211 1331 4286 predicti
1353 4209 1456 4287 judex,
1477 4207 1580 4286 jurati,

316 4317 461 4392 civesque
478 4327 508 4378 et
523 4321 745 4378 inhabitatores
769 4325 928 4394 prenotate
951 4319 1085 4377 civitatis
1108 4319 1324 4392 zagrabiensis,
1347 4318 1476 4375 haberet
1497 4330 1579 4372 ema-

313 4430 393 4496 nata,
416 4442 476 4498 que
499 4443 561 4485 non
582 4427 621 4484 ad
646 4443 780 4501 presens
805 4426 859 4484 sed
882 4428 913 4484 in
930 4426 1061 4484 termino
1077 4426 1228 4496 ulteriori,
1246 4441 1302 4499 per
1318 4440 1374 4482 nos
1391 4424 1451 4481 sibi
1467 4421 1579 4494 dando,

313 4545 418 4589 coram
441 4533 531 4590 nobis
554 4533 726 4607 producere
750 4538 779 4590 et
803 4533 950 4590 exhibere
974 4539 1138 4606 promptus
1162 4538 1242 4590 esset
1271 4537 1301 4589 et
1323 4537 1458 4606 paratus.
1489 4528 1580 4588 Unde

311 4653 367 4696 nos
390 4639 450 4697 hiis
472 4641 626 4715 perceptis
660 4638 829 4715 judicantes
863 4639 1076 4696 commisimus
1114 4655 1151 4697 eo
1187 4639 1290 4709 modo,
1326 4645 1360 4695 ut
1386 4640 1578 4695 memoratus

312 4745 487 4818 Hennyngh
511 4745 564 4803 sed
588 4751 619 4802 et
641 4746 779 4803 annotati
801 4743 904 4820 judex,
926 4743 1020 4820 jurati
1042 4751 1072 4802 et
1105 4747 1189 4802 cives
1221 4744 1396 4819 prescripta
1431 4743 1572 4816 ipsorum

312 4847 382 4926 jura
405 4861 435 4909 et
458 4852 594 4910 literaria
618 4853 829 4922 instrumenta,
853 4851 968 4924 quein
998 4849 1080 4909 facto
1114 4851 1245 4924 pretacti
1280 4849 1390 4908 tributi
1425 4849 1577 4908 haberent

314 4957 460 5029 coniecta,
484 4959 515 5016 in
537 4959 655 5016 octavis
679 4957 749 5016 festi
771 4957 854 5015 beati
876 4957 985 5039 Jacobi
1008 4957 1152 5030 apostoli,
1175 4973 1256 5014 nunc
1279 4957 1426 5027 venturis,
1449 4955 1481 5013 in
1504 4954 1577 5012 sede

315 5065 507 5138 zagrabiensi
530 5079 634 5123 coram
657 5065 749 5123 nobis
771 5065 918 5122 exhibere
940 5069 1109 5137 teneantur,
1133 5073 1166 5122 ut
1191 5064 1250 5121 hiis
1274 5063 1348 5120 visis
1370 5059 1520 5138 judicium
1545 5067 1576 5120 et
