3804 5858
378 492 439 572 4162
789 493 863 552 Doc.
880 503 955 571 347.
980 525 1023 537 -
1043 484 1220 571 AnL1488.

378 691 527 769 hactenus
549 726 608 786 per
632 708 716 768 idem
738 709 911 783 capitulum
936 711 1017 766 tente
1040 707 1169 767 tuissent
1193 715 1222 766 et
1246 723 1394 784 possesse,
1429 711 1528 769 eidem
1561 712 1647 784 capi-

377 817 446 874 tulo
471 833 527 890 per
548 830 737 888 consequens
760 819 905 874 annotato
928 815 1017 874 altari
1049 821 1153 873 sancte
1183 815 1283 873 crucis
1313 806 1441 889 eiusque
1471 815 1646 875 rectoribus

377 936 436 995 pro
458 927 599 996 tempore
619 921 800 990 constitutis,
824 920 976 994 premisso
999 917 1066 996 jure
1089 920 1165 994 ipsis
1188 935 1228 978 ex
1251 909 1411 994 preinissis
1433 922 1642 994 incumbente,

377 1032 529 1102 perpetuo
552 1043 588 1084 ac
611 1028 643 1085 in
666 1026 890 1100 sempiternum
915 1025 1126 1099 possidendas,
1148 1025 1293 1084 tenendas
1310 1027 1426 1099 pariter
1442 1033 1472 1085 et
1487 1027 1646 1086 habendas

376 1131 586 1208 adjudicantes
609 1133 803 1206 reliquimus,
826 1133 924 1190 immo
950 1130 1163 1190 adiudicamus
1184 1138 1215 1190 et
1236 1132 1443 1206 relinquimus
1465 1133 1647 1192 auctoritate

383 1247 488 1298 nostra
511 1237 671 1315 judiciaria
695 1244 725 1295 et
747 1237 869 1313 justicia
892 1237 1054 1296 mediante.
1077 1238 1112 1296 In
1140 1239 1227 1296 cuius
1258 1239 1303 1296 rei
1332 1241 1526 1310 memoriam,
1547 1237 1648 1296 firmi·

381 1350 539 1419 talemque
562 1350 746 1419 perpetuam
767 1349 924 1418 presentes
953 1345 1072 1403 litteras
1101 1355 1221 1403 nostras
1244 1344 1460 1419 privilegiales
1484 1343 1646 1418 pendentis

379 1456 409 1508 et
431 1451 660 1524 authenticique
684 1450 781 1523 sigilli
803 1451 900 1510 nostri
924 1450 1095 1508 munimine
1118 1451 1280 1508 roboratas
1304 1449 1406 1508 eidem
1437 1449 1575 1523 capitulo
1607 1463 1644 1506 ac

376 1556 489 1625 rectori
526 1556 633 1615 altaris
657 1563 762 1614 sancte
783 1556 883 1614 crucis
906 1556 1038 1630 predicti
1068 1571 1126 1630 pro
1144 1561 1286 1628 tempore
1307 1557 1474 1614 constituto
1493 1555 1641 1612 duximus

375 1660 594 1720 concedendas.
617 1661 735 1719 Datum
759 1661 842 1719 Bude
865 1662 1057 1734 sexagesimo
1074 1662 1181 1735 quinto
1205 1661 1254 1719 die
1271 1667 1453 1719 octavarum
1472 1660 1541 1720 festi
1556 1660 1639 1718 beati

375 1767 535 1826 Michaelis
558 1768 735 1840 archangeli
769 1767 986 1842 predictarum.
1027 1770 1116 1826 Anno
1151 1767 1270 1826 domini
1301 1769 1471 1826 millesimo
1495 1765 1642 1840 quadrin-

375 1855 545 1947 gentesimo
568 1874 776 1948 octuagesimo
799 1875 941 1948 septimo.

481 2009 614 2073 Originale
632 2011 660 2059 in
678 2010 833 2062 membrana.
853 2011 881 2059 A
899 2025 963 2059 zona
981 2011 1058 2058 rubra
1076 2017 1101 2058 et
1120 2010 1198 2059 viridi
1211 2010 1341 2074 appendet
1354 2009 1469 2074 sigillum
1499 2009 1530 2057 In
1543 2007 1640 2056 archiv.

375 2113 460 2147 vener.
481 2097 564 2162 Capit.
584 2099 685 2162 zagrab.
705 2099 767 2148 Aer.
788 2098 852 2163 Cap.
870 2105 924 2148 nt.
942 2099 1004 2150 tasc.
1024 2110 1048 2150 2.
1068 2113 1106 2149 ur.
1127 2099 1167 2160 38.
1198 2142 1201 2150 .

947 2327 1035 2395 347.

480 2475 553 2518 inno
575 2467 649 2530 1488,
672 2479 692 2518 1.
712 2437 844 2518 seuram.
864 2466 950 2516 cusu.

375 2576 405 2634 A
433 2577 653 2650 congregatione
682 2577 830 2635 comitatus
860 2577 1001 2634 arbensis
1030 2577 1218 2646 constituitur,
1241 2583 1276 2634 ut
1287 2575 1443 2654 Johanncs
1466 2575 1588 2632 Iaioruat
1607 2573 1643 2630 de

384 2681 462 2740 Okit
482 2683 685 2759 possessionem
716 2690 848 2757 creptam,
871 2701 946 2757 quae
968 2681 1092 2755 Stupnik
1116 2683 1288 2757 appellatur,
1310 2681 1461 2758 frutn'bus
1484 2679 1642 2738 Praedica-

579 2788 688 2846 toribus
708 2789 826 2862 capot.
848 2788 958 2858 reddat,
981 2789 1143 2862 damnaque
1164 2788 1267 2845 adlata
1288 2788 1429 2846 restituat.

482 2932 600 2990 Amicis
632 2932 695 2990 suis
726 2933 912 3002 reverendis,
936 2933 1074 3006 capitulo
1107 2932 1235 2991 ecclesie
1269 2929 1484 3006 zagrabiensis,
1509 2928 1641 2988 Mathias

375 3037 478 3097 Gereb
502 3037 540 3095 de
570 3038 732 3111 Vingarth,
755 3054 923 3112 regnorum
946 3039 1114 3112 Dalmacie,
1138 3039 1266 3098 Croacie
1289 3045 1320 3096 et
1342 3036 1505 3096 Sclauonie
1531 3037 1640 3106 banus,

374 3143 549 3202 amiciciam
572 3150 714 3217 paratam
738 3161 809 3202 cum
833 3145 958 3203 honore.
982 3145 1146 3216 Noveritis,
1167 3145 1252 3218 quod
1275 3144 1459 3202 Valentinus
1476 3141 1578 3214 Palffy
1600 3139 1640 3198 de

375 3249 588 3308 Zenthmichal
612 3264 671 3324 pro
694 3250 847 3322 religiosis
869 3249 1018 3309 fratribus
1041 3257 1071 3309 et
1094 3257 1246 3309 conventu
1264 3249 1381 3308 ordinis
1405 3247 1639 3306 Predicatorum

374 3356 406 3414 in
429 3356 565 3413 claustro
598 3355 681 3413 beati
705 3355 825 3414 Nicoiai
848 3356 994 3431 episcopi,
1019 3357 1168 3430 Zagrabie
1191 3356 1328 3426 fundato,
1353 3353 1544 3427 degentibus,
1567 3367 1638 3410 cum

375 3463 595 3534 procuratoriis
611 3462 723 3520 litteris
739 3462 920 3520 eorumdem
936 3463 1021 3521 iuxta
1039 3463 1261 3521 continenciam
1274 3463 1448 3520 litterarum
1462 3465 1637 3517 nostrarum

375 3567 662 3640 prorogatoriarum
685 3583 721 3624 ac
744 3575 918 3626 vestrarum
942 3569 1215 3642 inquisitoriarum‚
1239 3567 1486 3626 evocatoriarum
1511 3571 1542 3624 et
1566 3564 1638 3622 insi·

373 3672 586 3744 nuatoriarum
608 3673 639 3730 in
661 3674 854 3747 presentibus
870 3675 987 3732 octavis
1010 3673 1079 3732 festi
1095 3675 1339 3750 Epiphaniarum
1363 3672 1480 3730 domini
1504 3672 1534 3729 in
1557 3669 1637 3743 figu-

372 3791 442 3836 ram
474 3777 571 3835 nostri
603 3775 711 3854 judicii
740 3794 932 3854 comparens,
963 3787 1068 3838 contra
1091 3781 1250 3853 egregium
1280 3780 1452 3864 Johannem
1485 3777 1639 3835 Horrvath

374 3883 413 3941 de
429 3882 546 3956 Okych,
570 3883 694 3941 easdem
716 3885 835 3942 litteras
857 3889 977 3944 vestras
999 3885 1217 3958 inquisitorias,
1233 3885 1424 3944 evocatorias
1447 3891 1477 3941 et
1498 3884 1633 3941 insinua-

374 3990 468 4048 torias
491 3989 581 4047 nobis
604 3989 643 4046 ad
660 3990 858 4048 amicabilem
883 3991 1069 4049 litterariam
1091 3998 1230 4050 nostram
1255 3992 1437 4064 peticionem
1462 3988 1638 4062 rescriptas,

373 4102 557 4168 tenoresque
566 4094 746 4154 earumdem
762 4097 936 4154 litterarum
947 4103 1124 4156 nostrarum
1140 4099 1170 4157 in
1187 4097 1352 4170 Gudowez,
1365 4099 1474 4156 sabato
1492 4096 1640 4170 proximo

373 4204 446 4275 post
468 4199 582 4258 festum
613 4203 776 4261 beatorum
800 4202 970 4275 Thyburcii
993 4211 1022 4262 et
1046 4204 1203 4263 Valeriani
1227 4205 1391 4262 martirum
1415 4218 1494 4262 anno
1519 4201 1640 4259 domini

373 4305 544 4364 millesimo
560 4305 862 4382 quadringentesimo
878 4311 1089 4383 octuagesimo
1105 4311 1212 4384 quinto
1227 4317 1449 4380 emanatarum,
1469 4307 1640 4366 verbaliter

373 4413 405 4470 in
429 4427 462 4469 se
484 4412 643 4488 habentes,
666 4429 813 4484 asserens,
841 4415 1007 4486 accionem,
1035 4416 1282 4490 proposicionem
1312 4415 1466 4474 dictorum
1494 4421 1638 4472 actorum

372 4518 484 4576 litteris
515 4519 662 4577 contineri
686 4519 718 4577 in
740 4519 865 4591 eisdem,
887 4521 977 4579 nobis
1009 4523 1196 4594 presentavit
1226 4521 1430 4581 declarando:
1469 4522 1553 4598 quod
1589 4519 1639 4578 die

375 4631 405 4682 et
436 4623 505 4681 loco
537 4625 568 4682 in
585 4625 740 4699 predictis,
773 4627 804 4684 in
840 4628 978 4700 personis
1009 4626 1164 4685 dictorum
1194 4628 1415 4700 religiosorum
1450 4629 1583 4688 fratrum
1608 4636 1640 4686 et

375 4735 545 4788 conventus
568 4731 685 4790 ordinis
715 4731 846 4806 predicti
868 4733 958 4791 nobis
981 4731 1099 4790 dictum
1122 4733 1287 4806 extitisset,
1312 4735 1396 4808 quod
1420 4735 1500 4794 circa
1524 4735 1639 4794 festum

375 4837 472 4895 Marie
495 4836 533 4894 de
550 4839 630 4910 nive,
646 4853 726 4897 anno
741 4856 823 4898 nunc
838 4841 980 4914 proxime
995 4838 1141 4912 preterito
1157 4839 1308 4912 elapsum,
1324 4840 1464 4915 prefatus
1484 4841 1640 4926 Johannes

375 4942 536 5014 Horwath,
568 4943 607 5002 de
630 4945 711 5004 dicta
734 4945 850 5018 Okych,
883 4946 1043 5004 universos
1074 4951 1245 5018 proventus
1268 4948 1475 5020 terragiorum
1497 4949 1586 5007 bladi
1608 4955 1639 5007 et
