3932 5806
700 573 773 634 Doc.
797 568 867 648 256.
892 604 932 614 —
953 571 1009 629 An.
1034 567 1123 648 1467.

279 793 333 850 vix
348 808 418 862 sex;
441 791 592 866 quosdam
611 790 650 848 ad
666 789 801 862 triginta,
825 787 879 860 qui
903 787 957 844 vix
973 786 1089 859 decem,
1106 787 1258 859 quosdam
1275 787 1312 846 ad
1331 783 1544 861 quadraginta,

283 899 339 974 qui
354 899 408 957 vix
431 897 617 972 quindecim,
642 895 805 954 dumtaxat
826 895 891 952 sine
903 894 1020 952 lesione
1033 893 1168 952 caritatis
1182 893 1299 952 censeri
1311 891 1450 964 debetur,
1464 891 1547 950 dica·

282 1011 399 1075 verunt,
416 1003 595 1064 huiusmodi
617 1001 801 1072 subsidium,
827 1000 1008 1058 mandatum
1023 1015 1095 1057 cum
1111 999 1203 1059 minis
1214 1006 1245 1058 et
1261 999 1546 1058 machinacionibus

279 1127 335 1185 per
357 1127 413 1169 nos
435 1125 588 1185 pauperes
611 1109 738 1168 solvere¹
755 1107 994 1176 constituerunt;
1018 1111 1049 1164 et
1072 1122 1144 1164 cum
1175 1107 1276 1180 ipsam
1307 1121 1464 1164 summam
1495 1121 1546 1164 ex·

280 1217 476 1287 solverimus,
501 1215 600 1274 minas
623 1215 755 1273 carceris
778 1222 809 1271 et
832 1214 942 1272 mortis
964 1214 1124 1287 imponere
1154 1227 1216 1270 non
1247 1216 1455 1272 cessaverunt.
1486 1212 1547 1270 De·

280 1322 376 1380 cimas
398 1323 525 1396 insuper
547 1321 731 1379 colonorum
755 1323 785 1377 et
808 1319 1032 1392 inquilinorum
1054 1324 1232 1376 nostrorum
1255 1318 1345 1376 nobis
1369 1317 1407 1376 de
1430 1319 1496 1376 iure
1517 1325 1548 1376 et

280 1429 455 1502 approbata
471 1428 596 1500 antiqua
613 1425 834 1484 consvetudine
850 1426 1074 1499 provenientes,
1090 1425 1312 1496 abstrahentes,
1329 1441 1434 1484 mense
1450 1425 1547 1499 ipsius

281 1534 399 1593 domini
422 1534 553 1594 Osvaldi
583 1535 722 1608 episcopi
752 1539 938 1607 occupantes
968 1532 1260 1606 appropriaverunt,
1289 1531 1428 1605 aliasque
1459 1533 1547 1591 novi-

282 1647 369 1712 tates,
392 1642 522 1715 proprie
545 1645 648 1698 tamen
671 1639 844 1710 abusiones
860 1639 1059 1708 invenientes,
1081 1653 1137 1696 nos
1168 1645 1199 1695 et
1221 1638 1382 1696 universos
1417 1639 1547 1697 clericos

281 1753 413 1820 gravant
434 1755 464 1804 et
485 1747 629 1817 turbant;
661 1752 690 1805 et
721 1747 752 1804 in
783 1745 1019 1819 accepcionibus
1050 1744 1247 1816 teloniorum,
1279 1742 1362 1816 quod
1387 1760 1547 1818 nunquam

280 1853 358 1911 alias
380 1853 523 1912 auditum
547 1851 657 1923 fuerat,
679 1853 710 1910 in
732 1851 835 1910 eundo
864 1857 895 1909 et
917 1851 1074 1909 redeundo
1098 1850 1276 1920 molestare
1300 1849 1415 1924 quibus
1436 1852 1462 1909 si
1485 1867 1548 1910 non

280 1960 472 2031 obviabitur,
494 1958 666 2018 timendum
684 1964 738 2030 est,
754 1973 792 2016 ne
808 1964 889 2016 secte
904 1957 1060 2015 heresium
1077 1957 1232 2014 latitantes
1258 1957 1290 2014 in
1306 1955 1547 2016 destructionem

281 2071 380 2123 status
411 2066 564 2124 clericalis
595 2073 625 2124 et
657 2065 866 2139 vilipendium
898 2071 1001 2121 sancte
1024 2069 1055 2121 et
1078 2063 1261 2122 universalis
1286 2063 1394 2122 matris
1418 2065 1548 2123 ecclesie

283 2172 429 2231 orientur.
453 2171 542 2231 Unde
565 2187 620 2230 nos
645 2171 781 2246 plebani,
804 2177 931 2244 totaque
953 2169 1139 2227 universitas
1162 2170 1323 2240 clericalis,
1348 2169 1459 2244 prefati
1473 2187 1549 2244 pau·

282 2293 371 2351 peres
394 2285 425 2336 et
448 2278 590 2352 oppressi
611 2279 780 2336 sencientes
803 2293 835 2335 se
858 2275 969 2335 exinde
1001 2275 1067 2334 fore
1097 2281 1252 2348 gravatos,
1283 2278 1500 2350 timentesque,
1516 2279 1548 2337 in

285 2389 445 2458 posterum
479 2385 552 2457 plus
583 2400 673 2458 posse
697 2384 845 2456 generari,
869 2399 940 2440 cum
964 2399 1002 2440 ex
1026 2383 1181 2456 preteritis
1205 2383 1416 2441 verisimiliter
1442 2399 1548 2457 presu·
1626 2417 1631 2424 ·

282 2490 378 2548 mitur
401 2490 447 2560 ,de
480 2487 601 2561 futuris,
632 2490 672 2547 ad
703 2491 932 2548 sanctissimum
964 2490 995 2546 in
1025 2487 1149 2546 Christo
1179 2495 1299 2562 patrem
1323 2495 1353 2546 et
1376 2489 1547 2563 dominum,

283 2595 446 2654 dominum
478 2595 620 2668 Paulum,
651 2595 756 2653 divina
787 2595 989 2669 providencia
1011 2609 1127 2667 papam
1149 2594 1328 2666 secundum,
1352 2597 1479 2670 eiusque
1501 2612 1548 2654 sa·

281 2711 473 2764 crosanctam
503 2702 609 2760 sedem
640 2702 844 2776 apostolicam
875 2701 906 2760 in
928 2702 988 2758 hiis
1010 2701 1134 2774 scriptis
1158 2716 1364 2773 provocamus
1388 2707 1418 2760 et
1440 2703 1548 2776 appel·

282 2809 393 2878 lamus,
416 2808 675 2882 appellantesque
698 2809 801 2880 primo
836 2809 994 2878 instanter,
1025 2806 1160 2864 secundo
1192 2807 1358 2866 instancius
1392 2815 1421 2866 et
1451 2811 1547 2868 tercio

281 2914 503 2976 instantissime
522 2915 614 2974 nobis
638 2914 712 2972 dare
736 2915 878 2988 petimus,
902 2915 928 2972 si
951 2913 1021 2988 quis
1044 2913 1092 2985 sit,
1116 2914 1169 2987 qui
1192 2929 1243 2972 eas
1265 2915 1356 2973 nobis
1380 2913 1454 2974 dare
1471 2917 1548 2975 velit

285 3025 316 3076 et
339 3019 445 3093 possit,
476 3020 528 3076 vel
559 3019 671 3078 saltem
702 3034 720 3078 a
750 3025 780 3077 te
800 3021 921 3078 notario
944 3019 1082 3093 publico,
1106 3019 1225 3078 litteras
1249 3022 1470 3080 testimoniales
1494 3037 1547 3080 seu

282 3125 411 3199 publica
434 3125 646 3196 instrumenta,
670 3126 855 3184 subicientes
877 3140 934 3183 nos
956 3131 987 3183 et
1009 3125 1114 3183 omnia
1138 3126 1219 3184 bona
1241 3133 1346 3185 nostra
1371 3128 1501 3186 mobilia
1518 3135 1548 3187 et

282 3231 460 3288 immobilia
483 3247 544 3288 una
566 3247 637 3288 curn
661 3233 751 3290 nobis
772 3231 922 3289 adherere
945 3232 1130 3303 volentibus,
1155 3233 1290 3304 tuicioni,
1314 3235 1502 3307 proteceioni
1518 3243 1548 3293 et

284 3337 464 3394 obediencie
495 3343 599 3394 sancte
629 3337 710 3396 sedis
741 3339 911 3411 apostolice
941 3337 1112 3408 antedicte;
1145 3343 1433 3413 protestamurque,
1463 3341 1547 3414 quod

284 3444 363 3502 hanc
386 3443 635 3518 appellacionem
670 3451 808 3502 nostram
831 3449 862 3502 et
885 3444 1067 3516 gravamina
1090 3445 1122 3502 in
1145 3445 1213 3517 ipsa
1236 3451 1378 3506 contenta
1400 3448 1548 3520 prosequi

283 3550 430 3608 volumus
453 3554 483 3607 et
507 3564 733 3637 prosequemur
754 3551 785 3608 in
801 3551 933 3608 termino
955 3551 1045 3608 nobis
1073 3567 1091 3608 a
1112 3549 1179 3627 jure
1196 3566 1340 3610 concesso
1358 3559 1388 3611 et
1405 3553 1547 3625 limitato,

283 3654 429 3729 quodque
452 3671 520 3714 eam
546 3655 605 3714 hiis
629 3663 659 3713 et
681 3657 753 3714 huic
776 3657 998 3727 intimavimus
1021 3656 1259 3727 notificavimus,
1277 3659 1502 3732 interponimus
1518 3667 1548 3718 et

285 3761 527 3836 publicavimus,
550 3761 577 3820 si
600 3767 629 3819 et
652 3763 683 3820 in
706 3771 857 3836 quantum
880 3765 970 3822 nobis
996 3764 1140 3836 publicus
1164 3765 1282 3838 patebit
1306 3781 1453 3838 accessus,
1477 3768 1547 3838 alia,

283 3883 342 3941 que
367 3866 405 3925 de
429 3867 495 3925 iure
522 3867 662 3925 facienda
693 3867 815 3940 fuerint,
847 3868 995 3928 faciemus
1025 3876 1056 3928 et
1086 3877 1295 3944 protestamur
1327 3873 1425 3930 eciam
1454 3879 1547 3947 prout

282 3979 328 4031 est
351 3979 538 4044 emanatum,
562 3974 645 4046 iuris,
669 3975 786 4032 ordinis
809 3983 901 4050 atque
924 3977 997 4046 stili,
1020 3977 1109 4034 salvo
1132 3977 1198 4035 iure
1214 3977 1356 4050 addendi,
1381 3979 1547 4046 minuendi.

282 4079 431 4152 mutandi,
455 4081 639 4154 corrigendi,
661 4079 732 4154 alia,
756 4098 816 4156 que
840 4083 911 4140 huic
935 4083 1119 4142 incumbunt
1142 4089 1172 4142 et
1195 4084 1233 4142 de
1257 4085 1323 4142 iure
1352 4093 1423 4144 sunt
1445 4102 1547 4144 neces·

282 4186 363 4244 saria
386 4185 526 4244 faciendi.
573 4173 576 4182 ’

788 4271 936 4336 Stephanus
955 4273 988 4322 de
1006 4272 1138 4332 Marchus,
1156 4273 1271 4322 notarius
1290 4275 1317 4324 in
1335 4277 1475 4342 premissis.

389 4445 542 4496 Memoriale
566 4447 594 4498 iu
618 4447 744 4518 glossario
763 4463 866 4499 coaevo.
886 4450 918 4496 In
936 4449 1032 4501 archiv.
1052 4449 1113 4502 incl.
1132 4451 1210 4505 Acat.
1230 4453 1318 4502 Scient
1337 4453 1428 4504 Slavor
1455 4455 1544 4508 merid.

282 4535 319 4585 ΙΙ.
349 4549 370 4586 e.
391 4545 433 4597 79.
454 4535 496 4586 80.
