3930 5802
779 545 853 604 Doc.
876 557 944 621 152.
970 557 1039 622 153.
1064 579 1103 589 -
1128 546 1185 604 An.
1209 557 1299 624 1450.

1009 755 1086 821 152.

521 879 602 929 Anno
624 892 698 945 1450,
717 880 741 932 6.
761 879 881 932 octobris.
901 879 1049 944 Zagrabiae.

421 987 614 1046 Communitas
635 988 760 1047 civitatis
775 989 877 1047 montis
899 987 1060 1060 Grecensis,
1074 989 1255 1047 Fridcmcum
1271 990 1379 1048 bonum
1394 995 1489 1063 rogat,
1504 995 1539 1046 ut
1551 989 1688 1064 fflnrbgi

586 1095 621 1153 de
642 1113 719 1154 novo
742 1097 792 1154 oio
814 1097 925 1154 munita
948 1096 1136 1154 accusationis
1157 1098 1315 1172 exemplar,
1341 1097 1398 1156 sibi
1417 1095 1532 1157 edatur.

520 1238 585 1297 Nos
615 1239 789 1298 Fridericus
819 1240 870 1298 dei
893 1241 996 1313 gracia
1019 1241 1107 1313 Cilic,
1134 1241 1339 1315 Ortenburge,
1363 1239 1555 1314 Zagorieque
1579 1254 1683 1298 comes

415 1349 470 1402 etc.
504 1359 623 1403 necnon
656 1346 744 1418 regni
777 1344 941 1404 Sclauonie
974 1347 1082 1404 banus.
1117 1348 1267 1406 Memorie
1300 1345 1566 1418 commendamus,
1598 1343 1683 1420 quod

414 1451 506 1509 nobis
528 1451 560 1509 in
582 1451 701 1510 octavis
724 1450 794 1510 festi
819 1451 900 1510 beati
921 1453 1082 1510 Michaelis
1104 1453 1282 1524 archangeli
1313 1467 1448 1510 unacum
1479 1451 1567 1524 regni
1594 1451 1684 1510 nobi-

416 1554 501 1614 libus
525 1570 583 1631 pro
606 1555 749 1614 faciendo
772 1555 968 1616 moderativo
986 1557 1102 1616 iudicio
1125 1557 1322 1616 causancium
1345 1555 1471 1615 insede
1501 1564 1607 1616 nostra
1636 1555 1684 1634 ju·

415 1659 543 1720 diciaria
565 1661 753 1735 sedentibus,
778 1663 925 1736 magister
948 1664 1098 1737 Matheus,
1120 1665 1259 1722 notarius
1290 1663 1424 1722 civitatis
1457 1663 1572 1721 montis
1607 1661 1685 1721 Gre-

415 1767 523 1840 censis,
544 1767 584 1826 ad
607 1773 747 1828 nostram
771 1769 897 1828 veniens
920 1771 1113 1844 presenciam
1129 1770 1270 1828 exhibuit
1285 1770 1376 1828 nobis
1392 1768 1545 1844 quasdam
1561 1769 1682 1827 litteras

415 1873 548 1933 illustris
577 1875 729 1950 principis
753 1874 872 1934 domini
894 1875 1001 1948 Vlrici,
1024 1876 1075 1934 dei
1097 1877 1201 1950 gracia
1223 1881 1288 1948 etc,
1311 1877 1375 1934 nati
1398 1876 1495 1933 nostri
1518 1875 1683 1947 carissimi,

415 1981 530 2040 tenoris
552 1979 751 2056 infrascripti,
774 1989 882 2057 petens
916 1997 972 2040 nos
1006 1997 1153 2057 sumpma
1183 1998 1254 2041 cum
1287 1983 1444 2054 instancia,
1474 1987 1509 2039 ut
1539 1987 1681 2040 tenorem

416 2086 599 2145 earumdem
622 2087 661 2146 de
684 2089 784 2147 verbo
806 2088 846 2146 ad
870 2090 1005 2147 verbum
1034 2089 1244 2163 transumpmi
1275 2093 1305 2146 et
1335 2087 1511 2160 transcribi,
1534 2087 1684 2161 presenti·

415 2193 536 2266 busque
559 2193 672 2252 litteris
694 2194 808 2253 nostris
830 2196 1009 2269 patentibus
1031 2195 1124 2253 inseri
1155 2193 1305 2266 faciendo,
1337 2193 1438 2252 eidem
1472 2192 1546 2252 dare
1576 2191 1684 2265 digna·

415 2314 520 2358 remur
553 2297 631 2375 juris
653 2301 701 2358 sui
724 2299 763 2358 ad
787 2301 949 2360 cautelam.
969 2300 1110 2374 Quarum
1131 2306 1220 2359 tenor
1242 2301 1314 2358 talis
1330 2303 1391 2358 est:
1415 2293 1500 2378 (vide
1514 2298 1590 2356 Doc.
1611 2311 1683 2374 147.

416 2401 454 2463 de
488 2421 568 2464 anno
605 2400 709 2483 1449).
764 2407 828 2465 Nos
870 2408 975 2481 itaque
1018 2407 1203 2482 peticionem
1237 2407 1375 2465 annotati
1412 2405 1528 2463 Mathei
1568 2403 1683 2462 notarii

414 2507 530 2587 justam
563 2511 630 2572 iore
663 2521 873 2586 agnoscentes,
908 2513 1032 2572 easdem
1067 2514 1187 2572 litteras
1221 2513 1386 2572 transcribi
1420 2517 1451 2570 et
1473 2511 1684 2584 transumpmi

416 2616 455 2676 de
477 2619 576 2677 verbo
599 2619 639 2677 ad
663 2620 797 2678 verbum
820 2621 886 2678 sine
909 2619 1116 2678 diminucione
1139 2625 1169 2677 et
1191 2625 1359 2692 augmento
1381 2618 1513 2692 aliquali
1528 2616 1683 2688 iacientes,

415 2724 612 2797 presentibus
634 2725 746 2784 litteris
768 2727 881 2785 nostris
904 2725 1056 2784 inseriae
1079 2726 1184 2798 sigillo
1208 2725 1329 2784 comitis
1352 2725 1450 2783 nostri
1472 2724 1683 2798 zagrabiensis

416 2827 546 2888 lecimus
570 2832 752 2905 consignari.
774 2831 892 2890 Datum
916 2831 1066 2905 Zagrabie
1096 2831 1146 2890 die
1168 2831 1293 2890 termini
1316 2831 1480 2906 prenotati.
1513 2832 1604 2888 Anno
1628 2829 1682 2887 do-

416 2936 494 2994 mini
515 2937 685 2996 millesimo
709 2937 1013 3012 quadringentesimo
1037 2938 1306 3012 quinquagesimo.

521 3073 655 3137 Originale
673 3075 700 3124 in
725 3073 820 3126 charta.
856 3075 943 3138 Tergo
970 3074 1123 3139 impressum
1150 3081 1189 3124 est
1214 3071 1336 3138 sigillum.
1359 3073 1391 3122 In
1418 3071 1533 3122 archivio
1559 3071 1607 3123 hb.
1627 3087 1682 3136 reg.

415 3159 463 3212 clv.
485 3161 586 3225 zagrab.

1009 3336 1086 3404 153.

522 3475 603 3526 Anno
624 3490 698 3544 1450,
718 3491 760 3542 24.
779 3479 900 3530 octobris.
920 3478 1067 3542 Zagrabiae.

415 3585 582 3644 Fridericus
605 3587 696 3645 banus
718 3589 843 3662 capitulo
864 3588 1051 3662 zagrabiensi
1069 3585 1198 3658 mandat,
1221 3593 1256 3643 ut
1276 3585 1453 3659 Hmingum,
1476 3584 1530 3658 qui
1542 3583 1683 3642 aduersus

415 3695 642 3752 communitatem
664 3695 789 3752 civitatis
811 3695 914 3752 montis
943 3692 1093 3752 Grecensis
1116 3694 1192 3750 litem
1215 3711 1303 3766 agens
1325 3692 1369 3750 die
1398 3693 1551 3750 constituta
1581 3691 1612 3747 in
1626 3686 1681 3768 ju·

627 3801 730 3859 dicium
752 3819 809 3858 non
833 3802 924 3878 venii,
947 3803 1081 3858 mulctam
1104 3801 1248 3870 mimicus,
1272 3800 1303 3856 in
1317 3799 1469 3875 suscitet.

521 3945 640 4004 Amicis
661 3945 725 4004 suis
747 3944 935 4015 reverendis,
960 3921 1097 4018 capitulo
1121 3944 1248 4002 ecclesie
1271 3941 1488 4016 zagrabiensis.
1505 3939 1681 3999 Fridericus

416 4051 466 4110 dei
500 4052 604 4126 gracia
639 4050 727 4122 Cilie,
761 4051 977 4124 Ortemburge,
1012 4050 1202 4123 Zagorieque
1236 4064 1339 4107 comes
1373 4052 1428 4106 etc.
1451 4061 1569 4106 necnon
1592 4045 1681 4120 regni

415 4157 579 4216 Sclauonie
614 4153 721 4227 banus}
756 4157 930 4215 amiciciam
964 4163 1105 4230 paratam
1140 4171 1212 4213 cum
1241 4157 1367 4213 honore.
1399 4153 1564 4225 Noveritis,
1596 4151 1681 4226 quod

415 4267 488 4339 quia
508 4266 539 4322 in
563 4279 654 4321 causa
676 4265 756 4322 inter
789 4264 948 4336 egregium
972 4263 1146 4335 Hennyngh
1176 4261 1214 4320 de
1238 4260 1437 4319 Zomzedwar
1459 4263 1606 4331 actorem,
1639 4257 1680 4315 ab

414 4387 476 4430 una
499 4377 528 4429 et
552 4371 632 4429 inter
654 4366 799 4445 judicem,
823 4368 940 4445 juratos
963 4375 994 4427 et
1017 4370 1177 4426 universos
1201 4367 1284 4425 cives
1307 4366 1441 4425 civitatis
1465 4365 1580 4423 montis
1603 4363 1680 4423 Gre-

413 4481 512 4536 censis
535 4477 573 4535 de
596 4478 682 4536 iuxta
706 4476 891 4549 Zagrabiam
915 4477 946 4534 in
968 4491 1094 4533 causam
1128 4479 1284 4545 attractos,
1319 4473 1464 4548 partibus
1498 4487 1537 4528 ex
1571 4471 1680 4540 altera,

415 4583 501 4660 juxta
536 4589 678 4642 contenta
712 4590 889 4640 nostrarum
924 4581 1212 4655 prorogatoriarum
1243 4595 1336 4652 super
1371 4577 1460 4636 iactis
1489 4576 1521 4634 in
1552 4576 1681 4650 quibus-

415 4690 488 4749 dam
512 4691 622 4748 litteris
646 4689 778 4748 illustris
801 4689 951 4763 principis
975 4686 1093 4744 domini
1117 4685 1216 4743 Vlrici
1240 4685 1362 4742 comitis
1384 4689 1439 4740 etc.
1456 4687 1486 4740 et
1502 4681 1576 4740 dicti
1592 4682 1680 4754 regni

414 4797 577 4856 Sclauonie
599 4797 744 4854 similiter
769 4795 850 4869 bani,
873 4793 931 4852 filii
954 4794 1051 4852 nostri
1073 4792 1225 4850 carissimi
1255 4789 1495 4860 adiudicatoriis,
1518 4787 1680 4859 contentis,

415 4905 445 4962 in
471 4905 665 4978 presentibus
689 4903 806 4960 octavis
831 4901 899 4959 sesti
931 4901 1014 4958 beati
1045 4898 1203 4956 Michaelis
1234 4896 1421 4968 archangeli,
1452 4909 1559 4952 coram
1588 4893 1680 4952 nobis

416 5015 499 5067 mota
533 5015 562 5066 et
596 5009 710 5078 habita,
747 5007 885 5081 prelatus
920 5006 1095 5078 llennyngh
1119 5004 1157 5061 de
1181 5003 1261 5061 dicta
1286 5001 1487 5059 Zomzedwar
1510 5015 1567 5073 per
1589 4999 1678 5073 legit·
