3930 5802
400 567 458 626 182
809 568 882 626 Dec.
907 582 976 644 129.
1004 602 1040 612 -
1065 569 1238 646 An.1439.

393 787 497 839 tarum
521 777 703 855 injuriarum
726 787 833 840 contra
856 785 1036 858 quempiam
1061 785 1138 843 adeo
1161 785 1335 857 extendere,
1365 795 1401 844 ut
1423 788 1533 847 exinde
1555 797 1660 848 nostre

394 887 478 960 regie
501 885 684 958 auctoritati,
720 901 739 943 a
772 903 834 960 qua
857 890 1068 963 unusquisque
1102 888 1222 966 justicie
1257 897 1359 966 potest
1392 895 1659 969 complementum

394 993 526 1066 assequi,
559 991 766 1066 preiudicium
790 999 820 1051 et
854 996 1180 1069 contemptibilitatem
1215 999 1384 1071 contigeret
1417 1003 1566 1072 generari.
1590 1001 1660 1075 Qua

394 1098 433 1158 de
455 1114 576 1170 renos,
600 1100 655 1172 qui
677 1114 772 1173 super
795 1101 941 1158 omnibus
964 1103 1179 1176 questionibus
1201 1119 1240 1162 ex
1264 1109 1353 1178 parte
1375 1107 1503 1164 antelati
1525 1109 1658 1182 capituli

392 1206 485 1263 vobis
507 1202 662 1280 justiciam
685 1206 748 1263 suis
772 1206 842 1263 loco
859 1211 889 1264 et
907 1212 1049 1281 tempore
1065 1210 1165 1282 parati
1188 1225 1296 1267 sumus
1319 1211 1485 1284 ministare,
1508 1214 1657 1272 volumus

392 1317 423 1369 et
444 1310 591 1369 fidelitati
612 1315 715 1369 vestre
737 1313 947 1371 universitatis
971 1320 1001 1372 et
1024 1315 1153 1373 cuilibet
1168 1322 1309 1374 vestrum
1324 1317 1383 1375 sub
1403 1318 1492 1391 penis
1515 1319 1653 1394 capitum

393 1423 423 1476 et
457 1418 665 1476 ammissionis
699 1420 841 1477 omnium
876 1436 981 1478 rerum
1006 1428 1036 1478 et
1070 1423 1224 1481 bonorum
1260 1427 1438 1481 vestrorum
1474 1424 1657 1484 firmissimo

391 1529 499 1582 nostro
520 1523 608 1597 regio
630 1525 689 1582 sub
712 1525 813 1584 edicto
845 1543 883 1584 err
905 1532 989 1586 certa
1022 1529 1153 1587 sciencia
1189 1530 1379 1603 precipimus
1410 1535 1440 1588 et
1463 1531 1657 1602 mandamus,

394 1635 545 1704 quatenus
567 1630 674 1688 nullus
708 1633 835 1690 omnmo
869 1637 1009 1691 vestrum
1045 1635 1156 1708 quavis
1192 1635 1351 1692 occasione
1381 1634 1491 1694 ductus
1514 1641 1658 1710 pretextu

395 1751 664 1811 quarumcumque
686 1736 880 1813 injuriarum,
903 1740 930 1797 si
953 1756 1014 1813 que
1036 1739 1165 1799 forsitan
1195 1757 1252 1815 per
1282 1741 1453 1800 antelatum
1484 1743 1657 1816 capitulum

391 1844 484 1901 vobis
506 1843 559 1902 vel
582 1843 741 1916 aliquibus
765 1859 803 1902 ex
827 1845 918 1904 robis
940 1845 1028 1903 illate
1050 1852 1122 1904 sunt
1142 1852 1195 1904 aut
1226 1846 1404 1920 inferentur,
1436 1852 1543 1906 contra
1574 1848 1657 1907 idem

394 1949 567 2023 capitulum
590 1949 720 2024 propria
756 1951 995 2036 presumpcione
1028 1951 1199 2010 vindictam
1233 1959 1386 2026 expetere,
1421 1957 1475 2012 aut
1505 1953 1655 2012 adversus

391 2055 477 2128 ipsos
500 2055 755 2112 communitatem
778 2057 941 2128 concitare,
965 2057 1032 2115 sive
1047 2073 1104 2115 vos
1119 2059 1336 2118 universaliter
1351 2060 1383 2117 in
1398 2060 1540 2134 ipsorum
1563 2059 1656 2118 detri-

392 2164 532 2218 mentum
555 2160 722 2232 insurgere,
747 2176 801 2218 seu
834 2162 1021 2221 antedictam
1055 2169 1193 2222 vestram
1227 2180 1359 2238 pravam
1385 2166 1591 2227 intencionem
1616 2165 1656 2223 ad

393 2266 541 2324 affectum
564 2264 716 2325 deducere
749 2266 888 2325 audeatis
922 2284 976 2327 seu
1008 2271 1252 2344 presumpmatis
1286 2271 1525 2344 quoquomodo;
1549 2271 1603 2330 sed
1627 2272 1656 2330 si

399 2371 573 2445 quidquam
597 2373 730 2432 accionis
763 2373 815 2431 vel
846 2375 1016 2447 questionis
1049 2381 1155 2434 contra
1189 2377 1294 2450 ipsum
1328 2377 1501 2450 capitulum
1534 2377 1656 2436 habetis

390 2477 444 2536 vel
465 2477 636 2536 habueritis
658 2478 691 2536 id
714 2479 745 2536 in
769 2481 927 2554 presencia
949 2486 1052 2540 nostre
1076 2482 1244 2541 maiestatis
1267 2488 1321 2540 aut
1339 2484 1428 2556 regni
1449 2485 1547 2542 nostri
1569 2482 1655 2542 Scla-

389 2584 481 2642 uonie
503 2583 578 2642 bani
597 2581 727 2658 juridice
757 2587 990 2658 prosequamini
1024 2593 1130 2646 contra
1165 2587 1299 2661 eosdem,
1335 2595 1484 2663 exparte
1520 2604 1655 2664 quorum

390 2690 483 2748 vobis
505 2687 657 2766 judicium
679 2697 710 2749 et
733 2689 852 2762 iusticia
874 2706 937 2750 non
960 2691 1058 2752 deerit
1081 2691 1208 2751 evidens
1230 2699 1261 2751 et
1282 2693 1442 2767 condigna,
1466 2710 1554 2753 secus
1580 2709 1654 2768 ergo

389 2799 484 2870 prout
506 2811 603 2870 penas
632 2801 785 2871 pretactas
819 2798 937 2856 evitare
970 2799 1092 2874 cupitis,
1126 2799 1227 2858 facere
1248 2813 1311 2858 non
1344 2801 1457 2859 ausuri.
1480 2800 1524 2860 Ut
1546 2805 1650 2859 autem

390 2902 586 2975 presencium
609 2903 785 2961 litterarum
807 2908 985 2962 nostrarum
1006 2906 1154 2964 noticiam
1176 2906 1316 2964 habeatis
1332 2907 1501 2965 cerciorem
1524 2907 1651 2965 easdem

389 3022 447 3080 per
468 3007 682 3066 testimonium
704 3009 835 3082 capituli
857 3009 985 3069 ecclesie
1014 3011 1211 3084 ehamensis,
1249 3012 1333 3086 quod
1363 3027 1421 3086 per
1442 3013 1548 3088 ipsum
1570 3013 1654 3087 capi·

390 3112 494 3190 tulum
516 3113 556 3171 ad
578 3114 638 3172 hoc
672 3115 751 3174 serie
785 3117 981 3188 presencium
1014 3117 1182 3175 transmitti
1210 3113 1364 3193 jubemus,
1388 3119 1480 3176 vobis
1503 3119 1651 3177 volumus

388 3220 579 3292 presentari;
613 3217 699 3296 cujus
731 3219 856 3279 tandem
890 3221 1092 3280 exhibicionis
1126 3237 1180 3280 seu
1211 3223 1452 3296 presentacionis
1483 3224 1596 3282 seriem
1618 3229 1648 3282 et

388 3329 528 3382 vestrum
551 3325 591 3382 ad
614 3325 739 3384 easdem
770 3326 910 3384 fiendum
944 3343 1129 3400 responsum
1152 3344 1208 3402 per
1231 3328 1315 3386 idem
1350 3329 1525 3403 capitulum
1546 3333 1651 3388 nostre

371 3429 524 3492 ,fideliter
545 3433 676 3490 rescribi
707 3433 855 3490 volumus
886 3433 1047 3493 maiestati.
1081 3434 1280 3493 Presentibus
1310 3435 1464 3510 perlectis,
1494 3436 1652 3494 exhibenti

387 3536 546 3597 restitutis.
569 3537 687 3596 Datum
702 3539 787 3597 Bude
809 3541 841 3598 in
857 3539 936 3598 festo
959 3541 1048 3598 beate
1064 3541 1258 3614 Margarethe
1273 3541 1408 3615 virginis.
1426 3543 1515 3600 Anno
1531 3541 1651 3600 domiui

388 3641 558 3700 millesimo
581 3644 886 3718 quadringentesimo
909 3647 1067 3706 tricesimo
1088 3662 1178 3706 nono.

493 3783 517 3830 E
535 3787 696 3848 transumpto
715 3782 822 3848 capituli
847 3782 909 3836 eccl.
934 3784 1092 3836 chasmeusis
1110 3802 1133 3838 e.
1153 3802 1175 3838 a.
1204 3787 1238 3835 In
1255 3785 1351 3839 archiv.
1370 3801 1427 3838 ven.
1446 3785 1531 3851 Capit.
1549 3785 1650 3850 zagrsb.

387 3867 450 3920 Act.
470 3869 554 3935 Capit.
574 3877 625 3922 ant.
645 3871 707 3923 fasc,
730 3883 826 3923 10.ur.
849 3884 888 3924 12.

975 4103 1058 4170 129.

490 4241 572 4292 Anno
593 4255 667 4306 1439,
688 4244 729 4297 28.
746 4243 820 4308 Julii.
840 4228 955 4295 Casurae.

392 4349 555 4426 Capaemlum
578 4351 719 4412 lasmense
741 4353 966 4412 communitatem
988 4354 1113 4412 mititatis
1133 4355 1238 4412 montis
1274 4353 1425 4414 Grecmsis
1455 4357 1486 4412 in
1507 4357 1564 4432 jus
1593 4374 1650 4415 csse

778 4461 894 4517 celatam
916 4460 1034 4518 Aberta
1055 4461 1120 4534 regi
1140 4461 1266 4520 nuntiat.

490 4597 693 4660 Serenissimo
708 4603 842 4677 principi
858 4609 888 4661 et
904 4603 1039 4675 domino,
1052 4601 1180 4662 domino
1195 4603 1327 4662 Alberto
1344 4603 1393 4662 dei
1407 4604 1511 4678 gracia
1534 4605 1648 4664 Roma-

382 4719 495 4764 norum
517 4709 593 4781 regi,
615 4723 740 4783 semper
761 4715 901 4782 august0,
924 4725 960 4768 ac
975 4711 1143 4783 Hungarie,
1167 4710 1322 4782 Bohemie‚
1338 4711 1507 4784 Dalmacie,
1520 4711 1648 4772 Croacie

384 4817 440 4870 etc.
476 4813 544 4886 regi
576 4817 606 4871 et
629 4813 700 4872 duci
734 4815 858 4873 Austrie
893 4821 948 4873 etc.
983 4815 1110 4876 domino
1143 4817 1284 4892 ipsorum
1306 4817 1450 4888 naturali,
1474 4818 1648 4892 capitulum

383 4917 512 4976 ecclesie
546 4919 736 4978 chasmensis
771 4921 952 4979 oracionum
986 4923 1135 4994 suffragia
1169 4921 1355 4980 devotarum
1389 4937 1461 4980 cum
1496 4929 1648 4998 perpetua

381 5021 542 5084 fidelitate.
565 5025 697 5087 Litteras
719 5026 859 5086 eiusdem
875 5035 978 5088 vestre
992 5029 1164 5088 serenitatis
1179 5035 1327 5104 patentes,
1343 5030 1433 5089 uobis
1449 5032 1645 5106 preceptorie
