<?xml version="1.0" encoding="UTF-8"?>
<!DOCTYPE html PUBLIC "-//W3C//DTD XHTML 1.0 Transitional//EN"
    "http://www.w3.org/TR/xhtml1/DTD/xhtml1-transitional.dtd">
<html xmlns="http://www.w3.org/1999/xhtml" xml:lang="en" lang="en">
 <head>
  <title>
</title>
<meta http-equiv="Content-Type" content="text/html;charset=utf-8" />
  <meta name='ocr-system' content='tesseract 3.04.00' />
  <meta name='ocr-capabilities' content='ocr_page ocr_carea ocr_par ocr_line ocrx_word'/>
</head>
<body>
  <div class='ocr_page' id='page_1' title='image "./monumentahistor20laszgoog_0585.png"; bbox 0 0 3828 5822; ppageno 0'>
   <div class='ocr_carea' id='block_1_1' title="bbox 366 515 1203 596">
    <p class='ocr_par' dir='ltr' id='par_1_1' title="bbox 366 515 1203 596">
     <span class='ocr_line' id='line_1_1' title="bbox 366 515 1203 596; baseline -0.004 -19"><span class='ocrx_word' id='word_1_1' title='bbox 366 525 425 596; x_wconf 84' lang='lat'>328</span> <span class='ocrx_word' id='word_1_2' title='bbox 625 576 630 585; x_wconf 78' lang='grc'><strong>,</strong></span> <span class='ocrx_word' id='word_1_3' title='bbox 771 520 845 578; x_wconf 78' lang='lat' dir='ltr'>Duc.</span> <span class='ocrx_word' id='word_1_4' title='bbox 871 515 939 591; x_wconf 78' lang='lat'><em>265.</em></span> <span class='ocrx_word' id='word_1_5' title='bbox 964 552 1006 588; x_wconf 55' lang='lat' dir='ltr'>—ss</span> <span class='ocrx_word' id='word_1_6' title='bbox 1030 519 1085 574; x_wconf 79' lang='lat' dir='ltr'>An.</span> <span class='ocrx_word' id='word_1_7' title='bbox 1112 519 1203 594; x_wconf 76' lang='lat'><em>1469.</em></span> 
     </span>
    </p>
   </div>
   <div class='ocr_carea' id='block_1_2' title="bbox 417 623 1623 634">
    <p class='ocr_par' dir='ltr' id='par_1_2' title="bbox 417 623 1623 634">
     <span class='ocr_line' id='line_1_2' title="bbox 417 623 1623 634; baseline -0.008 0"><span class='ocrx_word' id='word_1_8' title='bbox 417 629 440 634; x_wconf 87' lang='grc'>..-</span> <span class='ocrx_word' id='word_1_9' title='bbox 456 623 860 633; x_wconf 41' lang='grc' dir='ltr'>--ΜΡ-..4.</span> <span class='ocrx_word' id='word_1_10' title='bbox 875 625 883 628; x_wconf 92' lang='grc'>.</span> <span class='ocrx_word' id='word_1_11' title='bbox 909 624 1008 628; x_wconf 74' lang='grc'><strong><em>--...-..-</em></strong></span> <span class='ocrx_word' id='word_1_12' title='bbox 1315 625 1358 630; x_wconf 75' lang='grc'>--</span> <span class='ocrx_word' id='word_1_13' title='bbox 1368 625 1384 629; x_wconf 76' lang='grc'>-,</span> <span class='ocrx_word' id='word_1_14' title='bbox 1436 623 1447 628; x_wconf 76' lang='grc'>-</span> <span class='ocrx_word' id='word_1_15' title='bbox 1464 623 1623 629; x_wconf 65' lang='grc'>,,,-,,,,,-</span> 
     </span>
    </p>
   </div>
   <div class='ocr_carea' id='block_1_3' title="bbox 471 727 1036 935">
    <p class='ocr_par' dir='ltr' id='par_1_3' title="bbox 471 727 1036 935">
     <span class='ocr_line' id='line_1_3' title="bbox 953 727 1036 793; baseline -0.024 -1"><span class='ocrx_word' id='word_1_16' title='bbox 953 727 1036 793; x_wconf 82' lang='lat'>265.</span> 
     </span>
     <span class='ocr_line' id='line_1_4' title="bbox 471 869 999 935; baseline -0.008 -13"><span class='ocrx_word' id='word_1_17' title='bbox 471 874 551 922; x_wconf 87' lang='lat' dir='ltr'>Anno</span> <span class='ocrx_word' id='word_1_18' title='bbox 573 871 648 935; x_wconf 87' lang='lat'>1469,</span> <span class='ocrx_word' id='word_1_19' title='bbox 668 883 692 934; x_wconf 82' lang='lat'>3.</span> <span class='ocrx_word' id='word_1_20' title='bbox 711 870 833 922; x_wconf 87' lang='lat' dir='ltr'>octobris.</span> <span class='ocrx_word' id='word_1_21' title='bbox 852 869 999 933; x_wconf 83' lang='lat' dir='ltr'>Zagrabiae.</span> 
     </span>
    </p>
   </div>
   <div class='ocr_carea' id='block_1_4' title="bbox 369 993 1628 1074">
    <p class='ocr_par' dir='ltr' id='par_1_4' title="bbox 369 993 1628 1074">
     <span class='ocr_line' id='line_1_5' title="bbox 369 993 1628 1074; baseline -0.003 -16"><span class='ocrx_word' id='word_1_22' title='bbox 369 999 533 1074; x_wconf 79' lang='lat' dir='ltr'>capitulum</span> <span class='ocrx_word' id='word_1_23' title='bbox 563 998 760 1072; x_wconf 66' lang='lat' dir='ltr'>zagrabiensc&#39;</span> <span class='ocrx_word' id='word_1_24' title='bbox 778 1013 839 1053; x_wconf 84' lang='lat' dir='ltr'>cum</span> <span class='ocrx_word' id='word_1_25' title='bbox 871 997 1069 1054; x_wconf 78' lang='lat' dir='ltr'>communitate</span> <span class='ocrx_word' id='word_1_26' title='bbox 1098 993 1176 1053; x_wconf 82' lang='lat' dir='ltr'>cior&#39;t.</span> <span class='ocrx_word' id='word_1_27' title='bbox 1209 995 1311 1052; x_wconf 78' lang='lat' dir='ltr'>montes</span> <span class='ocrx_word' id='word_1_28' title='bbox 1347 994 1500 1054; x_wconf 81' lang='lat' dir='ltr'>Greccnsis</span> <span class='ocrx_word' id='word_1_29' title='bbox 1522 997 1628 1071; x_wconf 66' lang='lat' dir='ltr'>ignotis</span> 
     </span>
    </p>
   </div>
   <div class='ocr_carea' id='block_1_5' title="bbox 790 1102 1195 1179">
    <p class='ocr_par' dir='ltr' id='par_1_5' title="bbox 790 1102 1195 1179">
     <span class='ocr_line' id='line_1_6' title="bbox 790 1102 1195 1179; baseline -0.007 -19"><span class='ocrx_word' id='word_1_30' title='bbox 790 1104 908 1179; x_wconf 72' lang='lat' dir='ltr'>injitriis</span> <span class='ocrx_word' id='word_1_31' title='bbox 923 1110 1026 1176; x_wconf 81' lang='lat' dir='ltr'>pacem</span> <span class='ocrx_word' id='word_1_32' title='bbox 1048 1102 1195 1175; x_wconf 76' lang='lat' dir='ltr'><em>componit.</em></span> 
     </span>
    </p>
   </div>
   <div class='ocr_carea' id='block_1_6' title="bbox 350 1263 1627 5045">
    <p class='ocr_par' dir='ltr' id='par_1_6' title="bbox 350 1263 1627 5045">
     <span class='ocr_line' id='line_1_7' title="bbox 470 1263 1627 1341; baseline 0.002 -18"><span class='ocrx_word' id='word_1_33' title='bbox 470 1266 533 1324; x_wconf 92' lang='lat' dir='ltr'>Nos</span> <span class='ocrx_word' id='word_1_34' title='bbox 557 1267 731 1341; x_wconf 88' lang='lat' dir='ltr'>capitulum</span> <span class='ocrx_word' id='word_1_35' title='bbox 754 1266 882 1324; x_wconf 84' lang='lat' dir='ltr'>ecclesie</span> <span class='ocrx_word' id='word_1_36' title='bbox 905 1265 1121 1337; x_wconf 88' lang='lat' dir='ltr'>zagrabiensis.</span> <span class='ocrx_word' id='word_1_37' title='bbox 1146 1263 1350 1322; x_wconf 90' lang='lat' dir='ltr'>Notificamus</span> <span class='ocrx_word' id='word_1_38' title='bbox 1374 1269 1479 1323; x_wconf 89' lang='lat' dir='ltr'>tenore</span> <span class='ocrx_word' id='word_1_39' title='bbox 1502 1281 1627 1339; x_wconf 90' lang='lat' dir='ltr'>presen-</span> 
     </span>
     <span class='ocr_line' id='line_1_8' title="bbox 364 1368 1626 1444; baseline 0.002 -16"><span class='ocrx_word' id='word_1_40' title='bbox 364 1373 447 1429; x_wconf 90' lang='lat' dir='ltr'>cium</span> <span class='ocrx_word' id='word_1_41' title='bbox 463 1371 678 1444; x_wconf 70' lang='lat' dir='ltr'>significantes</span> <span class='ocrx_word' id='word_1_42' title='bbox 702 1371 816 1444; x_wconf 88' lang='lat' dir='ltr'>quibus</span> <span class='ocrx_word' id='word_1_43' title='bbox 832 1370 958 1444; x_wconf 82' lang='lat' dir='ltr'>expedit</span> <span class='ocrx_word' id='word_1_44' title='bbox 980 1370 1146 1428; x_wconf 88' lang='lat' dir='ltr'>universis:</span> <span class='ocrx_word' id='word_1_45' title='bbox 1171 1368 1255 1443; x_wconf 90' lang='lat' dir='ltr'>quod</span> <span class='ocrx_word' id='word_1_46' title='bbox 1279 1385 1316 1427; x_wconf 91' lang='lat' dir='ltr'>ne</span> <span class='ocrx_word' id='word_1_47' title='bbox 1339 1385 1443 1427; x_wconf 88' lang='lat' dir='ltr'>rerum</span> <span class='ocrx_word' id='word_1_48' title='bbox 1466 1379 1626 1443; x_wconf 90' lang='lat' dir='ltr'>gestarum</span> 
     </span>
     <span class='ocr_line' id='line_1_9' title="bbox 364 1475 1627 1552; baseline 0.001 -17"><span class='ocrx_word' id='word_1_49' title='bbox 364 1478 461 1536; x_wconf 86' lang='lat' dir='ltr'>series</span> <span class='ocrx_word' id='word_1_50' title='bbox 489 1484 619 1552; x_wconf 92' lang='lat' dir='ltr'>propter</span> <span class='ocrx_word' id='word_1_51' title='bbox 647 1477 877 1535; x_wconf 84' lang='lat' dir='ltr'>fluxibilitatem</span> <span class='ocrx_word' id='word_1_52' title='bbox 901 1476 1007 1534; x_wconf 88' lang='lat' dir='ltr'>dietim</span> <span class='ocrx_word' id='word_1_53' title='bbox 1032 1476 1166 1534; x_wconf 90' lang='lat' dir='ltr'>labentis</span> <span class='ocrx_word' id='word_1_54' title='bbox 1189 1475 1339 1549; x_wconf 89' lang='lat' dir='ltr'>temporis</span> <span class='ocrx_word' id='word_1_55' title='bbox 1363 1477 1495 1548; x_wconf 84' lang='lat' dir='ltr'>posteris</span> <span class='ocrx_word' id='word_1_56' title='bbox 1523 1478 1627 1536; x_wconf 84' lang='lat' dir='ltr'>veniat</span> 
     </span>
     <span class='ocr_line' id='line_1_10' title="bbox 362 1581 1626 1657; baseline 0 -17"><span class='ocrx_word' id='word_1_57' title='bbox 362 1585 394 1640; x_wconf 93' lang='lat' dir='ltr'>in</span> <span class='ocrx_word' id='word_1_58' title='bbox 417 1584 618 1656; x_wconf 88' lang='lat' dir='ltr'>oblivionem,</span> <span class='ocrx_word' id='word_1_59' title='bbox 642 1591 694 1640; x_wconf 92' lang='lat' dir='ltr'>aut</span> <span class='ocrx_word' id='word_1_60' title='bbox 710 1582 794 1657; x_wconf 90' lang='lat' dir='ltr'>quod</span> <span class='ocrx_word' id='word_1_61' title='bbox 810 1582 965 1640; x_wconf 90' lang='lat' dir='ltr'>interdum</span> <span class='ocrx_word' id='word_1_62' title='bbox 982 1583 1120 1638; x_wconf 88' lang='lat' dir='ltr'>maxima</span> <span class='ocrx_word' id='word_1_63' title='bbox 1144 1581 1335 1654; x_wconf 89' lang='lat' dir='ltr'>agendarum</span> <span class='ocrx_word' id='word_1_64' title='bbox 1358 1597 1464 1639; x_wconf 89' lang='lat' dir='ltr'>rerum</span> <span class='ocrx_word' id='word_1_65' title='bbox 1487 1585 1626 1656; x_wconf 82' lang='lat' dir='ltr'>exposcit</span> 
     </span>
     <span class='ocr_line' id='line_1_11' title="bbox 364 1687 1626 1762; baseline -0.001 -14"><span class='ocrx_word' id='word_1_66' title='bbox 364 1690 536 1762; x_wconf 84' lang='lat' dir='ltr'>necessitas,</span> <span class='ocrx_word' id='word_1_67' title='bbox 560 1689 708 1747; x_wconf 88' lang='lat' dir='ltr'>varietate</span> <span class='ocrx_word' id='word_1_68' title='bbox 730 1688 988 1761; x_wconf 78' lang='lat' dir='ltr'>redarguendum</span> <span class='ocrx_word' id='word_1_69' title='bbox 1011 1688 1196 1760; x_wconf 89' lang='lat' dir='ltr'>inculpetur‚</span> <span class='ocrx_word' id='word_1_70' title='bbox 1220 1688 1343 1746; x_wconf 83' lang='lat' dir='ltr'>racione</span> <span class='ocrx_word' id='word_1_71' title='bbox 1366 1687 1499 1746; x_wconf 83' lang='lat' dir='ltr'>dictante</span> <span class='ocrx_word' id='word_1_72' title='bbox 1523 1688 1626 1747; x_wconf 90' lang='lat' dir='ltr'>decre·</span> 
     </span>
     <span class='ocr_line' id='line_1_12' title="bbox 362 1792 1626 1868; baseline 0 -16"><span class='ocrx_word' id='word_1_73' title='bbox 362 1796 465 1853; x_wconf 87' lang='lat' dir='ltr'>vimus</span> <span class='ocrx_word' id='word_1_74' title='bbox 496 1811 532 1854; x_wconf 91' lang='lat' dir='ltr'>ea</span> <span class='ocrx_word' id='word_1_75' title='bbox 562 1796 736 1853; x_wconf 89' lang='lat' dir='ltr'>litterarum</span> <span class='ocrx_word' id='word_1_76' title='bbox 759 1793 936 1851; x_wconf 90' lang='lat' dir='ltr'>testimonio</span> <span class='ocrx_word' id='word_1_77' title='bbox 959 1794 991 1850; x_wconf 92' lang='lat' dir='ltr'>in</span> <span class='ocrx_word' id='word_1_78' title='bbox 1014 1793 1208 1866; x_wconf 91' lang='lat' dir='ltr'>presencium</span> <span class='ocrx_word' id='word_1_79' title='bbox 1232 1797 1262 1850; x_wconf 87' lang='lat' dir='ltr'>et</span> <span class='ocrx_word' id='word_1_80' title='bbox 1285 1792 1471 1864; x_wconf 86' lang='lat' dir='ltr'>futurorum,</span> <span class='ocrx_word' id='word_1_81' title='bbox 1492 1809 1626 1868; x_wconf 90' lang='lat' dir='ltr'>quorum</span> 
     </span>
     <span class='ocr_line' id='line_1_13' title="bbox 364 1897 1626 1972; baseline -0.002 -12"><span class='ocrx_word' id='word_1_82' title='bbox 364 1901 499 1972; x_wconf 87' lang='lat' dir='ltr'>interest,</span> <span class='ocrx_word' id='word_1_83' title='bbox 530 1901 675 1960; x_wconf 89' lang='lat' dir='ltr'>noticiam</span> <span class='ocrx_word' id='word_1_84' title='bbox 706 1899 863 1957; x_wconf 81' lang='lat' dir='ltr'>devenire:</span> <span class='ocrx_word' id='word_1_85' title='bbox 896 1897 1053 1972; x_wconf 90' lang='lat' dir='ltr'>quomodo</span> <span class='ocrx_word' id='word_1_86' title='bbox 1077 1899 1217 1970; x_wconf 89' lang='lat' dir='ltr'>sabbato,</span> <span class='ocrx_word' id='word_1_87' title='bbox 1249 1898 1384 1957; x_wconf 89' lang='lat' dir='ltr'>secundo</span> <span class='ocrx_word' id='word_1_88' title='bbox 1407 1899 1553 1958; x_wconf 90' lang='lat' dir='ltr'>videlicet</span> <span class='ocrx_word' id='word_1_89' title='bbox 1574 1901 1626 1958; x_wconf 92' lang='lat' dir='ltr'>die</span> 
     </span>
     <span class='ocr_line' id='line_1_14' title="bbox 364 2002 1625 2080; baseline 0.001 -16"><span class='ocrx_word' id='word_1_90' title='bbox 364 2006 434 2064; x_wconf 86' lang='lat' dir='ltr'>festi</span> <span class='ocrx_word' id='word_1_91' title='bbox 457 2007 540 2064; x_wconf 90' lang='lat' dir='ltr'>beati</span> <span class='ocrx_word' id='word_1_92' title='bbox 563 2005 722 2064; x_wconf 89' lang='lat' dir='ltr'>Michaelis</span> <span class='ocrx_word' id='word_1_93' title='bbox 744 2004 931 2076; x_wconf 80' lang='lat' dir='ltr'>archangeli,</span> <span class='ocrx_word' id='word_1_94' title='bbox 954 2003 1043 2062; x_wconf 85' lang='lat' dir='ltr'>tarda</span> <span class='ocrx_word' id='word_1_95' title='bbox 1065 2002 1129 2080; x_wconf 85' lang='lat' dir='ltr'>jam</span> <span class='ocrx_word' id='word_1_96' title='bbox 1145 2005 1219 2062; x_wconf 85' lang='lat' dir='ltr'>satis</span> <span class='ocrx_word' id='word_1_97' title='bbox 1241 2006 1318 2063; x_wconf 90' lang='lat' dir='ltr'>hora</span> <span class='ocrx_word' id='word_1_98' title='bbox 1341 2007 1440 2064; x_wconf 90' lang='lat' dir='ltr'>noctis</span> <span class='ocrx_word' id='word_1_99' title='bbox 1463 2012 1493 2064; x_wconf 88' lang='lat' dir='ltr'>et</span> <span class='ocrx_word' id='word_1_100' title='bbox 1509 2008 1625 2066; x_wconf 89' lang='lat' dir='ltr'>cunctis</span> 
     </span>
     <span class='ocr_line' id='line_1_15' title="bbox 366 2109 1622 2187; baseline 0.001 -17"><span class='ocrx_word' id='word_1_101' title='bbox 366 2128 445 2186; x_wconf 85' lang='lat' dir='ltr'>pene</span> <span class='ocrx_word' id='word_1_102' title='bbox 461 2113 689 2186; x_wconf 89' lang='lat' dir='ltr'>quiescentibus</span> <span class='ocrx_word' id='word_1_103' title='bbox 705 2115 734 2168; x_wconf 91' lang='lat' dir='ltr'>et</span> <span class='ocrx_word' id='word_1_104' title='bbox 757 2110 919 2183; x_wconf 91' lang='lat' dir='ltr'>soporatis,</span> <span class='ocrx_word' id='word_1_105' title='bbox 942 2109 1020 2167; x_wconf 87' lang='lat' dir='ltr'>adeo</span> <span class='ocrx_word' id='word_1_106' title='bbox 1043 2110 1217 2167; x_wconf 85' lang='lat' dir='ltr'>maximum</span> <span class='ocrx_word' id='word_1_107' title='bbox 1238 2125 1397 2168; x_wconf 90' lang='lat' dir='ltr'>rumorem</span> <span class='ocrx_word' id='word_1_108' title='bbox 1414 2117 1444 2170; x_wconf 92' lang='lat' dir='ltr'>et</span> <span class='ocrx_word' id='word_1_109' title='bbox 1459 2113 1622 2187; x_wconf 88' lang='lat' dir='ltr'>strepitum</span> 
     </span>
     <span class='ocr_line' id='line_1_16' title="bbox 364 2214 1625 2292; baseline 0.002 -17"><span class='ocrx_word' id='word_1_110' title='bbox 364 2219 591 2276; x_wconf 90' lang='lat' dir='ltr'>miserabilium</span> <span class='ocrx_word' id='word_1_111' title='bbox 619 2231 823 2290; x_wconf 88' lang='lat' dir='ltr'>personarum</span> <span class='ocrx_word' id='word_1_112' title='bbox 854 2216 1000 2274; x_wconf 87' lang='lat' dir='ltr'>seviciam</span> <span class='ocrx_word' id='word_1_113' title='bbox 1032 2215 1226 2289; x_wconf 88' lang='lat' dir='ltr'>perfidorum</span> <span class='ocrx_word' id='word_1_114' title='bbox 1257 2214 1456 2276; x_wconf 83' lang='lat' dir='ltr'>Thurkorum</span> <span class='ocrx_word' id='word_1_115' title='bbox 1487 2218 1625 2292; x_wconf 92' lang='lat' dir='ltr'>undique</span> 
     </span>
     <span class='ocr_line' id='line_1_17' title="bbox 366 2321 1624 2399; baseline 0.001 -19"><span class='ocrx_word' id='word_1_116' title='bbox 366 2323 555 2396; x_wconf 84' lang='lat' dir='ltr'>fugiencium</span> <span class='ocrx_word' id='word_1_117' title='bbox 579 2328 609 2380; x_wconf 94' lang='lat' dir='ltr'>et</span> <span class='ocrx_word' id='word_1_118' title='bbox 631 2323 788 2380; x_wconf 90' lang='lat' dir='ltr'>timorosis</span> <span class='ocrx_word' id='word_1_119' title='bbox 812 2321 941 2380; x_wconf 90' lang='lat' dir='ltr'>vocibus</span> <span class='ocrx_word' id='word_1_120' title='bbox 972 2322 1235 2395; x_wconf 90' lang='lat' dir='ltr'>perstrepencium</span> <span class='ocrx_word' id='word_1_121' title='bbox 1258 2324 1476 2396; x_wconf 90' lang='lat' dir='ltr'>persensimus,</span> <span class='ocrx_word' id='word_1_122' title='bbox 1500 2330 1531 2383; x_wconf 91' lang='lat' dir='ltr'>et</span> <span class='ocrx_word' id='word_1_123' title='bbox 1553 2341 1624 2399; x_wconf 89' lang='lat' dir='ltr'>pre·</span> 
     </span>
     <span class='ocr_line' id='line_1_18' title="bbox 360 2427 1623 2502; baseline 0.001 -14"><span class='ocrx_word' id='word_1_124' title='bbox 360 2431 467 2488; x_wconf 91' lang='lat' dir='ltr'>sertim</span> <span class='ocrx_word' id='word_1_125' title='bbox 491 2428 700 2502; x_wconf 90' lang='lat' dir='ltr'>quorumdam</span> <span class='ocrx_word' id='word_1_126' title='bbox 721 2443 760 2486; x_wconf 86' lang='lat' dir='ltr'>ex</span> <span class='ocrx_word' id='word_1_127' title='bbox 782 2428 845 2484; x_wconf 89' lang='lat' dir='ltr'>alia</span> <span class='ocrx_word' id='word_1_128' title='bbox 867 2432 955 2500; x_wconf 90' lang='lat' dir='ltr'>parte</span> <span class='ocrx_word' id='word_1_129' title='bbox 977 2427 1064 2484; x_wconf 90' lang='lat' dir='ltr'>lluvii</span> <span class='ocrx_word' id='word_1_130' title='bbox 1085 2427 1184 2497; x_wconf 88' lang='lat' dir='ltr'>Zawe,</span> <span class='ocrx_word' id='word_1_131' title='bbox 1208 2429 1295 2486; x_wconf 90' lang='lat' dir='ltr'>cuius</span> <span class='ocrx_word' id='word_1_132' title='bbox 1318 2443 1399 2502; x_wconf 89' lang='lat' dir='ltr'>aqua</span> <span class='ocrx_word' id='word_1_133' title='bbox 1422 2429 1487 2488; x_wconf 90' lang='lat' dir='ltr'>illis</span> <span class='ocrx_word' id='word_1_134' title='bbox 1511 2430 1623 2489; x_wconf 91' lang='lat' dir='ltr'>diebus</span> 
     </span>
     <span class='ocr_line' id='line_1_19' title="bbox 360 2532 1620 2610; baseline 0.002 -16"><span class='ocrx_word' id='word_1_135' title='bbox 360 2537 497 2594; x_wconf 90' lang='lat' dir='ltr'>multum</span> <span class='ocrx_word' id='word_1_136' title='bbox 523 2535 702 2593; x_wconf 89' lang='lat' dir='ltr'>decreverat</span> <span class='ocrx_word' id='word_1_137' title='bbox 724 2541 754 2592; x_wconf 90' lang='lat' dir='ltr'>et</span> <span class='ocrx_word' id='word_1_138' title='bbox 783 2535 935 2591; x_wconf 91' lang='lat' dir='ltr'>minorata</span> <span class='ocrx_word' id='word_1_139' title='bbox 959 2532 1060 2591; x_wconf 86' lang='lat' dir='ltr'>fuerat</span> <span class='ocrx_word' id='word_1_140' title='bbox 1082 2533 1330 2607; x_wconf 88' lang='lat' dir='ltr'>adventancium,</span> <span class='ocrx_word' id='word_1_141' title='bbox 1353 2537 1407 2609; x_wconf 92' lang='lat' dir='ltr'>qui</span> <span class='ocrx_word' id='word_1_142' title='bbox 1430 2539 1620 2610; x_wconf 90' lang='lat' dir='ltr'>parentibus,</span> 
     </span>
     <span class='ocr_line' id='line_1_20' title="bbox 360 2640 1618 2714; baseline 0.002 -15"><span class='ocrx_word' id='word_1_143' title='bbox 360 2642 551 2713; x_wconf 87' lang='lat' dir='ltr'>coniugibus,</span> <span class='ocrx_word' id='word_1_144' title='bbox 580 2641 724 2714; x_wconf 87' lang='lat' dir='ltr'>prolibus</span> <span class='ocrx_word' id='word_1_145' title='bbox 754 2645 784 2696; x_wconf 90' lang='lat' dir='ltr'>et</span> <span class='ocrx_word' id='word_1_146' title='bbox 814 2640 960 2697; x_wconf 90' lang='lat' dir='ltr'>omnibus</span> <span class='ocrx_word' id='word_1_147' title='bbox 990 2640 1080 2696; x_wconf 92' lang='lat' dir='ltr'>bonis</span> <span class='ocrx_word' id='word_1_148' title='bbox 1103 2654 1212 2704; x_wconf 87' lang='lat' dir='ltr'>eorum</span> <span class='ocrx_word' id='word_1_149' title='bbox 1234 2642 1356 2700; x_wconf 90' lang='lat' dir='ltr'>amissis</span> <span class='ocrx_word' id='word_1_150' title='bbox 1378 2648 1409 2700; x_wconf 94' lang='lat' dir='ltr'>et</span> <span class='ocrx_word' id='word_1_151' title='bbox 1431 2643 1618 2703; x_wconf 88' lang='lat' dir='ltr'>habitaculis</span> 
     </span>
     <span class='ocr_line' id='line_1_21' title="bbox 364 2746 1623 2824; baseline 0.002 -19"><span class='ocrx_word' id='word_1_152' title='bbox 364 2761 471 2806; x_wconf 90' lang='lat' dir='ltr'>eorum</span> <span class='ocrx_word' id='word_1_153' title='bbox 497 2763 554 2820; x_wconf 91' lang='lat' dir='ltr'>per</span> <span class='ocrx_word' id='word_1_154' title='bbox 577 2747 702 2804; x_wconf 90' lang='lat' dir='ltr'>eosdem</span> <span class='ocrx_word' id='word_1_155' title='bbox 726 2746 843 2802; x_wconf 83' lang='lat' dir='ltr'>Turccs</span> <span class='ocrx_word' id='word_1_156' title='bbox 866 2746 1068 2803; x_wconf 89' lang='lat' dir='ltr'>concrematis</span> <span class='ocrx_word' id='word_1_157' title='bbox 1097 2746 1243 2806; x_wconf 87' lang='lat' dir='ltr'>semivivi</span> <span class='ocrx_word' id='word_1_158' title='bbox 1260 2748 1463 2820; x_wconf 83' lang='lat' dir='ltr'>auffugerant,</span> <span class='ocrx_word' id='word_1_159' title='bbox 1485 2749 1623 2824; x_wconf 90' lang='lat' dir='ltr'>idipsum</span> 
     </span>
     <span class='ocr_line' id='line_1_22' title="bbox 360 2851 1622 2925; baseline 0.002 -15"><span class='ocrx_word' id='word_1_160' title='bbox 360 2852 573 2923; x_wconf 83' lang='lat' dir='ltr'>vociferantes,</span> <span class='ocrx_word' id='word_1_161' title='bbox 600 2851 684 2925; x_wconf 91' lang='lat' dir='ltr'>quod</span> <span class='ocrx_word' id='word_1_162' title='bbox 715 2853 778 2908; x_wconf 86' lang='lat' dir='ltr'>iam</span> <span class='ocrx_word' id='word_1_163' title='bbox 810 2851 947 2908; x_wconf 88' lang='lat' dir='ltr'>maxima</span> <span class='ocrx_word' id='word_1_164' title='bbox 977 2851 1147 2908; x_wconf 89' lang='lat' dir='ltr'>multitudo</span> <span class='ocrx_word' id='word_1_165' title='bbox 1177 2851 1356 2911; x_wconf 89' lang='lat' dir='ltr'>Turkorum</span> <span class='ocrx_word' id='word_1_166' title='bbox 1392 2861 1422 2912; x_wconf 93' lang='lat' dir='ltr'>et</span> <span class='ocrx_word' id='word_1_167' title='bbox 1452 2856 1622 2914; x_wconf 88' lang='lat' dir='ltr'>notabilior</span> 
     </span>
     <span class='ocr_line' id='line_1_23' title="bbox 358 2955 1621 3034; baseline 0.002 -18"><span class='ocrx_word' id='word_1_168' title='bbox 358 2974 431 3033; x_wconf 87' lang='lat' dir='ltr'>pars</span> <span class='ocrx_word' id='word_1_169' title='bbox 453 2960 604 3016; x_wconf 84' lang='lat' dir='ltr'>exercitus</span> <span class='ocrx_word' id='word_1_170' title='bbox 627 2969 735 3014; x_wconf 89' lang='lat' dir='ltr'>eorum</span> <span class='ocrx_word' id='word_1_171' title='bbox 758 2957 884 3014; x_wconf 89' lang='lat' dir='ltr'>alveum</span> <span class='ocrx_word' id='word_1_172' title='bbox 900 2955 987 3014; x_wconf 91' lang='lat' dir='ltr'>iluvii</span> <span class='ocrx_word' id='word_1_173' title='bbox 1000 2957 1089 3015; x_wconf 87' lang='lat' dir='ltr'>Zawe</span> <span class='ocrx_word' id='word_1_174' title='bbox 1104 2973 1162 3032; x_wconf 93' lang='lat' dir='ltr'>per</span> <span class='ocrx_word' id='word_1_175' title='bbox 1184 2959 1365 3031; x_wconf 89' lang='lat' dir='ltr'>proximum</span> <span class='ocrx_word' id='word_1_176' title='bbox 1380 2961 1471 3018; x_wconf 90' lang='lat' dir='ltr'>nobis</span> <span class='ocrx_word' id='word_1_177' title='bbox 1495 2966 1621 3034; x_wconf 88' lang='lat' dir='ltr'>portum</span> 
     </span>
     <span class='ocr_line' id='line_1_24' title="bbox 356 3058 1621 3139; baseline 0.003 -17"><span class='ocrx_word' id='word_1_178' title='bbox 356 3064 600 3134; x_wconf 89' lang='lat' dir='ltr'>transvadasset;</span> <span class='ocrx_word' id='word_1_179' title='bbox 623 3064 698 3121; x_wconf 91' lang='lat' dir='ltr'>visis</span> <span class='ocrx_word' id='word_1_180' title='bbox 721 3064 818 3121; x_wconf 91' lang='lat' dir='ltr'>eciam</span> <span class='ocrx_word' id='word_1_181' title='bbox 842 3068 952 3121; x_wconf 88' lang='lat' dir='ltr'>eotunc</span> <span class='ocrx_word' id='word_1_182' title='bbox 967 3062 1169 3122; x_wconf 88' lang='lat' dir='ltr'>validissimis</span> <span class='ocrx_word' id='word_1_183' title='bbox 1193 3071 1223 3121; x_wconf 93' lang='lat' dir='ltr'>et</span> <span class='ocrx_word' id='word_1_184' title='bbox 1246 3058 1463 3139; x_wconf 88' lang='lat' dir='ltr'>multiplicatis</span> <span class='ocrx_word' id='word_1_185' title='bbox 1486 3069 1621 3126; x_wconf 88' lang='lat' dir='ltr'>accensis</span> 
     </span>
     <span class='ocr_line' id='line_1_25' title="bbox 356 3169 1617 3244; baseline 0.002 -16"><span class='ocrx_word' id='word_1_186' title='bbox 356 3171 488 3242; x_wconf 85' lang='lat' dir='ltr'>ignibus,</span> <span class='ocrx_word' id='word_1_187' title='bbox 523 3185 656 3243; x_wconf 89' lang='lat' dir='ltr'>quorum</span> <span class='ocrx_word' id='word_1_188' title='bbox 687 3169 813 3226; x_wconf 88' lang='lat' dir='ltr'>ilamme</span> <span class='ocrx_word' id='word_1_189' title='bbox 846 3170 1046 3227; x_wconf 90' lang='lat' dir='ltr'>vehementer</span> <span class='ocrx_word' id='word_1_190' title='bbox 1076 3170 1108 3227; x_wconf 90' lang='lat' dir='ltr'>in</span> <span class='ocrx_word' id='word_1_191' title='bbox 1142 3169 1338 3228; x_wconf 90' lang='lat' dir='ltr'>altitudinem</span> <span class='ocrx_word' id='word_1_192' title='bbox 1373 3172 1464 3229; x_wconf 85' lang='lat' dir='ltr'>aleris</span> <span class='ocrx_word' id='word_1_193' title='bbox 1488 3173 1617 3244; x_wconf 86' lang='lat' dir='ltr'>elevate,</span> 
     </span>
     <span class='ocr_line' id='line_1_26' title="bbox 354 3274 1617 3336; baseline 0.002 -3"><span class='ocrx_word' id='word_1_194' title='bbox 354 3281 505 3333; x_wconf 90' lang='lat' dir='ltr'>terrorem</span> <span class='ocrx_word' id='word_1_195' title='bbox 528 3276 702 3332; x_wconf 84' lang='lat' dir='ltr'>maximum</span> <span class='ocrx_word' id='word_1_196' title='bbox 724 3276 814 3332; x_wconf 91' lang='lat' dir='ltr'>nobis</span> <span class='ocrx_word' id='word_1_197' title='bbox 837 3281 867 3332; x_wconf 89' lang='lat' dir='ltr'>et</span> <span class='ocrx_word' id='word_1_198' title='bbox 883 3275 1028 3332; x_wconf 90' lang='lat' dir='ltr'>omnibus</span> <span class='ocrx_word' id='word_1_199' title='bbox 1044 3274 1233 3332; x_wconf 88' lang='lat' dir='ltr'>intuentibus</span> <span class='ocrx_word' id='word_1_200' title='bbox 1257 3277 1419 3334; x_wconf 91' lang='lat' dir='ltr'>horrorem</span> <span class='ocrx_word' id='word_1_201' title='bbox 1442 3279 1617 3336; x_wconf 88' lang='lat' dir='ltr'>maximum</span> 
     </span>
     <span class='ocr_line' id='line_1_27' title="bbox 354 3379 1615 3458; baseline 0.003 -19"><span class='ocrx_word' id='word_1_202' title='bbox 354 3387 385 3439; x_wconf 92' lang='lat' dir='ltr'>et</span> <span class='ocrx_word' id='word_1_203' title='bbox 408 3381 500 3439; x_wconf 87' lang='lat' dir='ltr'>finale</span> <span class='ocrx_word' id='word_1_204' title='bbox 523 3381 678 3438; x_wconf 87' lang='lat' dir='ltr'>excidium</span> <span class='ocrx_word' id='word_1_205' title='bbox 703 3381 908 3451; x_wconf 86' lang='lat' dir='ltr'>minabantur,</span> <span class='ocrx_word' id='word_1_206' title='bbox 933 3395 1066 3452; x_wconf 90' lang='lat' dir='ltr'>quorum</span> <span class='ocrx_word' id='word_1_207' title='bbox 1090 3379 1301 3439; x_wconf 81' lang='lat' dir='ltr'>formidabilis</span> <span class='ocrx_word' id='word_1_208' title='bbox 1325 3389 1434 3456; x_wconf 90' lang='lat' dir='ltr'>metus,</span> <span class='ocrx_word' id='word_1_209' title='bbox 1458 3385 1615 3458; x_wconf 89' lang='lat' dir='ltr'>timorque</span> 
     </span>
     <span class='ocr_line' id='line_1_28' title="bbox 357 3485 1619 3560; baseline 0.004 -15"><span class='ocrx_word' id='word_1_210' title='bbox 357 3491 387 3545; x_wconf 89' lang='lat' dir='ltr'>et</span> <span class='ocrx_word' id='word_1_211' title='bbox 410 3492 526 3545; x_wconf 90' lang='lat' dir='ltr'>tremor</span> <span class='ocrx_word' id='word_1_212' title='bbox 549 3486 627 3544; x_wconf 91' lang='lat' dir='ltr'>adeo</span> <span class='ocrx_word' id='word_1_213' title='bbox 656 3500 712 3544; x_wconf 90' lang='lat' dir='ltr'>nos</span> <span class='ocrx_word' id='word_1_214' title='bbox 743 3487 888 3544; x_wconf 89' lang='lat' dir='ltr'>attonitos</span> <span class='ocrx_word' id='word_1_215' title='bbox 919 3485 1063 3556; x_wconf 91' lang='lat' dir='ltr'>reddidit,</span> <span class='ocrx_word' id='word_1_216' title='bbox 1096 3485 1227 3558; x_wconf 89' lang='lat' dir='ltr'>utquid</span> <span class='ocrx_word' id='word_1_217' title='bbox 1251 3501 1353 3560; x_wconf 88' lang='lat' dir='ltr'>agere,</span> <span class='ocrx_word' id='word_1_218' title='bbox 1377 3503 1480 3560; x_wconf 87' lang='lat' dir='ltr'>quove</span> <span class='ocrx_word' id='word_1_219' title='bbox 1505 3489 1619 3550; x_wconf 90' lang='lat' dir='ltr'>diverti</span> 
     </span>
     <span class='ocr_line' id='line_1_29' title="bbox 356 3592 1617 3666; baseline 0.005 -16"><span class='ocrx_word' id='word_1_220' title='bbox 356 3593 540 3651; x_wconf 89' lang='lat' dir='ltr'>deberemus</span> <span class='ocrx_word' id='word_1_221' title='bbox 572 3608 700 3666; x_wconf 88' lang='lat' dir='ltr'>prorsus</span> <span class='ocrx_word' id='word_1_222' title='bbox 730 3593 928 3664; x_wconf 88' lang='lat' dir='ltr'>nesciremus,</span> <span class='ocrx_word' id='word_1_223' title='bbox 959 3593 1112 3665; x_wconf 90' lang='lat' dir='ltr'>nobisque</span> <span class='ocrx_word' id='word_1_224' title='bbox 1143 3594 1281 3650; x_wconf 91' lang='lat' dir='ltr'>intanto</span> <span class='ocrx_word' id='word_1_225' title='bbox 1305 3592 1483 3653; x_wconf 86' lang='lat' dir='ltr'>discrimine</span> <span class='ocrx_word' id='word_1_226' title='bbox 1507 3599 1617 3656; x_wconf 89' lang='lat' dir='ltr'>consti·</span> 
     </span>
     <span class='ocr_line' id='line_1_30' title="bbox 356 3698 1620 3774; baseline 0.005 -18"><span class='ocrx_word' id='word_1_227' title='bbox 356 3701 430 3757; x_wconf 91' lang='lat' dir='ltr'>tutis</span> <span class='ocrx_word' id='word_1_228' title='bbox 454 3701 547 3772; x_wconf 90' lang='lat' dir='ltr'>periit</span> <span class='ocrx_word' id='word_1_229' title='bbox 570 3714 662 3756; x_wconf 91' lang='lat' dir='ltr'>omne</span> <span class='ocrx_word' id='word_1_230' title='bbox 686 3699 849 3757; x_wconf 89' lang='lat' dir='ltr'>consilium</span> <span class='ocrx_word' id='word_1_231' title='bbox 874 3699 1005 3770; x_wconf 89' lang='lat' dir='ltr'>anobis,</span> <span class='ocrx_word' id='word_1_232' title='bbox 1021 3714 1077 3756; x_wconf 91' lang='lat' dir='ltr'>nec</span> <span class='ocrx_word' id='word_1_233' title='bbox 1099 3698 1185 3755; x_wconf 91' lang='lat' dir='ltr'>aliud</span> <span class='ocrx_word' id='word_1_234' title='bbox 1209 3700 1346 3756; x_wconf 89' lang='lat' dir='ltr'>restabat</span> <span class='ocrx_word' id='word_1_235' title='bbox 1369 3702 1542 3774; x_wconf 88' lang='lat' dir='ltr'>consilium,</span> <span class='ocrx_word' id='word_1_236' title='bbox 1560 3704 1620 3762; x_wconf 91' lang='lat' dir='ltr'>nisi</span> 
     </span>
     <span class='ocr_line' id='line_1_31' title="bbox 355 3803 1617 3882; baseline 0.004 -19"><span class='ocrx_word' id='word_1_237' title='bbox 355 3805 438 3880; x_wconf 90' lang='lat' dir='ltr'>quod</span> <span class='ocrx_word' id='word_1_238' title='bbox 462 3805 683 3878; x_wconf 91' lang='lat' dir='ltr'>unusquisque,</span> <span class='ocrx_word' id='word_1_239' title='bbox 706 3805 822 3862; x_wconf 88' lang='lat' dir='ltr'>relictis</span> <span class='ocrx_word' id='word_1_240' title='bbox 845 3804 989 3862; x_wconf 91' lang='lat' dir='ltr'>omnibus</span> <span class='ocrx_word' id='word_1_241' title='bbox 1013 3804 1110 3876; x_wconf 89' lang='lat' dir='ltr'>bonis,</span> <span class='ocrx_word' id='word_1_242' title='bbox 1134 3803 1237 3862; x_wconf 89' lang='lat' dir='ltr'>solum</span> <span class='ocrx_word' id='word_1_243' title='bbox 1256 3804 1295 3862; x_wconf 90' lang='lat' dir='ltr'>de</span> <span class='ocrx_word' id='word_1_244' title='bbox 1329 3807 1457 3880; x_wconf 90' lang='lat' dir='ltr'>proprie</span> <span class='ocrx_word' id='word_1_245' title='bbox 1487 3823 1617 3882; x_wconf 90' lang='lat' dir='ltr'>persone</span> 
     </span>
     <span class='ocr_line' id='line_1_32' title="bbox 354 3910 1618 3982; baseline 0.003 -12"><span class='ocrx_word' id='word_1_246' title='bbox 354 3912 530 3970; x_wconf 87' lang='lat' dir='ltr'>salvacione</span> <span class='ocrx_word' id='word_1_247' title='bbox 561 3917 640 3969; x_wconf 89' lang='lat' dir='ltr'>esset</span> <span class='ocrx_word' id='word_1_248' title='bbox 663 3911 810 3969; x_wconf 88' lang='lat' dir='ltr'>solicitus.</span> <span class='ocrx_word' id='word_1_249' title='bbox 840 3910 971 3982; x_wconf 88' lang='lat' dir='ltr'>Talique</span> <span class='ocrx_word' id='word_1_250' title='bbox 994 3911 1054 3966; x_wconf 91' lang='lat' dir='ltr'>sub</span> <span class='ocrx_word' id='word_1_251' title='bbox 1077 3915 1198 3981; x_wconf 86' lang='lat' dir='ltr'>eventu,</span> <span class='ocrx_word' id='word_1_252' title='bbox 1222 3911 1400 3969; x_wconf 86' lang='lat' dir='ltr'>tardissima</span> <span class='ocrx_word' id='word_1_253' title='bbox 1422 3913 1500 3972; x_wconf 88' lang='lat' dir='ltr'>hora</span> <span class='ocrx_word' id='word_1_254' title='bbox 1519 3917 1618 3974; x_wconf 89' lang='lat' dir='ltr'>noctis</span> 
     </span>
     <span class='ocr_line' id='line_1_33' title="bbox 352 4016 1617 4090; baseline 0.003 -15"><span class='ocrx_word' id='word_1_255' title='bbox 352 4033 414 4075; x_wconf 91' lang='lat' dir='ltr'>non</span> <span class='ocrx_word' id='word_1_256' title='bbox 437 4018 576 4075; x_wconf 90' lang='lat' dir='ltr'>valentes</span> <span class='ocrx_word' id='word_1_257' title='bbox 608 4032 766 4090; x_wconf 88' lang='lat' dir='ltr'>quoquam</span> <span class='ocrx_word' id='word_1_258' title='bbox 789 4017 912 4088; x_wconf 88' lang='lat' dir='ltr'>longius</span> <span class='ocrx_word' id='word_1_259' title='bbox 935 4016 1103 4088; x_wconf 85' lang='lat' dir='ltr'>auffugere,</span> <span class='ocrx_word' id='word_1_260' title='bbox 1135 4016 1309 4074; x_wconf 90' lang='lat' dir='ltr'>inevitabili</span> <span class='ocrx_word' id='word_1_261' title='bbox 1331 4020 1510 4078; x_wconf 89' lang='lat' dir='ltr'>necessitate</span> <span class='ocrx_word' id='word_1_262' title='bbox 1533 4028 1617 4080; x_wconf 88' lang='lat' dir='ltr'>metu</span> 
     </span>
     <span class='ocr_line' id='line_1_34' title="bbox 353 4122 1617 4197; baseline 0.003 -16"><span class='ocrx_word' id='word_1_263' title='bbox 353 4125 463 4182; x_wconf 90' lang='lat' dir='ltr'>mortis</span> <span class='ocrx_word' id='word_1_264' title='bbox 487 4125 686 4197; x_wconf 88' lang='lat' dir='ltr'>pertingente,</span> <span class='ocrx_word' id='word_1_265' title='bbox 711 4123 740 4179; x_wconf 88' lang='lat' dir='ltr'>in</span> <span class='ocrx_word' id='word_1_266' title='bbox 755 4123 912 4179; x_wconf 90' lang='lat' dir='ltr'>civitatem</span> <span class='ocrx_word' id='word_1_267' title='bbox 925 4122 1015 4179; x_wconf 89' lang='lat' dir='ltr'>nobis</span> <span class='ocrx_word' id='word_1_268' title='bbox 1031 4122 1209 4195; x_wconf 87' lang='lat' dir='ltr'>proximam</span> <span class='ocrx_word' id='word_1_269' title='bbox 1232 4124 1346 4181; x_wconf 89' lang='lat' dir='ltr'>montis</span> <span class='ocrx_word' id='word_1_270' title='bbox 1369 4123 1530 4184; x_wconf 88' lang='lat' dir='ltr'>Greoensis</span> <span class='ocrx_word' id='word_1_271' title='bbox 1546 4143 1617 4186; x_wconf 92' lang='lat' dir='ltr'>con·</span> 
     </span>
     <span class='ocr_line' id='line_1_35' title="bbox 353 4228 1615 4302; baseline 0.002 -14"><span class='ocrx_word' id='word_1_272' title='bbox 353 4229 461 4302; x_wconf 83' lang='lat' dir='ltr'>fugere</span> <span class='ocrx_word' id='word_1_273' title='bbox 477 4229 631 4302; x_wconf 90' lang='lat' dir='ltr'>compulsi</span> <span class='ocrx_word' id='word_1_274' title='bbox 648 4243 770 4297; x_wconf 91' lang='lat' dir='ltr'>sumus;</span> <span class='ocrx_word' id='word_1_275' title='bbox 788 4243 922 4300; x_wconf 91' lang='lat' dir='ltr'>quorum</span> <span class='ocrx_word' id='word_1_276' title='bbox 946 4228 1029 4285; x_wconf 87' lang='lat' dir='ltr'>cives</span> <span class='ocrx_word' id='word_1_277' title='bbox 1046 4233 1075 4286; x_wconf 92' lang='lat' dir='ltr'>et</span> <span class='ocrx_word' id='word_1_278' title='bbox 1098 4229 1206 4301; x_wconf 90' lang='lat' dir='ltr'>incole,</span> <span class='ocrx_word' id='word_1_279' title='bbox 1231 4231 1375 4302; x_wconf 90' lang='lat' dir='ltr'>quamvis</span> <span class='ocrx_word' id='word_1_280' title='bbox 1398 4231 1475 4289; x_wconf 89' lang='lat' dir='ltr'>alias</span> <span class='ocrx_word' id='word_1_281' title='bbox 1491 4239 1615 4292; x_wconf 89' lang='lat' dir='ltr'>mutuas</span> 
     </span>
     <span class='ocr_line' id='line_1_36' title="bbox 353 4333 1615 4410; baseline 0.002 -16"><span class='ocrx_word' id='word_1_282' title='bbox 353 4335 555 4406; x_wconf 91' lang='lat' dir='ltr'>inimicicias,</span> <span class='ocrx_word' id='word_1_283' title='bbox 591 4334 785 4392; x_wconf 87' lang='lat' dir='ltr'>differencias</span> <span class='ocrx_word' id='word_1_284' title='bbox 820 4339 850 4392; x_wconf 86' lang='lat' dir='ltr'>et</span> <span class='ocrx_word' id='word_1_285' title='bbox 883 4333 1086 4392; x_wconf 90' lang='lat' dir='ltr'>dissensiones</span> <span class='ocrx_word' id='word_1_286' title='bbox 1127 4335 1291 4392; x_wconf 91' lang='lat' dir='ltr'>nobiscum</span> <span class='ocrx_word' id='word_1_287' title='bbox 1325 4335 1523 4410; x_wconf 90' lang='lat' dir='ltr'>habuissent,</span> <span class='ocrx_word' id='word_1_288' title='bbox 1560 4354 1615 4397; x_wconf 91' lang='lat' dir='ltr'>nos</span> 
     </span>
     <span class='ocr_line' id='line_1_37' title="bbox 352 4439 1616 4513; baseline 0.001 -12"><span class='ocrx_word' id='word_1_289' title='bbox 352 4449 457 4501; x_wconf 91' lang='lat' dir='ltr'>tamen</span> <span class='ocrx_word' id='word_1_290' title='bbox 480 4447 591 4500; x_wconf 89' lang='lat' dir='ltr'>eotunc</span> <span class='ocrx_word' id='word_1_291' title='bbox 613 4442 729 4513; x_wconf 91' lang='lat' dir='ltr'>apertis</span> <span class='ocrx_word' id='word_1_292' title='bbox 753 4447 782 4497; x_wconf 90' lang='lat' dir='ltr'>et</span> <span class='ocrx_word' id='word_1_293' title='bbox 805 4441 948 4498; x_wconf 88' lang='lat' dir='ltr'>reseratis</span> <span class='ocrx_word' id='word_1_294' title='bbox 971 4440 1070 4512; x_wconf 93' lang='lat' dir='ltr'>portis</span> <span class='ocrx_word' id='word_1_295' title='bbox 1094 4439 1231 4498; x_wconf 89' lang='lat' dir='ltr'>eiusdem</span> <span class='ocrx_word' id='word_1_296' title='bbox 1255 4441 1387 4499; x_wconf 87' lang='lat' dir='ltr'>civitatis</span> <span class='ocrx_word' id='word_1_297' title='bbox 1409 4443 1484 4500; x_wconf 92' lang='lat' dir='ltr'>satis</span> <span class='ocrx_word' id='word_1_298' title='bbox 1507 4445 1616 4502; x_wconf 87' lang='lat' dir='ltr'>huma·</span> 
     </span>
     <span class='ocr_line' id='line_1_38' title="bbox 352 4545 1613 4620; baseline 0.002 -13"><span class='ocrx_word' id='word_1_299' title='bbox 352 4549 433 4607; x_wconf 90' lang='lat' dir='ltr'>niter</span> <span class='ocrx_word' id='word_1_300' title='bbox 455 4556 665 4620; x_wconf 87' lang='lat' dir='ltr'>susceperunt,</span> <span class='ocrx_word' id='word_1_301' title='bbox 690 4546 861 4618; x_wconf 91' lang='lat' dir='ltr'>domosque</span> <span class='ocrx_word' id='word_1_302' title='bbox 885 4561 993 4602; x_wconf 89' lang='lat' dir='ltr'>eorum</span> <span class='ocrx_word' id='word_1_303' title='bbox 1018 4551 1047 4603; x_wconf 90' lang='lat' dir='ltr'>et</span> <span class='ocrx_word' id='word_1_304' title='bbox 1069 4545 1209 4619; x_wconf 90' lang='lat' dir='ltr'>hospicia</span> <span class='ocrx_word' id='word_1_305' title='bbox 1231 4547 1322 4604; x_wconf 91' lang='lat' dir='ltr'>nobis</span> <span class='ocrx_word' id='word_1_306' title='bbox 1345 4552 1376 4606; x_wconf 91' lang='lat' dir='ltr'>et</span> <span class='ocrx_word' id='word_1_307' title='bbox 1398 4551 1513 4608; x_wconf 89' lang='lat' dir='ltr'>nostris</span> <span class='ocrx_word' id='word_1_308' title='bbox 1536 4552 1613 4610; x_wconf 91' lang='lat' dir='ltr'>hila·</span> 
     </span>
     <span class='ocr_line' id='line_1_39' title="bbox 351 4651 1614 4727; baseline 0.003 -15"><span class='ocrx_word' id='word_1_309' title='bbox 351 4656 427 4712; x_wconf 91' lang='lat' dir='ltr'>riter</span> <span class='ocrx_word' id='word_1_310' title='bbox 449 4654 634 4712; x_wconf 88' lang='lat' dir='ltr'>tribuerunt.</span> <span class='ocrx_word' id='word_1_311' title='bbox 658 4651 762 4726; x_wconf 87' lang='lat' dir='ltr'>anue</span> <span class='ocrx_word' id='word_1_312' title='bbox 785 4658 937 4710; x_wconf 89' lang='lat' dir='ltr'>transacta</span> <span class='ocrx_word' id='word_1_313' title='bbox 959 4658 1056 4722; x_wconf 89' lang='lat' dir='ltr'>nocte,</span> <span class='ocrx_word' id='word_1_314' title='bbox 1080 4659 1110 4709; x_wconf 88' lang='lat' dir='ltr'>et</span> <span class='ocrx_word' id='word_1_315' title='bbox 1132 4652 1182 4710; x_wconf 92' lang='lat' dir='ltr'>die</span> <span class='ocrx_word' id='word_1_316' title='bbox 1204 4653 1345 4727; x_wconf 87' lang='lat' dir='ltr'>sequenti</span> <span class='ocrx_word' id='word_1_317' title='bbox 1368 4653 1522 4714; x_wconf 89' lang='lat' dir='ltr'>dominica</span> <span class='ocrx_word' id='word_1_318' title='bbox 1542 4658 1614 4716; x_wconf 90' lang='lat' dir='ltr'>illu·</span> 
     </span>
     <span class='ocr_line' id='line_1_40' title="bbox 352 4759 1614 4835; baseline 0.006 -18"><span class='ocrx_word' id='word_1_319' title='bbox 352 4765 520 4830; x_wconf 89' lang='lat' dir='ltr'>scencente,</span> <span class='ocrx_word' id='word_1_320' title='bbox 544 4773 606 4817; x_wconf 93' lang='lat' dir='ltr'>non</span> <span class='ocrx_word' id='word_1_321' title='bbox 629 4759 759 4817; x_wconf 89' lang='lat' dir='ltr'>minoris</span> <span class='ocrx_word' id='word_1_322' title='bbox 782 4759 908 4833; x_wconf 90' lang='lat' dir='ltr'>pavoris</span> <span class='ocrx_word' id='word_1_323' title='bbox 932 4765 961 4816; x_wconf 93' lang='lat' dir='ltr'>et</span> <span class='ocrx_word' id='word_1_324' title='bbox 992 4759 1127 4830; x_wconf 90' lang='lat' dir='ltr'>terroris,</span> <span class='ocrx_word' id='word_1_325' title='bbox 1150 4760 1248 4817; x_wconf 91' lang='lat' dir='ltr'>immo</span> <span class='ocrx_word' id='word_1_326' title='bbox 1278 4761 1379 4818; x_wconf 90' lang='lat' dir='ltr'>multo</span> <span class='ocrx_word' id='word_1_327' title='bbox 1401 4762 1536 4835; x_wconf 88' lang='lat' dir='ltr'>maioris,</span> <span class='ocrx_word' id='word_1_328' title='bbox 1558 4765 1614 4824; x_wconf 91' lang='lat' dir='ltr'>ho·</span> 
     </span>
     <span class='ocr_line' id='line_1_41' title="bbox 350 4864 1613 4942; baseline 0.004 -19"><span class='ocrx_word' id='word_1_329' title='bbox 350 4865 450 4924; x_wconf 90' lang='lat' dir='ltr'>mines</span> <span class='ocrx_word' id='word_1_330' title='bbox 473 4864 639 4924; x_wconf 86' lang='lat' dir='ltr'>formidine</span> <span class='ocrx_word' id='word_1_331' title='bbox 662 4865 805 4939; x_wconf 90' lang='lat' dir='ltr'>perculsi,</span> <span class='ocrx_word' id='word_1_332' title='bbox 821 4866 941 4923; x_wconf 88' lang='lat' dir='ltr'>Turcos</span> <span class='ocrx_word' id='word_1_333' title='bbox 964 4865 1233 4924; x_wconf 88' lang='lat' dir='ltr'>vehementissime</span> <span class='ocrx_word' id='word_1_334' title='bbox 1254 4866 1345 4924; x_wconf 91' lang='lat' dir='ltr'>nobis</span> <span class='ocrx_word' id='word_1_335' title='bbox 1368 4869 1613 4942; x_wconf 88' lang='lat' dir='ltr'>apropinquasse</span> 
     </span>
     <span class='ocr_line' id='line_1_42' title="bbox 351 4971 1612 5045; baseline 0.006 -17"><span class='ocrx_word' id='word_1_336' title='bbox 351 4971 559 5029; x_wconf 81' lang='lat' dir='ltr'>affirmabant.</span> <span class='ocrx_word' id='word_1_337' title='bbox 583 4971 632 5029; x_wconf 89' lang='lat' dir='ltr'>Ad</span> <span class='ocrx_word' id='word_1_338' title='bbox 663 4985 796 5044; x_wconf 90' lang='lat' dir='ltr'>quorum</span> <span class='ocrx_word' id='word_1_339' title='bbox 821 4972 1003 5030; x_wconf 90' lang='lat' dir='ltr'>timorosam</span> <span class='ocrx_word' id='word_1_340' title='bbox 1027 4971 1282 5029; x_wconf 89' lang='lat' dir='ltr'>tumuitacionem</span> <span class='ocrx_word' id='word_1_341' title='bbox 1312 4973 1417 5045; x_wconf 83' lang='lat' dir='ltr'>nimiu,</span> <span class='ocrx_word' id='word_1_342' title='bbox 1449 4975 1612 5034; x_wconf 86' lang='lat' dir='ltr'>vehemen-</span> 
     </span>
    </p>
   </div>
   <div class='ocr_carea' id='block_1_7' title="bbox 0 0 1918 5822">
    <p class='ocr_par' dir='ltr' id='par_1_7' title="bbox 0 0 1918 5822">
     <span class='ocr_line' id='line_1_43' title="bbox 0 0 1918 5822; baseline 0 5"><span class='ocrx_word' id='word_1_343' title='bbox 0 0 1918 5822; x_wconf 95' lang='lat' dir='ltr'> </span> 
     </span>
    </p>
   </div>
  </div>
 </body>
</html>
