3948 5804
734 521 806 579 Doc-
829 519 891 598 73·Ι
905 551 943 562 -
969 520 1024 579 Ae
1049 533 1144 600 1434·
1533 538 1571 600 95

305 730 410 794 sancto
432 735 571 810 legitime
593 741 778 810 congregata
799 737 1008 796 universalem
1031 738 1194 796 ecclesiam
1224 742 1445 811 representans.
1477 737 1574 794 Vene-

304 841 400 899 rabili
420 841 654 916 archiepiscopo
675 840 879 914 strigoniensi,
901 841 1035 900 salutem
1064 847 1094 901 et
1117 843 1338 916 omnipotentis
1360 842 1410 900 dei
1433 842 1572 901 benedic·

304 947 428 1005 tionem.
449 947 595 1006 Exhibita
617 948 707 1006 nobis
730 961 789 1021 pro
812 953 900 1022 parte
924 947 1110 1007 dilectorum
1133 947 1259 1006 ecclesie
1282 947 1423 1006 filiorum
1445 949 1574 1024 capituli

304 1052 432 1111 ecclesie
453 1053 660 1126 zagrabiensis
682 1069 738 1110 nec
760 1067 821 1110 non
845 1061 1044 1112 executurum
1068 1055 1243 1112 testamenti
1265 1069 1319 1112 seu
1337 1055 1447 1113 ultime
1461 1054 1575 1113 volun·

304 1159 376 1216 tatis
398 1159 480 1218 bone
503 1159 651 1218 memorie
670 1159 819 1242 Johannis
853 1158 930 1218 olim
954 1161 1092 1234 episcopi
1115 1159 1321 1234 zagrabiensia
1344 1161 1457 1235 peticio
1479 1161 1574 1218 conti·

304 1263 407 1338 nebat,
429 1264 514 1339 quod
537 1264 668 1322 dilectus
691 1265 819 1322 ecclesie
842 1263 927 1322 filius
958 1265 1143 1339 Rodolphus
1164 1264 1203 1323 de
1234 1265 1346 1338 Alben,
1377 1267 1514 1339 armiger
1542 1267 1574 1324 in

304 1368 420 1429 diocesi
441 1371 633 1444 zagrabiensi
655 1385 778 1429 moram
800 1372 934 1444 trahens,
965 1371 1092 1430 eosdem
1121 1371 1295 1446 capitulum
1330 1379 1360 1430 et
1393 1377 1574 1430 executores

303 1477 336 1534 in
357 1477 516 1536 nonnullis
539 1478 628 1536 bonis
651 1477 823 1535 mobilibus
846 1483 876 1536 et
900 1477 1119 1536 immobilibus
1142 1494 1180 1536 ex
1203 1478 1290 1536 obilu
1314 1479 1411 1553 ipsius
1434 1478 1574 1554 episcopi

303 1599 359 1642 seu
390 1584 559 1643 voluntatis
590 1583 728 1659 predicte
751 1589 808 1643 etc.
839 1589 869 1642 et
899 1585 942 1642 sic
972 1583 1057 1643 finit:
1089 1584 1205 1642 Datum
1236 1583 1385 1658 Strigonii
1413 1585 1446 1642 in
1473 1591 1573 1642 castro

303 1696 417 1764 nostro,
441 1690 491 1750 die
520 1691 645 1750 sabbati
675 1691 827 1764 vigesima
856 1695 943 1748 sexta
975 1689 1024 1748 die
1058 1690 1174 1748 mensis
1203 1689 1295 1774 Juni'n
1326 1692 1417 1748 Anno
1455 1690 1574 1749 domini

304 1797 475 1858 millesimo
492 1796 795 1872 quadringentesimo
807 1797 963 1855 tricesimo
975 1801 1095 1869 octavo,
1111 1795 1271 1855 indicione
1288 1796 1480 1870 duodecima,
1496 1797 1574 1856 hora

306 1920 508 1980 vesperarum
531 1902 584 1961 vel
619 1904 709 1976 quasi
743 1903 829 1962 illius
865 1903 934 1961 diei.
969 1901 1170 1961 pontificatus
1199 1907 1304 1962 autern
1334 1903 1520 1962 sanctissimi
1542 1903 1574 1962 in

306 2011 431 2070 Christo
454 2011 552 2086 patris
576 2015 606 2067 et
628 2009 747 2068 domini
778 2011 884 2074 nostri.
914 2007 1033 2069 domini
1069 2009 1208 2082 Ewgenii
1240 2025 1321 2084 pape
1352 2009 1463 2083 quarti,
1493 2023 1573 2068 anno

309 2124 428 2192 quarto.
452 2147 492 2158 -
517 2117 591 2175 Post
614 2116 876 2190 quarumquidem
891 2117 989 2190 ipsius
1012 2121 1115 2174 vestre
1130 2115 1165 2173 R.
1181 2115 1211 2174 P.
1229 2115 1404 2173 litterarum
1425 2115 1574 2173 exhibici-

304 2239 396 2284 onem
419 2229 449 2283 et
471 2224 735 2298 presentacionem
768 2239 824 2296 per
855 2221 988 2280 eundem
1018 2221 1180 2280 dominum
1210 2223 1383 2305 Johannem
1414 2220 1574 2280 doctorem

302 2330 349 2390 fui
381 2330 547 2405 requisitus
581 2328 685 2387 debita
720 2344 791 2387 cum
819 2330 977 2401 instancia,
1002 2333 1036 2386 ul
1060 2327 1100 2385 ad
1124 2329 1343 2386 execucionem
1366 2326 1441 2384 dicti
1469 2328 1572 2398 vestri,

303 2438 401 2497 immo
428 2437 532 2496 verius
554 2435 668 2511 prefati
695 2437 881 2494 sacrosancti
903 2435 1026 2494 concilii
1042 2435 1224 2506 basiliensis,
1244 2433 1383 2492 mandati
1406 2433 1574 2508 procedere

303 2543 458 2603 deberem.
481 2543 547 2616 Ego
569 2555 646 2600 vero
669 2539 765 2600 frater
787 2542 942 2625 Johanues
958 2542 1064 2611 abbas,
1081 2547 1226 2599 executor
1242 2547 1275 2598 ut
1291 2556 1394 2614 supra,
1411 2549 1573 2615 tamquam

306 2649 484 2710 obediencie
506 2648 593 2708 filius
615 2648 769 2706 mandatis
790 2652 893 2706 vestre
915 2649 953 2707 R.
977 2647 1008 2706 P.
1032 2649 1131 2705 immo
1151 2647 1255 2704 verius
1279 2645 1353 2704 dicti
1387 2647 1574 2704 sacrosancti

304 2755 428 2815 concilii
451 2755 626 2814 basiliensis
650 2755 811 2813 humiliter
833 2769 943 2828 parere
966 2754 1102 2828 cupiens,
1125 2759 1160 2810 ut
1182 2760 1297 2824 teneor,
1320 2751 1371 2810 die
1393 2752 1489 2835 JoviS,
1513 2768 1573 2824 que

303 2867 349 2920 est
371 2865 482 2920 octava
503 2861 618 2919 mensis
641 2861 725 2943 Julii,
749 2861 826 2920 hora
848 2861 1016 2919 terciarum
1038 2860 1090 2917 vel
1113 2860 1210 2932 quasi,
1234 2873 1368 2916 unacum
1392 2858 1513 2916 notario
1543 2866 1573 2916 et

303 2969 434 3027 testibus
457 2966 664 3041 infrascriptis
687 2966 727 3024 ad
751 2965 869 3025 dictum
892 2966 1104 3040 Rodolphum,
1128 2966 1196 3040 ipso
1219 2964 1251 3022 in
1274 2970 1375 3022 castro
1398 2978 1455 3021 suo
1487 2963 1572 3022 Med-

303 3089 419 3132 wewar
441 3078 621 3148 nuncupato
644 3072 850 3148 personaliter
873 3073 1029 3142 existente,
1060 3072 1116 3130 ubi
1146 3072 1244 3129 eciam
1275 3085 1364 3129 suam
1396 3071 1573 3128 continuam

304 3179 378 3239 lacit
411 3178 625 3251 residenciam,
659 3178 864 3252 personaliter
898 3179 1020 3249 accessi,
1055 3177 1169 3250 ibique,
1194 3177 1267 3249 quia
1290 3175 1331 3233 ad
1353 3190 1443 3234 suam
1467 3190 1572 3250 perso-

303 3287 407 3345 nalem
431 3285 624 3360 presenciam
647 3299 697 3342 me
720 3283 883 3342 admittere
905 3284 1015 3355 noluit,
1038 3283 1213 3342 convocatis
1237 3281 1395 3340 nonnullis
1418 3281 1526 3356 probis
1543 3287 1574 3340 et

303 3393 422 3451 idoneis
457 3390 597 3449 eiusdem
626 3389 786 3464 Rodolphi
821 3389 1039 3462 familiaribus,
1062 3390 1167 3463 ipsum
1201 3387 1366 3446 dominum
1399 3385 1571 3446 Rodoltum

305 3499 413 3572 vigore
436 3497 591 3556 dictarum
613 3506 716 3554 vestre
739 3493 766 3553 R
798 3495 829 3554 P.
849 3496 1024 3554 litterarum
1045 3495 1172 3569 publice
1195 3500 1226 3552 et
1241 3493 1403 3552 manifeste
1419 3495 1462 3551 sic
1479 3494 1572 3551 citavi

304 3604 537 3678 perhemptorie
561 3609 663 3661 vestre
686 3602 720 3661 R.
744 3599 775 3660 P.
800 3603 831 3659 in
854 3602 1056 3676 presenciam,
1079 3605 1115 3658 ut
1137 3602 1203 3675 ipse
1230 3601 1386 3659 tricesimo
1409 3599 1459 3657 die
1481 3614 1500 3656 a
1523 3600 1573 3658 die

304 3709 464 3768 citacionis
487 3700 707 3786 (presencium)
730 3707 791 3766 sibi
814 3723 870 3782 per
894 3723 944 3764 me
967 3706 1047 3766 facte
1070 3705 1288 3781 computando,
1304 3707 1331 3764 si
1354 3705 1459 3766 audita
1481 3705 1572 3764 luerit

300 3821 330 3874 et
364 3822 466 3874 vestre
497 3815 531 3873 R.
563 3814 593 3874 P.
624 3814 677 3871 vel
700 3819 840 3872 vestrum
863 3815 894 3871 in
917 3815 975 3872 hac
997 3827 1089 3871 causa
1113 3811 1361 3885 subdelegatum,
1384 3827 1477 3885 quem
1500 3827 1572 3870 con·

303 3921 437 3979 stituerit
461 3966 467 3979 .
491 3967 497 3978 .
522 3919 746 3979 ,reddendum
769 3917 845 3994 jure,
869 3935 927 3994 pro
950 3919 1102 3978 tribunali
1124 3917 1230 3975 sedere
1246 3917 1417 3991 contigerit,
1433 3919 1573 3992 alioquin

303 4025 385 4086 dicta
406 4027 457 4085 die
479 4024 609 4102 juridice
631 4068 1435 4084 ...........................
1465 4039 1571 4082 coram

303 4139 407 4191 vestra
440 4133 475 4191 R.
500 4132 531 4191 P.
566 4133 618 4190 vel
649 4131 852 4205 subdelegato
886 4131 1028 4207 predicto
1051 4135 1238 4206 compareat,
1258 4130 1342 4188 dicto
1366 4130 1504 4203 capitulo
1524 4146 1572 4188 za·

303 4239 459 4311 grabiensi
483 4238 535 4296 vel
558 4253 615 4297 suo
639 4238 835 4312 procuratori
858 4237 1021 4311 legittimo,
1050 4238 1215 4295 constituto
1239 4249 1445 4310 responsurus
1468 4251 1504 4293 ac
1525 4235 1572 4311 ju-

302 4344 388 4403 sticie
419 4344 685 4418 complementum
720 4345 753 4402 in
787 4345 946 4419 premissis
969 4349 1157 4418 recepturus,
1183 4341 1371 4417 procedique
1394 4343 1518 4399 visurus
1541 4343 1572 4400 in

302 4452 462 4525 premissis
497 4467 594 4525 usque
626 4451 666 4509 ad
698 4449 898 4509 diffinitivam
929 4451 1147 4509 sentenciam.
1173 4495 1178 4507 .
1202 4448 1405 4507 certificantes
1429 4447 1570 4519 eundem,

303 4555 387 4630 quod
411 4557 437 4614 si
460 4571 565 4615 coram
588 4564 692 4615 vestra
714 4557 749 4616 R.
773 4557 804 4615 P.
827 4557 880 4614 vel
903 4556 987 4614 dicto
1010 4555 1214 4628 subdelegato
1248 4555 1465 4629 comparuerit,
1494 4555 1572 4612 bene

303 4663 439 4736 quidem,
474 4663 614 4736 alioquin
645 4677 720 4722 vero
755 4662 885 4722 ulterius
919 4678 981 4722 non
1014 4663 1066 4720 hic
1100 4661 1296 4736 inpartibus
1320 4659 1571 4718 sedinioribus

303 4768 431 4826 ecclesie
453 4774 556 4827 vestre
578 4769 612 4827 R.
636 4767 670 4828 P.
695 4769 906 4841 strigoniensis
929 4767 1022 4828 citato
1045 4768 1084 4826 ad
1108 4769 1206 4842 partis
1227 4781 1332 4826 coram
1354 4773 1457 4824 vestra
1479 4766 1514 4824 R.
1539 4766 1569 4824 P.

302 4874 354 4932 vel
376 4873 460 4932 dicto
482 4874 686 4947 subdelegato
708 4871 922 4949 comparentis
938 4876 1128 4945 instanciam,
1153 4875 1246 4948 prout
1277 4871 1397 4948 justicia
1419 4872 1569 4943 madebit,

298 4977 389 5054 juxta
423 4985 609 5056 preceptum
643 4982 843 5039 sacratissimi
873 4981 996 5038 concilii
1025 4981 1057 5038 in
1079 4981 1155 5055 ipsis
1178 4980 1278 5038 causis
1301 4987 1331 5037 et
1354 4993 1446 5036 causa
1468 4993 1568 5052 usque
