<?xml version="1.0" encoding="UTF-8"?>
<!DOCTYPE html PUBLIC "-//W3C//DTD XHTML 1.0 Transitional//EN"
    "http://www.w3.org/TR/xhtml1/DTD/xhtml1-transitional.dtd">
<html xmlns="http://www.w3.org/1999/xhtml" xml:lang="en" lang="en">
 <head>
  <title>
</title>
<meta http-equiv="Content-Type" content="text/html;charset=utf-8" />
  <meta name='ocr-system' content='tesseract 3.04.00' />
  <meta name='ocr-capabilities' content='ocr_page ocr_carea ocr_par ocr_line ocrx_word'/>
</head>
<body>
  <div class='ocr_page' id='page_1' title='image "./monumentahistor20laszgoog_0757.png"; bbox 0 0 3804 5858; ppageno 0'>
   <div class='ocr_carea' id='block_1_1' title="bbox 478 569 1822 3300">
    <p class='ocr_par' dir='ltr' id='par_1_1' title="bbox 492 569 1328 645">
     <span class='ocr_line' id='line_1_1' title="bbox 492 569 1328 645; baseline -0.002 -19"><span class='ocrx_word' id='word_1_1' title='bbox 492 581 555 636; x_wconf 80' lang='lat'>500</span> <span class='ocrx_word' id='word_1_2' title='bbox 904 569 976 626; x_wconf 88' lang='lat' dir='ltr'>Doc.</span> <span class='ocrx_word' id='word_1_3' title='bbox 993 577 1064 645; x_wconf 76' lang='lat'><em>377.</em></span> <span class='ocrx_word' id='word_1_4' title='bbox 1093 601 1131 610; x_wconf 96' lang='lat'>-</span> <span class='ocrx_word' id='word_1_5' title='bbox 1156 569 1212 625; x_wconf 80' lang='lat' dir='ltr'>An.</span> <span class='ocrx_word' id='word_1_6' title='bbox 1239 579 1328 645; x_wconf 75' lang='lat'><em>1495.</em></span> 
     </span>
    </p>

    <p class='ocr_par' dir='ltr' id='par_1_2' title="bbox 478 783 1822 3300">
     <span class='ocr_line' id='line_1_2' title="bbox 489 783 1733 860; baseline -0.001 -20"><span class='ocrx_word' id='word_1_7' title='bbox 489 790 625 842; x_wconf 90' lang='lat' dir='ltr'>terarum</span> <span class='ocrx_word' id='word_1_8' title='bbox 638 787 787 843; x_wconf 89' lang='lat' dir='ltr'>contentis</span> <span class='ocrx_word' id='word_1_9' title='bbox 802 792 944 843; x_wconf 89' lang='lat' dir='ltr'>nostrum</span> <span class='ocrx_word' id='word_1_10' title='bbox 953 785 1073 857; x_wconf 89' lang='lat' dir='ltr'>regium</span> <span class='ocrx_word' id='word_1_11' title='bbox 1085 798 1268 841; x_wconf 83' lang='lat' dir='ltr'>eonsensum</span> <span class='ocrx_word' id='word_1_12' title='bbox 1283 828 1291 842; x_wconf 92' lang='lat'>.</span> <span class='ocrx_word' id='word_1_13' title='bbox 1306 785 1558 860; x_wconf 88' lang='lat' dir='ltr'>.prebemusque</span> <span class='ocrx_word' id='word_1_14' title='bbox 1569 783 1733 842; x_wconf 90' lang='lat' dir='ltr'>benivolum</span> 
     </span>
     <span class='ocr_line' id='line_1_3' title="bbox 489 887 1735 962; baseline -0.001 -15"><span class='ocrx_word' id='word_1_15' title='bbox 489 890 605 962; x_wconf 88' lang='lat' dir='ltr'>pariter</span> <span class='ocrx_word' id='word_1_16' title='bbox 616 895 647 946; x_wconf 90' lang='lat' dir='ltr'>et</span> <span class='ocrx_word' id='word_1_17' title='bbox 658 906 816 949; x_wconf 83' lang='lat' dir='ltr'>assensum</span> <span class='ocrx_word' id='word_1_18' title='bbox 828 909 835 960; x_wconf 94' lang='lat'>;</span> <span class='ocrx_word' id='word_1_19' title='bbox 846 895 876 948; x_wconf 91' lang='lat' dir='ltr'>et</span> <span class='ocrx_word' id='word_1_20' title='bbox 887 891 1107 948; x_wconf 82' lang='lat' dir='ltr'>nichilominus</span> <span class='ocrx_word' id='word_1_21' title='bbox 1119 891 1160 947; x_wconf 94' lang='lat' dir='ltr'>ob</span> <span class='ocrx_word' id='word_1_22' title='bbox 1173 891 1383 948; x_wconf 85' lang='lat' dir='ltr'>reverenciam</span> <span class='ocrx_word' id='word_1_23' title='bbox 1399 888 1540 947; x_wconf 90' lang='lat' dir='ltr'>eiusdem</span> <span class='ocrx_word' id='word_1_24' title='bbox 1552 889 1647 947; x_wconf 89' lang='lat' dir='ltr'>sancti</span> <span class='ocrx_word' id='word_1_25' title='bbox 1657 887 1735 961; x_wconf 86' lang='lat' dir='ltr'>spiri·</span> 
     </span>
     <span class='ocr_line' id='line_1_4' title="bbox 488 995 1737 1072; baseline -0.001 -21"><span class='ocrx_word' id='word_1_26' title='bbox 488 1001 538 1052; x_wconf 89' lang='lat' dir='ltr'>tus</span> <span class='ocrx_word' id='word_1_27' title='bbox 549 1001 650 1053; x_wconf 89' lang='lat' dir='ltr'>totum</span> <span class='ocrx_word' id='word_1_28' title='bbox 661 1003 692 1054; x_wconf 89' lang='lat' dir='ltr'>et</span> <span class='ocrx_word' id='word_1_29' title='bbox 714 1011 806 1054; x_wconf 91' lang='lat' dir='ltr'>omne</span> <span class='ocrx_word' id='word_1_30' title='bbox 828 995 877 1072; x_wconf 87' lang='lat' dir='ltr'>jus</span> <span class='ocrx_word' id='word_1_31' title='bbox 899 1002 1040 1054; x_wconf 88' lang='lat' dir='ltr'>nostrum</span> <span class='ocrx_word' id='word_1_32' title='bbox 1063 997 1194 1069; x_wconf 89' lang='lat' dir='ltr'>regium,</span> <span class='ocrx_word' id='word_1_33' title='bbox 1216 997 1243 1054; x_wconf 91' lang='lat' dir='ltr'>si</span> <span class='ocrx_word' id='word_1_34' title='bbox 1265 996 1349 1070; x_wconf 92' lang='lat' dir='ltr'>quod</span> <span class='ocrx_word' id='word_1_35' title='bbox 1373 997 1406 1054; x_wconf 91' lang='lat' dir='ltr'>in</span> <span class='ocrx_word' id='word_1_36' title='bbox 1423 995 1605 1070; x_wconf 83' lang='lat' dir='ltr'>prescriptis</span> <span class='ocrx_word' id='word_1_37' title='bbox 1618 999 1737 1068; x_wconf 91' lang='lat' dir='ltr'>quatuor</span> 
     </span>
     <span class='ocr_line' id='line_1_5' title="bbox 488 1099 1738 1179; baseline -0.001 -21"><span class='ocrx_word' id='word_1_38' title='bbox 488 1103 675 1160; x_wconf 87' lang='lat' dir='ltr'>sessionibus</span> <span class='ocrx_word' id='word_1_39' title='bbox 686 1101 936 1179; x_wconf 89' lang='lat' dir='ltr'>jobagionalibus</span> <span class='ocrx_word' id='word_1_40' title='bbox 945 1103 1214 1176; x_wconf 84' lang='lat' dir='ltr'>qualitercumque</span> <span class='ocrx_word' id='word_1_41' title='bbox 1226 1103 1422 1175; x_wconf 86' lang='lat' dir='ltr'>haberemus,</span> <span class='ocrx_word' id='word_1_42' title='bbox 1434 1107 1489 1160; x_wconf 91' lang='lat' dir='ltr'>aut</span> <span class='ocrx_word' id='word_1_43' title='bbox 1499 1099 1607 1160; x_wconf 89' lang='lat' dir='ltr'>eedem</span> <span class='ocrx_word' id='word_1_44' title='bbox 1616 1109 1738 1158; x_wconf 90' lang='lat' dir='ltr'>nostram</span> 
     </span>
     <span class='ocr_line' id='line_1_6' title="bbox 489 1207 1772 1282; baseline -0.002 -19"><span class='ocrx_word' id='word_1_45' title='bbox 489 1223 527 1264; x_wconf 85' lang='lat' dir='ltr'>ex</span> <span class='ocrx_word' id='word_1_46' title='bbox 558 1208 806 1282; x_wconf 91' lang='lat' dir='ltr'>quibuscumque</span> <span class='ocrx_word' id='word_1_47' title='bbox 835 1209 943 1279; x_wconf 90' lang='lat' dir='ltr'>causis,</span> <span class='ocrx_word' id='word_1_48' title='bbox 968 1209 1037 1275; x_wconf 87' lang='lat' dir='ltr'>viis,</span> <span class='ocrx_word' id='word_1_49' title='bbox 1068 1209 1169 1266; x_wconf 90' lang='lat' dir='ltr'>modis</span> <span class='ocrx_word' id='word_1_50' title='bbox 1200 1215 1231 1266; x_wconf 90' lang='lat' dir='ltr'>et</span> <span class='ocrx_word' id='word_1_51' title='bbox 1262 1207 1438 1267; x_wconf 89' lang='lat' dir='ltr'>racionibus</span> <span class='ocrx_word' id='word_1_52' title='bbox 1461 1211 1676 1266; x_wconf 82' lang='lat' dir='ltr'>concernerent</span> <span class='ocrx_word' id='word_1_53' title='bbox 1694 1207 1772 1262; x_wconf 86' lang='lat' dir='ltr'>aut·</span> 
     </span>
     <span class='ocr_line' id='line_1_7' title="bbox 489 1312 1739 1389; baseline -0.002 -20"><span class='ocrx_word' id='word_1_54' title='bbox 489 1328 672 1372; x_wconf 90' lang='lat' dir='ltr'>concemere</span> <span class='ocrx_word' id='word_1_55' title='bbox 702 1323 827 1389; x_wconf 88' lang='lat' dir='ltr'>possent</span> <span class='ocrx_word' id='word_1_56' title='bbox 850 1315 1052 1386; x_wconf 90' lang='lat' dir='ltr'>maiestatem,</span> <span class='ocrx_word' id='word_1_57' title='bbox 1083 1315 1178 1372; x_wconf 91' lang='lat' dir='ltr'>simul</span> <span class='ocrx_word' id='word_1_58' title='bbox 1208 1331 1282 1373; x_wconf 92' lang='lat' dir='ltr'>cum</span> <span class='ocrx_word' id='word_1_59' title='bbox 1304 1315 1450 1373; x_wconf 93' lang='lat' dir='ltr'>omnibus</span> <span class='ocrx_word' id='word_1_60' title='bbox 1480 1315 1546 1372; x_wconf 91' lang='lat' dir='ltr'>suis</span> <span class='ocrx_word' id='word_1_61' title='bbox 1568 1312 1739 1372; x_wconf 77' lang='lat' dir='ltr'>utilitatibus</span> 
     </span>
     <span class='ocr_line' id='line_1_8' title="bbox 488 1417 1739 1496; baseline -0.002 -19"><span class='ocrx_word' id='word_1_62' title='bbox 488 1424 519 1477; x_wconf 93' lang='lat' dir='ltr'>et</span> <span class='ocrx_word' id='word_1_63' title='bbox 542 1421 738 1493; x_wconf 81' lang='lat' dir='ltr'>pertinenciis</span> <span class='ocrx_word' id='word_1_64' title='bbox 772 1421 972 1495; x_wconf 90' lang='lat' dir='ltr'>quibuslibet,</span> <span class='ocrx_word' id='word_1_65' title='bbox 1003 1427 1088 1496; x_wconf 90' lang='lat' dir='ltr'>puta,</span> <span class='ocrx_word' id='word_1_66' title='bbox 1119 1421 1210 1479; x_wconf 91' lang='lat' dir='ltr'>terris</span> <span class='ocrx_word' id='word_1_67' title='bbox 1244 1422 1417 1479; x_wconf 85' lang='lat' dir='ltr'>arabilibus</span> <span class='ocrx_word' id='word_1_68' title='bbox 1448 1421 1541 1478; x_wconf 88' lang='lat' dir='ltr'>cultis</span> <span class='ocrx_word' id='word_1_69' title='bbox 1565 1426 1595 1478; x_wconf 91' lang='lat' dir='ltr'>et</span> <span class='ocrx_word' id='word_1_70' title='bbox 1617 1417 1739 1486; x_wconf 89' lang='lat' dir='ltr'>incultis,</span> 
     </span>
     <span class='ocr_line' id='line_1_9' title="bbox 485 1522 1742 1601; baseline 0 -20"><span class='ocrx_word' id='word_1_71' title='bbox 485 1527 576 1597; x_wconf 88' lang='lat' dir='ltr'>agris,</span> <span class='ocrx_word' id='word_1_72' title='bbox 600 1529 706 1599; x_wconf 89' lang='lat' dir='ltr'>pratis,</span> <span class='ocrx_word' id='word_1_73' title='bbox 729 1527 860 1600; x_wconf 88' lang='lat' dir='ltr'>pascuis,</span> <span class='ocrx_word' id='word_1_74' title='bbox 876 1528 1004 1601; x_wconf 91' lang='lat' dir='ltr'>campis,</span> <span class='ocrx_word' id='word_1_75' title='bbox 1028 1527 1145 1598; x_wconf 80' lang='lat' dir='ltr'>tenetis,</span> <span class='ocrx_word' id='word_1_76' title='bbox 1161 1528 1258 1598; x_wconf 89' lang='lat' dir='ltr'>silvis,</span> <span class='ocrx_word' id='word_1_77' title='bbox 1281 1527 1471 1598; x_wconf 90' lang='lat' dir='ltr'>nemoribus,</span> <span class='ocrx_word' id='word_1_78' title='bbox 1496 1527 1663 1597; x_wconf 87' lang='lat' dir='ltr'>montibus,</span> <span class='ocrx_word' id='word_1_79' title='bbox 1685 1522 1742 1582; x_wconf 91' lang='lat' dir='ltr'>val·</span> 
     </span>
     <span class='ocr_line' id='line_1_10' title="bbox 485 1631 1741 1707; baseline 0 -19"><span class='ocrx_word' id='word_1_80' title='bbox 485 1631 577 1701; x_wconf 92' lang='lat' dir='ltr'>libus,</span> <span class='ocrx_word' id='word_1_81' title='bbox 601 1633 708 1704; x_wconf 87' lang='lat' dir='ltr'>vineis,</span> <span class='ocrx_word' id='word_1_82' title='bbox 731 1633 955 1706; x_wconf 86' lang='lat' dir='ltr'>vinearumque</span> <span class='ocrx_word' id='word_1_83' title='bbox 978 1633 1209 1707; x_wconf 89' lang='lat' dir='ltr'>promontoriis,</span> <span class='ocrx_word' id='word_1_84' title='bbox 1232 1634 1330 1706; x_wconf 88' lang='lat' dir='ltr'>aquis,</span> <span class='ocrx_word' id='word_1_85' title='bbox 1354 1631 1465 1704; x_wconf 86' lang='lat' dir='ltr'>fluviis,</span> <span class='ocrx_word' id='word_1_86' title='bbox 1488 1633 1625 1706; x_wconf 88' lang='lat' dir='ltr'>piscinis,</span> <span class='ocrx_word' id='word_1_87' title='bbox 1656 1631 1741 1705; x_wconf 86' lang='lat' dir='ltr'>pisca·</span> 
     </span>
     <span class='ocr_line' id='line_1_11' title="bbox 485 1737 1742 1814; baseline -0.002 -19"><span class='ocrx_word' id='word_1_88' title='bbox 485 1739 572 1810; x_wconf 90' lang='lat' dir='ltr'>turis,</span> <span class='ocrx_word' id='word_1_89' title='bbox 595 1755 810 1814; x_wconf 80' lang='lat' dir='ltr'>aquarumque</span> <span class='ocrx_word' id='word_1_90' title='bbox 845 1739 1035 1812; x_wconf 88' lang='lat' dir='ltr'>decursibus,</span> <span class='ocrx_word' id='word_1_91' title='bbox 1057 1739 1254 1810; x_wconf 74' lang='lat' dir='ltr'>molendinis</span> <span class='ocrx_word' id='word_1_92' title='bbox 1277 1739 1531 1799; x_wconf 91' lang='lat' dir='ltr'>molendinorum</span> <span class='ocrx_word' id='word_1_93' title='bbox 1555 1737 1640 1808; x_wconf 90' lang='lat' dir='ltr'>locis,</span> <span class='ocrx_word' id='word_1_94' title='bbox 1662 1749 1742 1810; x_wconf 79' lang='lat' dir='ltr'>gene</span> 
     </span>
     <span class='ocr_line' id='line_1_12' title="bbox 486 1841 1741 1924; baseline 0.001 -24"><span class='ocrx_word' id='word_1_95' title='bbox 486 1844 593 1902; x_wconf 89' lang='lat' dir='ltr'>raliter</span> <span class='ocrx_word' id='word_1_96' title='bbox 617 1860 692 1904; x_wconf 91' lang='lat' dir='ltr'>vero</span> <span class='ocrx_word' id='word_1_97' title='bbox 716 1846 928 1920; x_wconf 87' lang='lat' dir='ltr'>quarumlibet</span> <span class='ocrx_word' id='word_1_98' title='bbox 951 1846 1121 1904; x_wconf 86' lang='lat' dir='ltr'>utilitatum</span> <span class='ocrx_word' id='word_1_99' title='bbox 1145 1851 1175 1904; x_wconf 90' lang='lat' dir='ltr'>et</span> <span class='ocrx_word' id='word_1_100' title='bbox 1191 1845 1452 1920; x_wconf 88' lang='lat' dir='ltr'>pertinenciarum</span> <span class='ocrx_word' id='word_1_101' title='bbox 1474 1861 1606 1904; x_wconf 87' lang='lat' dir='ltr'>suarum</span> <span class='ocrx_word' id='word_1_102' title='bbox 1627 1841 1741 1924; x_wconf 72' lang='lat' dir='ltr'>integri·</span> 
     </span>
     <span class='ocr_line' id='line_1_13' title="bbox 485 1950 1735 2024; baseline -0.001 -18"><span class='ocrx_word' id='word_1_103' title='bbox 485 1950 600 2007; x_wconf 91' lang='lat' dir='ltr'>tatibus</span> <span class='ocrx_word' id='word_1_104' title='bbox 623 1951 734 2024; x_wconf 88' lang='lat' dir='ltr'>quovis</span> <span class='ocrx_word' id='word_1_105' title='bbox 756 1951 889 2010; x_wconf 85' lang='lat' dir='ltr'>nominis</span> <span class='ocrx_word' id='word_1_106' title='bbox 910 1952 1066 2010; x_wconf 86' lang='lat' dir='ltr'>vocabulo</span> <span class='ocrx_word' id='word_1_107' title='bbox 1089 1953 1239 2022; x_wconf 90' lang='lat' dir='ltr'>vocitatis,</span> <span class='ocrx_word' id='word_1_108' title='bbox 1262 1953 1322 2010; x_wconf 91' lang='lat' dir='ltr'>sub</span> <span class='ocrx_word' id='word_1_109' title='bbox 1346 1953 1409 2010; x_wconf 90' lang='lat' dir='ltr'>suis</span> <span class='ocrx_word' id='word_1_110' title='bbox 1425 1952 1507 2010; x_wconf 89' lang='lat' dir='ltr'>veris</span> <span class='ocrx_word' id='word_1_111' title='bbox 1524 1952 1618 2010; x_wconf 85' lang='lat' dir='ltr'>metis</span> <span class='ocrx_word' id='word_1_112' title='bbox 1640 1954 1670 2008; x_wconf 90' lang='lat' dir='ltr'>et</span> <span class='ocrx_word' id='word_1_113' title='bbox 1690 1963 1735 2005; x_wconf 92' lang='lat' dir='ltr'>au·</span> 
     </span>
     <span class='ocr_line' id='line_1_14' title="bbox 485 2056 1739 2132; baseline -0.002 -20"><span class='ocrx_word' id='word_1_114' title='bbox 485 2056 580 2128; x_wconf 87' lang='lat' dir='ltr'>liquis</span> <span class='ocrx_word' id='word_1_115' title='bbox 604 2057 816 2129; x_wconf 85' lang='lat' dir='ltr'>existentibus,</span> <span class='ocrx_word' id='word_1_116' title='bbox 862 2064 1033 2116; x_wconf 89' lang='lat' dir='ltr'>memorate</span> <span class='ocrx_word' id='word_1_117' title='bbox 1067 2058 1188 2132; x_wconf 87' lang='lat' dir='ltr'>capelle</span> <span class='ocrx_word' id='word_1_118' title='bbox 1229 2059 1327 2116; x_wconf 88' lang='lat' dir='ltr'>sancti</span> <span class='ocrx_word' id='word_1_119' title='bbox 1361 2058 1489 2132; x_wconf 82' lang='lat' dir='ltr'>spiritus</span> <span class='ocrx_word' id='word_1_120' title='bbox 1523 2059 1739 2130; x_wconf 86' lang='lat' dir='ltr'>consequenter</span> 
     </span>
     <span class='ocr_line' id='line_1_15' title="bbox 485 2161 1741 2236; baseline -0.002 -18"><span class='ocrx_word' id='word_1_121' title='bbox 485 2161 657 2220; x_wconf 89' lang='lat' dir='ltr'>rectoribus</span> <span class='ocrx_word' id='word_1_122' title='bbox 688 2161 827 2221; x_wconf 89' lang='lat' dir='ltr'>eiusdem</span> <span class='ocrx_word' id='word_1_123' title='bbox 859 2177 917 2236; x_wconf 89' lang='lat' dir='ltr'>pro</span> <span class='ocrx_word' id='word_1_124' title='bbox 949 2169 1090 2236; x_wconf 91' lang='lat' dir='ltr'>tempore</span> <span class='ocrx_word' id='word_1_125' title='bbox 1124 2165 1297 2222; x_wconf 90' lang='lat' dir='ltr'>constitutis</span> <span class='ocrx_word' id='word_1_126' title='bbox 1328 2163 1480 2235; x_wconf 87' lang='lat' dir='ltr'>dedimus,</span> <span class='ocrx_word' id='word_1_127' title='bbox 1504 2163 1691 2222; x_wconf 88' lang='lat' dir='ltr'>donavimus</span> <span class='ocrx_word' id='word_1_128' title='bbox 1713 2163 1741 2216; x_wconf 87' lang='lat' dir='ltr'>et</span> 
     </span>
     <span class='ocr_line' id='line_1_16' title="bbox 483 2269 1741 2346; baseline -0.002 -21"><span class='ocrx_word' id='word_1_129' title='bbox 483 2269 680 2342; x_wconf 88' lang='lat' dir='ltr'>contulimus,</span> <span class='ocrx_word' id='word_1_130' title='bbox 707 2271 805 2328; x_wconf 89' lang='lat' dir='ltr'>immo</span> <span class='ocrx_word' id='word_1_131' title='bbox 840 2269 958 2340; x_wconf 88' lang='lat' dir='ltr'>damus,</span> <span class='ocrx_word' id='word_1_132' title='bbox 983 2269 1134 2329; x_wconf 91' lang='lat' dir='ltr'>donamus</span> <span class='ocrx_word' id='word_1_133' title='bbox 1164 2277 1195 2328; x_wconf 94' lang='lat' dir='ltr'>et</span> <span class='ocrx_word' id='word_1_134' title='bbox 1228 2269 1417 2330; x_wconf 80' lang='lat' dir='ltr'>conterimus</span> <span class='ocrx_word' id='word_1_135' title='bbox 1446 2269 1514 2346; x_wconf 88' lang='lat' dir='ltr'>jure</span> <span class='ocrx_word' id='word_1_136' title='bbox 1545 2273 1696 2346; x_wconf 87' lang='lat' dir='ltr'>perpetuo</span> <span class='ocrx_word' id='word_1_137' title='bbox 1715 2269 1741 2324; x_wconf 91' lang='lat' dir='ltr'>et</span> 
     </span>
     <span class='ocr_line' id='line_1_17' title="bbox 483 2375 1741 2453; baseline -0.002 -21"><span class='ocrx_word' id='word_1_138' title='bbox 483 2375 733 2434; x_wconf 84' lang='lat' dir='ltr'>irrevocabiliter</span> <span class='ocrx_word' id='word_1_139' title='bbox 758 2375 958 2449; x_wconf 88' lang='lat' dir='ltr'>possidendas</span> <span class='ocrx_word' id='word_1_140' title='bbox 983 2383 1013 2435; x_wconf 92' lang='lat' dir='ltr'>et</span> <span class='ocrx_word' id='word_1_141' title='bbox 1036 2377 1204 2448; x_wconf 86' lang='lat' dir='ltr'>habendas,</span> <span class='ocrx_word' id='word_1_142' title='bbox 1224 2378 1314 2435; x_wconf 89' lang='lat' dir='ltr'>salvo</span> <span class='ocrx_word' id='word_1_143' title='bbox 1335 2375 1404 2453; x_wconf 91' lang='lat' dir='ltr'>jure</span> <span class='ocrx_word' id='word_1_144' title='bbox 1427 2377 1540 2449; x_wconf 88' lang='lat' dir='ltr'>alieno,</span> <span class='ocrx_word' id='word_1_145' title='bbox 1557 2377 1671 2436; x_wconf 85' lang='lat' dir='ltr'>harum</span> <span class='ocrx_word' id='word_1_146' title='bbox 1692 2387 1741 2432; x_wconf 90' lang='lat' dir='ltr'>no·</span> 
     </span>
     <span class='ocr_line' id='line_1_18' title="bbox 482 2479 1741 2566; baseline -0.002 -28"><span class='ocrx_word' id='word_1_147' title='bbox 482 2487 626 2552; x_wconf 88' lang='lat' dir='ltr'>strarum,</span> <span class='ocrx_word' id='word_1_148' title='bbox 662 2482 776 2554; x_wconf 90' lang='lat' dir='ltr'>quibus</span> <span class='ocrx_word' id='word_1_149' title='bbox 809 2489 962 2540; x_wconf 88' lang='lat' dir='ltr'>secretum</span> <span class='ocrx_word' id='word_1_150' title='bbox 993 2481 1135 2566; x_wconf 81' lang='lat' dir='ltr'>sigillum</span> <span class='ocrx_word' id='word_1_151' title='bbox 1165 2489 1318 2554; x_wconf 90' lang='lat' dir='ltr'>nostrum,</span> <span class='ocrx_word' id='word_1_152' title='bbox 1353 2497 1416 2556; x_wconf 93' lang='lat' dir='ltr'>quo</span> <span class='ocrx_word' id='word_1_153' title='bbox 1438 2488 1474 2541; x_wconf 91' lang='lat' dir='ltr'>ut</span> <span class='ocrx_word' id='word_1_154' title='bbox 1499 2499 1559 2542; x_wconf 85' lang='lat' dir='ltr'>rex</span> <span class='ocrx_word' id='word_1_155' title='bbox 1589 2479 1741 2553; x_wconf 86' lang='lat' dir='ltr'>Hungarie</span> 
     </span>
     <span class='ocr_line' id='line_1_19' title="bbox 481 2587 1741 2661; baseline -0.002 -17"><span class='ocrx_word' id='word_1_156' title='bbox 481 2588 607 2659; x_wconf 91' lang='lat' dir='ltr'>utimur,</span> <span class='ocrx_word' id='word_1_157' title='bbox 626 2591 672 2645; x_wconf 86' lang='lat' dir='ltr'>est</span> <span class='ocrx_word' id='word_1_158' title='bbox 694 2601 877 2661; x_wconf 90' lang='lat' dir='ltr'>appensum,</span> <span class='ocrx_word' id='word_1_159' title='bbox 893 2587 1002 2661; x_wconf 89' lang='lat' dir='ltr'>vigore</span> <span class='ocrx_word' id='word_1_160' title='bbox 1018 2595 1049 2646; x_wconf 86' lang='lat' dir='ltr'>et</span> <span class='ocrx_word' id='word_1_161' title='bbox 1065 2589 1243 2648; x_wconf 88' lang='lat' dir='ltr'>testimonio</span> <span class='ocrx_word' id='word_1_162' title='bbox 1259 2590 1436 2648; x_wconf 87' lang='lat' dir='ltr'>litterarum</span> <span class='ocrx_word' id='word_1_163' title='bbox 1453 2587 1619 2648; x_wconf 88' lang='lat' dir='ltr'>mediante.</span> <span class='ocrx_word' id='word_1_164' title='bbox 1632 2589 1741 2646; x_wconf 88' lang='lat' dir='ltr'>Datum</span> 
     </span>
     <span class='ocr_line' id='line_1_20' title="bbox 482 2691 1741 2770; baseline -0.002 -19"><span class='ocrx_word' id='word_1_165' title='bbox 482 2693 514 2752; x_wconf 91' lang='lat' dir='ltr'>in</span> <span class='ocrx_word' id='word_1_166' title='bbox 538 2694 656 2768; x_wconf 91' lang='lat' dir='ltr'>oppido</span> <span class='ocrx_word' id='word_1_167' title='bbox 680 2693 845 2752; x_wconf 87' lang='lat' dir='ltr'>Verewcze</span> <span class='ocrx_word' id='word_1_168' title='bbox 874 2709 931 2769; x_wconf 91' lang='lat' dir='ltr'>per</span> <span class='ocrx_word' id='word_1_169' title='bbox 953 2711 1063 2753; x_wconf 90' lang='lat' dir='ltr'>manus</span> <span class='ocrx_word' id='word_1_170' title='bbox 1095 2695 1346 2754; x_wconf 81' lang='lat' dir='ltr'>reverendissimi</span> <span class='ocrx_word' id='word_1_171' title='bbox 1369 2695 1401 2754; x_wconf 94' lang='lat' dir='ltr'>in</span> <span class='ocrx_word' id='word_1_172' title='bbox 1425 2694 1550 2754; x_wconf 89' lang='lat' dir='ltr'>Christo</span> <span class='ocrx_word' id='word_1_173' title='bbox 1574 2695 1671 2770; x_wconf 90' lang='lat' dir='ltr'>patris</span> <span class='ocrx_word' id='word_1_174' title='bbox 1693 2691 1741 2749; x_wconf 84' lang='lat' dir='ltr'>do·</span> 
     </span>
     <span class='ocr_line' id='line_1_21' title="bbox 481 2797 1742 2876; baseline -0.002 -19"><span class='ocrx_word' id='word_1_175' title='bbox 481 2801 558 2858; x_wconf 90' lang='lat' dir='ltr'>mini</span> <span class='ocrx_word' id='word_1_176' title='bbox 582 2799 710 2872; x_wconf 88' lang='lat' dir='ltr'>Th01ne,</span> <span class='ocrx_word' id='word_1_177' title='bbox 745 2801 883 2876; x_wconf 90' lang='lat' dir='ltr'>episcopi</span> <span class='ocrx_word' id='word_1_178' title='bbox 906 2801 1035 2860; x_wconf 86' lang='lat' dir='ltr'>ecclesie</span> <span class='ocrx_word' id='word_1_179' title='bbox 1058 2801 1219 2876; x_wconf 85' lang='lat' dir='ltr'>agriensis,</span> <span class='ocrx_word' id='word_1_180' title='bbox 1244 2802 1360 2860; x_wconf 87' lang='lat' dir='ltr'>summi</span> <span class='ocrx_word' id='word_1_181' title='bbox 1382 2808 1413 2860; x_wconf 90' lang='lat' dir='ltr'>et</span> <span class='ocrx_word' id='word_1_182' title='bbox 1437 2802 1547 2860; x_wconf 83' lang='lat' dir='ltr'>secreti</span> <span class='ocrx_word' id='word_1_183' title='bbox 1571 2797 1742 2860; x_wconf 88' lang='lat' dir='ltr'>cancellarii</span> 
     </span>
     <span class='ocr_line' id='line_1_22' title="bbox 481 2899 1822 2982; baseline -0.003 -18"><span class='ocrx_word' id='word_1_184' title='bbox 481 2921 517 2964; x_wconf 90' lang='lat' dir='ltr'>ac</span> <span class='ocrx_word' id='word_1_185' title='bbox 550 2905 653 2964; x_wconf 90' lang='lat' dir='ltr'>fidelis</span> <span class='ocrx_word' id='word_1_186' title='bbox 688 2905 787 2965; x_wconf 88' lang='lat' dir='ltr'>nostri</span> <span class='ocrx_word' id='word_1_187' title='bbox 817 2905 931 2978; x_wconf 89' lang='lat' dir='ltr'>dilecti,</span> <span class='ocrx_word' id='word_1_188' title='bbox 956 2907 1033 2966; x_wconf 84' lang='lat' dir='ltr'>feria</span> <span class='ocrx_word' id='word_1_189' title='bbox 1056 2913 1167 2982; x_wconf 89' lang='lat' dir='ltr'>quarta</span> <span class='ocrx_word' id='word_1_190' title='bbox 1192 2909 1337 2982; x_wconf 90' lang='lat' dir='ltr'>proxima</span> <span class='ocrx_word' id='word_1_191' title='bbox 1359 2913 1431 2966; x_wconf 83' lang='lat' dir='ltr'>ante</span> <span class='ocrx_word' id='word_1_192' title='bbox 1455 2907 1569 2966; x_wconf 83' lang='lat' dir='ltr'>testum</span> <span class='ocrx_word' id='word_1_193' title='bbox 1596 2899 1741 2966; x_wconf 79' lang='lat' dir='ltr'>kathedre</span> <span class='ocrx_word' id='word_1_194' title='bbox 1820 2905 1822 2912; x_wconf 61' lang='lat'><strong>⁴</strong></span> 
     </span>
     <span class='ocr_line' id='line_1_23' title="bbox 483 3013 1742 3089; baseline -0.002 -19"><span class='ocrx_word' id='word_1_195' title='bbox 483 3014 567 3072; x_wconf 91' lang='lat' dir='ltr'>beati</span> <span class='ocrx_word' id='word_1_196' title='bbox 590 3013 672 3072; x_wconf 88' lang='lat' dir='ltr'>Petri</span> <span class='ocrx_word' id='word_1_197' title='bbox 695 3013 837 3088; x_wconf 88' lang='lat' dir='ltr'>apostoli.</span> <span class='ocrx_word' id='word_1_198' title='bbox 873 3015 963 3071; x_wconf 87' lang='lat' dir='ltr'>Auno</span> <span class='ocrx_word' id='word_1_199' title='bbox 986 3013 1106 3073; x_wconf 91' lang='lat' dir='ltr'>domini</span> <span class='ocrx_word' id='word_1_200' title='bbox 1130 3013 1300 3073; x_wconf 89' lang='lat' dir='ltr'>millesimo</span> <span class='ocrx_word' id='word_1_201' title='bbox 1323 3013 1632 3089; x_wconf 79' lang='lat' dir='ltr'>quadringentesimo</span> <span class='ocrx_word' id='word_1_202' title='bbox 1654 3023 1742 3070; x_wconf 88' lang='lat' dir='ltr'>nona·</span> 
     </span>
     <span class='ocr_line' id='line_1_24' title="bbox 479 3117 1740 3194; baseline -0.002 -16"><span class='ocrx_word' id='word_1_203' title='bbox 479 3119 598 3192; x_wconf 88' lang='lat' dir='ltr'>gesimo</span> <span class='ocrx_word' id='word_1_204' title='bbox 621 3119 736 3194; x_wconf 91' lang='lat' dir='ltr'>quinto.</span> <span class='ocrx_word' id='word_1_205' title='bbox 766 3119 946 3193; x_wconf 86' lang='lat' dir='ltr'>Regnorum</span> <span class='ocrx_word' id='word_1_206' title='bbox 975 3126 1154 3179; x_wconf 90' lang='lat' dir='ltr'>nostrorum</span> <span class='ocrx_word' id='word_1_207' title='bbox 1177 3121 1336 3194; x_wconf 88' lang='lat' dir='ltr'>Hungarie</span> <span class='ocrx_word' id='word_1_208' title='bbox 1358 3127 1417 3179; x_wconf 88' lang='lat' dir='ltr'>etc.</span> <span class='ocrx_word' id='word_1_209' title='bbox 1441 3133 1522 3179; x_wconf 88' lang='lat' dir='ltr'>anno</span> <span class='ocrx_word' id='word_1_210' title='bbox 1545 3121 1665 3194; x_wconf 88' lang='lat' dir='ltr'>quinto,</span> <span class='ocrx_word' id='word_1_211' title='bbox 1689 3117 1740 3175; x_wconf 89' lang='lat' dir='ltr'>Bo·</span> 
     </span>
     <span class='ocr_line' id='line_1_25' title="bbox 478 3226 991 3300; baseline 0.004 -17"><span class='ocrx_word' id='word_1_212' title='bbox 478 3226 580 3284; x_wconf 89' lang='lat' dir='ltr'>hemie</span> <span class='ocrx_word' id='word_1_213' title='bbox 595 3239 670 3284; x_wconf 90' lang='lat' dir='ltr'>vero</span> <span class='ocrx_word' id='word_1_214' title='bbox 694 3227 846 3299; x_wconf 90' lang='lat' dir='ltr'>vigesimo</span> <span class='ocrx_word' id='word_1_215' title='bbox 870 3231 991 3300; x_wconf 90' lang='lat' dir='ltr'>quarto.</span> 
     </span>
    </p>
   </div>
   <div class='ocr_carea' id='block_1_2' title="bbox 477 3359 1742 3518">
    <p class='ocr_par' dir='ltr' id='par_1_3' title="bbox 477 3359 1742 3518">
     <span class='ocr_line' id='line_1_26' title="bbox 585 3359 1742 3428; baseline -0.005 -16"><span class='ocrx_word' id='word_1_216' title='bbox 585 3362 719 3428; x_wconf 77' lang='lat' dir='ltr'>originale</span> <span class='ocrx_word' id='word_1_217' title='bbox 738 3363 765 3412; x_wconf 89' lang='lat' dir='ltr'>in</span> <span class='ocrx_word' id='word_1_218' title='bbox 774 3363 922 3412; x_wconf 84' lang='lat' dir='ltr'>membrana</span> <span class='ocrx_word' id='word_1_219' title='bbox 940 3370 1100 3416; x_wconf 81' lang='lat' dir='ltr'>sateaesum.</span> <span class='ocrx_word' id='word_1_220' title='bbox 1116 3365 1188 3414; x_wconf 78' lang='lat' dir='ltr'>Zona</span> <span class='ocrx_word' id='word_1_221' title='bbox 1207 3365 1303 3413; x_wconf 84' lang='lat' dir='ltr'>sericea</span> <span class='ocrx_word' id='word_1_222' title='bbox 1314 3363 1394 3422; x_wconf 89' lang='lat' dir='ltr'>rubri,</span> <span class='ocrx_word' id='word_1_223' title='bbox 1406 3363 1460 3413; x_wconf 80' lang='lat' dir='ltr'>albi</span> <span class='ocrx_word' id='word_1_224' title='bbox 1478 3371 1504 3412; x_wconf 88' lang='lat' dir='ltr'>et</span> <span class='ocrx_word' id='word_1_225' title='bbox 1523 3363 1635 3414; x_wconf 83' lang='lat' dir='ltr'>violacei</span> <span class='ocrx_word' id='word_1_226' title='bbox 1653 3359 1742 3410; x_wconf 85' lang='lat' dir='ltr'>coloris</span> 
     </span>
     <span class='ocr_line' id='line_1_27' title="bbox 477 3451 1297 3518; baseline 0.006 -18"><span class='ocrx_word' id='word_1_227' title='bbox 477 3451 607 3517; x_wconf 82' lang='lat' dir='ltr'>appendet</span> <span class='ocrx_word' id='word_1_228' title='bbox 624 3452 723 3515; x_wconf 86' lang='lat' dir='ltr'>absque</span> <span class='ocrx_word' id='word_1_229' title='bbox 740 3451 835 3516; x_wconf 81' lang='lat' dir='ltr'>sigillo.</span> <span class='ocrx_word' id='word_1_230' title='bbox 853 3453 886 3500; x_wconf 88' lang='lat' dir='ltr'>In</span> <span class='ocrx_word' id='word_1_231' title='bbox 904 3453 972 3503; x_wconf 83' lang='lat' dir='ltr'>arch.</span> <span class='ocrx_word' id='word_1_232' title='bbox 991 3453 1037 3505; x_wconf 89' lang='lat' dir='ltr'>lib.</span> <span class='ocrx_word' id='word_1_233' title='bbox 1057 3469 1109 3518; x_wconf 82' lang='lat' dir='ltr'>reg.</span> <span class='ocrx_word' id='word_1_234' title='bbox 1129 3455 1177 3506; x_wconf 88' lang='lat' dir='ltr'>civ.</span> <span class='ocrx_word' id='word_1_235' title='bbox 1196 3454 1297 3518; x_wconf 78' lang='lat' dir='ltr'>angrab.</span> 
     </span>
    </p>
   </div>
   <div class='ocr_carea' id='block_1_3' title="bbox 1078 3647 1162 3716">
    <p class='ocr_par' dir='ltr' id='par_1_4' title="bbox 1078 3647 1162 3716">
     <span class='ocr_line' id='line_1_28' title="bbox 1078 3647 1162 3716; baseline -0.012 -2"><span class='ocrx_word' id='word_1_236' title='bbox 1078 3647 1162 3716; x_wconf 77' lang='lat'><strong>37⁷.</strong></span> 
     </span>
    </p>
   </div>
   <div class='ocr_carea' id='block_1_4' title="bbox 585 3769 1147 3834">
    <p class='ocr_par' dir='ltr' id='par_1_5' title="bbox 585 3769 1147 3834">
     <span class='ocr_line' id='line_1_29' title="bbox 585 3769 1147 3834; baseline 0 -16"><span class='ocrx_word' id='word_1_237' title='bbox 585 3769 665 3818; x_wconf 77' lang='lat' dir='ltr'>Anno</span> <span class='ocrx_word' id='word_1_238' title='bbox 686 3781 760 3834; x_wconf 75' lang='lat'>1495,</span> <span class='ocrx_word' id='word_1_239' title='bbox 783 3781 822 3832; x_wconf 89' lang='lat'>19.</span> <span class='ocrx_word' id='word_1_240' title='bbox 832 3770 962 3823; x_wconf 86' lang='lat' dir='ltr'>februarii.</span> <span class='ocrx_word' id='word_1_241' title='bbox 981 3771 1147 3821; x_wconf 77' lang='lat' dir='ltr'>Viroviticae.</span> 
     </span>
    </p>
   </div>
   <div class='ocr_carea' id='block_1_5' title="bbox 488 3904 1740 4092">
    <p class='ocr_par' dir='ltr' id='par_1_6' title="bbox 488 3904 1740 4092">
     <span class='ocr_line' id='line_1_30' title="bbox 488 3904 1740 3985; baseline 0.002 -24"><span class='ocrx_word' id='word_1_242' title='bbox 488 3904 664 3975; x_wconf 82' lang='lat' dir='ltr'>Vladislaus,</span> <span class='ocrx_word' id='word_1_243' title='bbox 687 3905 789 3978; x_wconf 82' lang='lat' dir='ltr'>Hung.</span> <span class='ocrx_word' id='word_1_244' title='bbox 814 3914 860 3966; x_wconf 85' lang='lat' dir='ltr'>etc.</span> <span class='ocrx_word' id='word_1_245' title='bbox 884 3926 946 3977; x_wconf 85' lang='lat' dir='ltr'>rex,</span> <span class='ocrx_word' id='word_1_246' title='bbox 969 3908 1096 3965; x_wconf 78' lang='lat' dir='ltr'>omnibus</span> <span class='ocrx_word' id='word_1_247' title='bbox 1108 3908 1255 3982; x_wconf 79' lang='lat' dir='ltr'>nobilibus,</span> <span class='ocrx_word' id='word_1_248' title='bbox 1268 3909 1485 3985; x_wconf 77' lang='lat' dir='ltr'>civitatibusque</span> <span class='ocrx_word' id='word_1_249' title='bbox 1496 3909 1648 3968; x_wconf 59' lang='lat' dir='ltr'>amem</span> <span class='ocrx_word' id='word_1_250' title='bbox 1655 3917 1740 3984; x_wconf 77' lang='lat' dir='ltr'>proe-</span> 
     </span>
     <span class='ocr_line' id='line_1_31' title="bbox 595 4007 1623 4092; baseline 0.007 -24"><span class='ocrx_word' id='word_1_251' title='bbox 595 4013 663 4085; x_wconf 77' lang='lat' dir='ltr'>cz&#39;pit</span> <span class='ocrx_word' id='word_1_252' title='bbox 687 4030 722 4069; x_wconf 84' lang='lat' dir='ltr'>nc</span> <span class='ocrx_word' id='word_1_253' title='bbox 744 4031 763 4068; x_wconf 88' lang='lat' dir='ltr'>a</span> <span class='ocrx_word' id='word_1_254' title='bbox 786 4013 989 4070; x_wconf 80' lang='lat' dir='ltr'>mercatoribus</span> <span class='ocrx_word' id='word_1_255' title='bbox 1010 4015 1127 4086; x_wconf 80' lang='lat' dir='ltr'>aagrab.</span> <span class='ocrx_word' id='word_1_256' title='bbox 1147 4023 1203 4087; x_wconf 83' lang='lat' dir='ltr'>pro</span> <span class='ocrx_word' id='word_1_257' title='bbox 1226 4033 1315 4073; x_wconf 83' lang='lat' dir='ltr'>merce</span> <span class='ocrx_word' id='word_1_258' title='bbox 1337 4007 1623 4092; x_wconf 56' lang='lat' dir='ltr'>mbummiexegant.</span> 
     </span>
    </p>
   </div>
   <div class='ocr_carea' id='block_1_6' title="bbox 1180 4153 1670 4221">
    <p class='ocr_par' dir='ltr' id='par_1_7' title="bbox 1180 4153 1670 4221">
     <span class='ocr_line' id='line_1_32' title="bbox 1180 4153 1670 4221; baseline 0.004 -18"><span class='ocrx_word' id='word_1_259' title='bbox 1180 4153 1335 4204; x_wconf 79' lang='lat' dir='ltr'>commissio</span> <span class='ocrx_word' id='word_1_260' title='bbox 1353 4155 1458 4221; x_wconf 76' lang='lat' dir='ltr'>propris</span> <span class='ocrx_word' id='word_1_261' title='bbox 1476 4154 1574 4204; x_wconf 85' lang='lat' dir='ltr'>domini</span> <span class='ocrx_word' id='word_1_262' title='bbox 1592 4155 1670 4220; x_wconf 78' lang='lat' dir='ltr'>regis.</span> 
     </span>
    </p>
   </div>
   <div class='ocr_carea' id='block_1_7' title="bbox 475 4277 1739 5102">
    <p class='ocr_par' dir='ltr' id='par_1_8' title="bbox 475 4277 1739 5102">
     <span class='ocr_line' id='line_1_33' title="bbox 583 4277 1739 4363; baseline -0.001 -24"><span class='ocrx_word' id='word_1_263' title='bbox 583 4279 777 4340; x_wconf 83' lang='lat' dir='ltr'>wladislaus</span> <span class='ocrx_word' id='word_1_264' title='bbox 813 4279 863 4339; x_wconf 90' lang='lat' dir='ltr'>dei</span> <span class='ocrx_word' id='word_1_265' title='bbox 885 4283 989 4354; x_wconf 82' lang='lat' dir='ltr'>gracia</span> <span class='ocrx_word' id='word_1_266' title='bbox 1020 4297 1076 4340; x_wconf 85' lang='lat' dir='ltr'>rex</span> <span class='ocrx_word' id='word_1_267' title='bbox 1098 4283 1257 4356; x_wconf 87' lang='lat' dir='ltr'>Hungarie</span> <span class='ocrx_word' id='word_1_268' title='bbox 1278 4287 1309 4342; x_wconf 86' lang='lat' dir='ltr'>et</span> <span class='ocrx_word' id='word_1_269' title='bbox 1331 4283 1477 4344; x_wconf 88' lang='lat' dir='ltr'>Bohemie</span> <span class='ocrx_word' id='word_1_270' title='bbox 1499 4277 1739 4363; x_wconf 46' lang='lat' dir='ltr'>etc.ssFidelibus</span> 
     </span>
     <span class='ocr_line' id='line_1_34' title="bbox 475 4387 1734 4464; baseline 0 -18"><span class='ocrx_word' id='word_1_271' title='bbox 475 4388 588 4446; x_wconf 85' lang='lat' dir='ltr'>nostris</span> <span class='ocrx_word' id='word_1_272' title='bbox 600 4389 751 4446; x_wconf 89' lang='lat' dir='ltr'>universis</span> <span class='ocrx_word' id='word_1_273' title='bbox 774 4393 804 4446; x_wconf 90' lang='lat' dir='ltr'>et</span> <span class='ocrx_word' id='word_1_274' title='bbox 826 4387 957 4461; x_wconf 89' lang='lat' dir='ltr'>singulis</span> <span class='ocrx_word' id='word_1_275' title='bbox 981 4387 1116 4462; x_wconf 89' lang='lat' dir='ltr'>prelatis,</span> <span class='ocrx_word' id='word_1_276' title='bbox 1140 4390 1318 4462; x_wconf 89' lang='lat' dir='ltr'>baronibus,</span> <span class='ocrx_word' id='word_1_277' title='bbox 1355 4391 1529 4464; x_wconf 86' lang='lat' dir='ltr'>comitibus,</span> <span class='ocrx_word' id='word_1_278' title='bbox 1553 4389 1734 4460; x_wconf 86' lang='lat' dir='ltr'>castellanis,</span> 
     </span>
     <span class='ocr_line' id='line_1_35' title="bbox 475 4493 1737 4571; baseline 0.001 -20"><span class='ocrx_word' id='word_1_279' title='bbox 475 4493 643 4565; x_wconf 86' lang='lat' dir='ltr'>nobilibus,</span> <span class='ocrx_word' id='word_1_280' title='bbox 660 4494 862 4568; x_wconf 89' lang='lat' dir='ltr'>ipsorumque</span> <span class='ocrx_word' id='word_1_281' title='bbox 874 4493 1070 4566; x_wconf 86' lang='lat' dir='ltr'>officialibus,</span> <span class='ocrx_word' id='word_1_282' title='bbox 1095 4495 1169 4553; x_wconf 90' lang='lat' dir='ltr'>item</span> <span class='ocrx_word' id='word_1_283' title='bbox 1184 4495 1370 4568; x_wconf 88' lang='lat' dir='ltr'>civitatibus,</span> <span class='ocrx_word' id='word_1_284' title='bbox 1387 4495 1512 4571; x_wconf 85' lang='lat' dir='ltr'>oppidis</span> <span class='ocrx_word' id='word_1_285' title='bbox 1531 4501 1563 4554; x_wconf 89' lang='lat' dir='ltr'>et</span> <span class='ocrx_word' id='word_1_286' title='bbox 1577 4495 1671 4568; x_wconf 89' lang='lat' dir='ltr'>villis,</span> <span class='ocrx_word' id='word_1_287' title='bbox 1689 4507 1737 4552; x_wconf 85' lang='lat' dir='ltr'>ea·</span> 
     </span>
     <span class='ocr_line' id='line_1_36' title="bbox 476 4598 1737 4676; baseline -0.001 -17"><span class='ocrx_word' id='word_1_288' title='bbox 476 4599 609 4674; x_wconf 85' lang='lat' dir='ltr'>rumque</span> <span class='ocrx_word' id='word_1_289' title='bbox 632 4601 812 4670; x_wconf 87' lang='lat' dir='ltr'>rectoribus,</span> <span class='ocrx_word' id='word_1_290' title='bbox 836 4598 992 4676; x_wconf 89' lang='lat' dir='ltr'>judicibus</span> <span class='ocrx_word' id='word_1_291' title='bbox 1014 4605 1045 4658; x_wconf 90' lang='lat' dir='ltr'>et</span> <span class='ocrx_word' id='word_1_292' title='bbox 1060 4601 1183 4668; x_wconf 82' lang='lat' dir='ltr'>villicis.</span> <span class='ocrx_word' id='word_1_293' title='bbox 1206 4615 1326 4660; x_wconf 90' lang='lat' dir='ltr'>necnon</span> <span class='ocrx_word' id='word_1_294' title='bbox 1348 4603 1521 4662; x_wconf 89' lang='lat' dir='ltr'>tributariis</span> <span class='ocrx_word' id='word_1_295' title='bbox 1536 4607 1568 4662; x_wconf 90' lang='lat' dir='ltr'>et</span> <span class='ocrx_word' id='word_1_296' title='bbox 1589 4601 1737 4661; x_wconf 89' lang='lat' dir='ltr'>thelonia·</span> 
     </span>
     <span class='ocr_line' id='line_1_37' title="bbox 477 4706 1737 4785; baseline 0 -19"><span class='ocrx_word' id='word_1_297' title='bbox 477 4709 596 4766; x_wconf 85' lang='lat' dir='ltr'>toribus</span> <span class='ocrx_word' id='word_1_298' title='bbox 619 4715 683 4764; x_wconf 91' lang='lat' dir='ltr'>tam</span> <span class='ocrx_word' id='word_1_299' title='bbox 699 4706 812 4764; x_wconf 89' lang='lat' dir='ltr'>nostris</span> <span class='ocrx_word' id='word_1_300' title='bbox 836 4707 994 4779; x_wconf 86' lang='lat' dir='ltr'>regalibus</span> <span class='ocrx_word' id='word_1_301' title='bbox 1016 4721 1110 4780; x_wconf 85' lang='lat' dir='ltr'>quam</span> <span class='ocrx_word' id='word_1_302' title='bbox 1133 4709 1267 4768; x_wconf 88' lang='lat' dir='ltr'>aliorum</span> <span class='ocrx_word' id='word_1_303' title='bbox 1291 4723 1560 4785; x_wconf 86' lang='lat' dir='ltr'>quorumcumque</span> <span class='ocrx_word' id='word_1_304' title='bbox 1582 4711 1685 4770; x_wconf 88' lang='lat' dir='ltr'>ubivis</span> <span class='ocrx_word' id='word_1_305' title='bbox 1707 4709 1737 4766; x_wconf 88' lang='lat' dir='ltr'>in</span> 
     </span>
     <span class='ocr_line' id='line_1_38' title="bbox 477 4813 1735 4892; baseline 0.002 -21"><span class='ocrx_word' id='word_1_306' title='bbox 477 4815 579 4886; x_wconf 84' lang='lat' dir='ltr'>regnis</span> <span class='ocrx_word' id='word_1_307' title='bbox 594 4813 707 4872; x_wconf 88' lang='lat' dir='ltr'>nostris</span> <span class='ocrx_word' id='word_1_308' title='bbox 720 4813 887 4887; x_wconf 87' lang='lat' dir='ltr'>Hungarie,</span> <span class='ocrx_word' id='word_1_309' title='bbox 904 4813 1066 4872; x_wconf 87' lang='lat' dir='ltr'>Sclauonie</span> <span class='ocrx_word' id='word_1_310' title='bbox 1083 4821 1113 4872; x_wconf 88' lang='lat' dir='ltr'>et</span> <span class='ocrx_word' id='word_1_311' title='bbox 1128 4814 1264 4889; x_wconf 87' lang='lat' dir='ltr'>Croacie,</span> <span class='ocrx_word' id='word_1_312' title='bbox 1280 4817 1451 4891; x_wconf 88' lang='lat' dir='ltr'>ceterisque</span> <span class='ocrx_word' id='word_1_313' title='bbox 1464 4818 1607 4892; x_wconf 88' lang='lat' dir='ltr'>partibus</span> <span class='ocrx_word' id='word_1_314' title='bbox 1622 4815 1735 4876; x_wconf 87' lang='lat' dir='ltr'>eisdem</span> 
     </span>
     <span class='ocr_line' id='line_1_39' title="bbox 476 4919 1734 4996; baseline -0.001 -18"><span class='ocrx_word' id='word_1_315' title='bbox 476 4921 578 4992; x_wconf 87' lang='lat' dir='ltr'>regnis</span> <span class='ocrx_word' id='word_1_316' title='bbox 601 4919 714 4980; x_wconf 90' lang='lat' dir='ltr'>nostris</span> <span class='ocrx_word' id='word_1_317' title='bbox 737 4921 892 4991; x_wconf 87' lang='lat' dir='ltr'>subiectis,</span> <span class='ocrx_word' id='word_1_318' title='bbox 916 4921 1032 4978; x_wconf 90' lang='lat' dir='ltr'>tributa</span> <span class='ocrx_word' id='word_1_319' title='bbox 1054 4921 1251 4995; x_wconf 88' lang='lat' dir='ltr'>habentibus,</span> <span class='ocrx_word' id='word_1_320' title='bbox 1265 4923 1439 4982; x_wconf 89' lang='lat' dir='ltr'>tenentibus</span> <span class='ocrx_word' id='word_1_321' title='bbox 1462 4937 1517 4982; x_wconf 88' lang='lat' dir='ltr'>seu</span> <span class='ocrx_word' id='word_1_322' title='bbox 1533 4923 1734 4996; x_wconf 81' lang='lat' dir='ltr'>exigentibus,</span> 
     </span>
     <span class='ocr_line' id='line_1_40' title="bbox 476 5027 1733 5102; baseline -0.002 -17"><span class='ocrx_word' id='word_1_323' title='bbox 476 5030 669 5101; x_wconf 88' lang='lat' dir='ltr'>presentibus</span> <span class='ocrx_word' id='word_1_324' title='bbox 691 5033 721 5086; x_wconf 90' lang='lat' dir='ltr'>et</span> <span class='ocrx_word' id='word_1_325' title='bbox 752 5027 872 5099; x_wconf 83' lang='lat' dir='ltr'>futuris,</span> <span class='ocrx_word' id='word_1_326' title='bbox 905 5033 1059 5102; x_wconf 79' lang='lat' dir='ltr'>presentes</span> <span class='ocrx_word' id='word_1_327' title='bbox 1090 5029 1214 5100; x_wconf 88' lang='lat' dir='ltr'>visuris,</span> <span class='ocrx_word' id='word_1_328' title='bbox 1237 5029 1370 5087; x_wconf 85' lang='lat' dir='ltr'>salutern</span> <span class='ocrx_word' id='word_1_329' title='bbox 1394 5035 1424 5087; x_wconf 89' lang='lat' dir='ltr'>et</span> <span class='ocrx_word' id='word_1_330' title='bbox 1458 5030 1604 5102; x_wconf 87' lang='lat' dir='ltr'>graciam.</span> <span class='ocrx_word' id='word_1_331' title='bbox 1635 5030 1733 5101; x_wconf 80' lang='lat' dir='ltr'>Expo-</span> 
     </span>
    </p>
   </div>
   <div class='ocr_carea' id='block_1_8' title="bbox 0 0 1906 5858">
    <p class='ocr_par' dir='ltr' id='par_1_9' title="bbox 0 0 1906 5858">
     <span class='ocr_line' id='line_1_41' title="bbox 0 0 1906 5858; baseline 0 4"><span class='ocrx_word' id='word_1_332' title='bbox 0 0 1906 5858; x_wconf 95' lang='lat' dir='ltr'> </span> 
     </span>
    </p>
   </div>
  </div>
 </body>
</html>
