3948 5804
727 564 800 622 Duc.
824 577 878 644 49.
902 599 942 610 -
969 567 1026 626 An.
1049 579 1136 646 1427.
1525 577 1561 638 61

298 777 463 850 magistros
480 778 661 836 Iadislaum
685 778 723 837 de
745 779 879 853 Dauoth,
913 783 1062 842 Mathiam
1085 785 1124 843 de
1146 783 1289 860 chasma,
1319 790 1419 848 socios
1442 797 1472 848 et
1495 807 1566 850 con·

297 883 459 942 canonicos
482 890 604 944 nostros
627 886 720 944 statui
752 885 889 946 fecimus.
924 889 1041 948 Datum
1075 891 1106 952 in
1142 894 1251 966 vigilia
1285 895 1369 953 beati
1403 896 1565 956 Laurencii

297 990 441 1048 martiris.
465 992 555 1048 Anno
579 990 698 1049 domini
721 993 890 1052 millesimo
915 995 1220 1070 quadringentesimo
1244 1001 1396 1073 vigesimo
1418 1003 1564 1077 septimo.

400 1127 424 1174 E
442 1125 518 1175 visita
537 1127 659 1176 canonica
677 1127 899 1178 archidiaconatus
927 1130 1082 1181 cathedralis
1110 1133 1142 1182 de
1167 1149 1235 1184 anno
1264 1147 1338 1199 1741.
1364 1137 1397 1186 In
1416 1137 1486 1188 arch.
1506 1153 1564 1190 ven.

297 1215 464 1264 cancellariae
483 1215 650 1264 dioecesanae
669 1232 728 1280 pag.
748 1219 929 1280 1008—1009.

900 1413 963 1479 49.

403 1555 483 1604 Anno
504 1567 579 1618 1427,
599 1565 640 1616 24.
660 1554 775 1618 Augusti
804 1553 950 1618 Zagrabiae.

296 1683 445 1756 lohannes
478 1684 621 1756 spiscopus
654 1682 857 1754 augrulriensis,
887 1682 921 1738 de
950 1681 1122 1739 Eberhardo
1153 1683 1292 1743 decessore
1315 1688 1369 1764 pio
1403 1691 1561 1762 exemplum

295 1789 416 1863 capiens,
439 1789 557 1866 collegio
572 1788 850 1862 praebendariorum
866 1805 979 1846 mensae
1000 1789 1167 1862 episcopalis
1188 1790 1326 1852 decernam
1349 1795 1414 1852 vini
1426 1795 1562 1869 frumen·

807 1896 883 1968 tique
904 1895 977 1950 dono
999 1893 1058 1951 dat.

404 2039 468 2096 Nos
490 2039 647 2121 Johannes
681 2038 731 2096 dei
766 2043 796 2095 et
830 2039 1000 2113 apostolice
1030 2039 1112 2098 sedis
1141 2043 1246 2114 gracia
1269 2043 1434 2118 episcopus
1457 2061 1563 2121 zagra·

299 2146 423 2217 biensis,
447 2147 525 2203 sacri
549 2146 671 2203 romani
694 2145 819 2218 imperii
842 2150 873 2202 et
895 2147 979 2218 regie
1007 2147 1177 2206 maiestatis
1208 2149 1367 2223 Hungarie
1398 2166 1564 2227 sumpmus

298 2252 510 2310 cancellarius.
534 2251 684 2308 Memorie
707 2249 964 2308 commendamus
988 2267 1045 2324 per
1061 2257 1227 2326 presentes,
1244 2258 1349 2313 tenore
1366 2258 1564 2330 presencium

298 2358 514 2432 significantes,
545 2357 659 2431 quibus
690 2357 816 2432 expedit
846 2358 1008 2431 universis,
1033 2357 1117 2432 quod
1142 2359 1266 2418 discreti
1290 2367 1320 2419 et
1351 2362 1473 2421 honesti
1502 2364 1564 2422 viri

296 2465 415 2523 domini
440 2465 577 2524 universi
600 2463 798 2538 prebendarii
821 2463 949 2522 ecclesie
973 2471 1076 2522 nostre
1109 2467 1317 2538 zagrabiensis
1340 2468 1487 2542 predicte,
1510 2483 1564 2527 no·

295 2579 393 2632 stram
416 2571 596 2630 accedentes
619 2571 650 2628 in
673 2571 874 2644 presenciam,
898 2571 988 2628 nobis
1011 2571 1123 2630 humili
1147 2589 1218 2630 curn
1249 2573 1398 2632 instancia
1421 2574 1564 2648 detegere

295 2681 442 2736 curarunt
464 2693 501 2736 eo
525 2677 634 2736 modo:
659 2677 818 2752 quomodo
841 2679 977 2736 universi
1002 2677 1236 2752 predecessores
1266 2681 1404 2754 episcopi
1436 2687 1466 2738 et
1490 2698 1563 2756 pre·

294 2785 402 2843 sertim
424 2789 566 2859 tempore
590 2784 708 2842 domini
731 2783 913 2854 Eberhardi,
938 2783 1042 2842 fratris
1065 2786 1163 2843 nostri
1185 2785 1367 2858 charissimi,
1392 2785 1491 2844 felicis
1514 2805 1562 2846 re·

295 2890 494 2963 cordacionis,
519 2890 655 2949 decimas
679 2890 716 2948 de
740 2890 870 2962 singulis
893 2891 991 2948 vineis
1015 2891 1157 2964 ipsorum
1180 2907 1216 2949 ac
1237 2891 1327 2950 terris
1359 2893 1497 2966 propriis
1521 2893 1581 2971 ad¹

294 2999 435 3072 ipsorum
460 2997 604 3055 videlicet
626 2995 801 3070 prebendas
824 2995 863 3053 de
887 2994 954 3072 jure
977 3001 1007 3054 et
1030 2997 1070 3054 ab
1101 2997 1229 3070 antiquo
1264 2999 1492 3070 pertinentibus
1528 3007 1558 3058 et

294 3104 505 3178 spectantibus
529 3101 756 3176 proveniendas
773 3117 900 3176 prorsus
924 3107 955 3159 et
970 3118 1027 3176 per
1048 3103 1152 3160 omnia
1174 3103 1251 3176 ipsis
1275 3103 1434 3163 duxissent
1456 3108 1561 3165 remit·

295 3209 403 3268 tendas
426 3215 457 3267 et
479 3209 663 3267 relaxandas
687 3210 729 3266 ob
752 3210 812 3266 hoc
836 3207 988 3280 videlicet,
1009 3209 1094 3282 quod
1110 3211 1276 3268 memorati
1292 3209 1411 3268 domini
1427 3212 1559 3285 preben-

295 3315 374 3374 darii
397 3315 436 3373 ad
460 3315 586 3373 laudem
611 3321 641 3372 et
664 3316 813 3373 honorem
839 3314 938 3373 divini
960 3316 1104 3384 numinis,
1127 3316 1257 3388 virginis
1287 3316 1511 3388 gloriosissime
1528 3324 1558 3376 et

293 3424 392 3480 tocius
416 3423 538 3480 celestis
560 3423 644 3480 curie
668 3423 797 3495 singulis
820 3437 973 3480 annorum
996 3423 1159 3480 curriculis
1187 3423 1315 3480 missam
1332 3422 1465 3481 solemni
1488 3439 1559 3482 cum

295 3527 463 3586 devocione
484 3529 615 3602 singulis
638 3527 723 3586 feriis
747 3529 865 3602 quartis
888 3529 919 3586 in
943 3529 1084 3602 qualibet
1118 3528 1298 3586 ebdomada
1333 3528 1373 3587 ad
1410 3531 1561 3588 honorem

295 3636 391 3694 sancti
414 3634 535 3693 Nicolai
558 3635 696 3708 episcopi
719 3639 749 3692 et
765 3634 950 3693 contessoris
966 3633 1172 3707 decantarent,
1192 3651 1287 3709 super
1304 3635 1425 3709 hiisque
1441 3637 1560 3694 litteras

294 3741 448 3814 graciosas
471 3741 569 3814 ipsius
591 3740 724 3798 condam
748 3739 866 3798 domini
889 3740 1063 3799 Eberhardi
1086 3741 1234 3816 episcopi,
1252 3741 1358 3799 fratris
1376 3743 1474 3800 nostri
1490 3743 1560 3800 cha·

293 3848 418 3918 nissimi,
441 3847 532 3904 nobis
555 3847 586 3904 in
610 3847 713 3920 specie
737 3846 952 3920 produxerunt
986 3853 1015 3905 et
1050 3853 1316 3922 presentaverunt,
1347 3849 1560 3923 supplicantes

293 3953 384 4011 nobis
408 3969 499 4026 prece
522 3953 703 4024 subiectiva,
726 3958 761 4010 ut
783 3967 839 4010 nos
863 3955 1015 4027 premissa
1038 3953 1239 4027 dignaremur
1263 3971 1320 4028 per
1342 3955 1427 4028 ipsos
1451 3954 1561 4028 prede·

295 4075 432 4118 cessores
455 4065 576 4118 nostros
600 4061 763 4133 episcopos
787 4059 864 4132 ipsis
889 4060 1104 4133 prebendariis
1128 4076 1272 4120 concessa
1295 4065 1326 4118 et
1349 4061 1464 4118 donata
1494 4066 1561 4118 rata

294 4166 409 4224 habere
433 4171 526 4238 atque
549 4171 644 4239 grata.
670 4165 732 4223 Nos
754 4165 850 4238 igitur
873 4172 1030 4224 cernentes
1054 4173 1083 4224 et
1107 4167 1137 4225 in
1161 4168 1298 4225 archano
1321 4168 1433 4224 mentis
1457 4171 1560 4224 nostre

293 4271 402 4330 sedula
433 4271 636 4330 meditacione
671 4277 834 4347 pensantes
868 4273 1010 4346 ipsorum
1045 4273 1244 4331 dominorum
1276 4271 1558 4348 prebendariorum

293 4378 539 4453 postulacionem
561 4384 591 4436 et
614 4379 800 4453 peticionem
822 4380 935 4436 iustam
960 4383 1053 4452 atque
1077 4381 1192 4438 racioni
1215 4395 1386 4454 congruam
1418 4379 1484 4436 fore
1507 4394 1559 4452 ag·

293 4489 453 4542 noscentes
473 4489 504 4542 et
526 4483 657 4542 eandem
682 4485 822 4543 nolentes
846 4484 1014 4558 infringere
1044 4487 1185 4559 ipsorum
1218 4485 1475 4561 predecessorum
1505 4500 1559 4542 no·

291 4595 428 4650 strorum
452 4592 646 4649 sanccionem
669 4590 708 4648 ad
732 4590 858 4649 laudem
883 4593 1029 4650 creatoris
1045 4593 1186 4651 omnium
1203 4591 1326 4663 factam,
1344 4591 1440 4649 talem
1457 4591 1559 4664 gracie

292 4698 525 4771 prerogativam
549 4697 667 4755 eisdem
691 4696 838 4754 duximus
862 4696 1044 4770 faciendam,
1068 4699 1166 4756 immo
1198 4697 1329 4756 facimus
1360 4697 1559 4772 presencium

292 4818 350 4876 per
372 4803 523 4876 vigorem,
548 4803 631 4877 quod
656 4803 695 4861 de
718 4804 848 4876 singulis
872 4804 970 4861 vineis
993 4805 1134 4878 ipsorum
1165 4819 1201 4862 ac
1231 4805 1322 4863 terris
1353 4803 1489 4878 propriis
1519 4801 1559 4859 ad

291 4909 433 4983 ipsorum
458 4909 632 4982 prebendas
656 4910 867 4984 spectantibus
890 4915 920 4968 et
943 4911 1169 4984 pertinentibus
1200 4926 1218 4968 a
1249 4911 1394 4985 primevo
1417 4915 1560 4983 tempore

293 5029 394 5089 usque
410 5013 536 5074 felicem
552 5015 674 5075 obitum
690 5017 789 5090 ipsius
806 5015 938 5074 condam
953 5015 1072 5076 domini
1087 5017 1261 5077 Eberhardi
1284 5017 1431 5092 episcopi,
1455 5015 1559 5074 fratris
