3930 5802
423 573 481 641 158
846 570 921 628 Doc.
946 583 1015 627 120.
1039 603 1082 612 -
1105 571 1161 628 An.
1188 567 1278 648 1438.

418 787 538 845 litteras
560 791 681 844 vestras
705 785 916 860 inquisitorias
939 791 969 843 et
992 787 1182 852 erocatorias
1204 786 1331 844 domino
1347 785 1547 860 sigismundo
1562 788 1628 860 regi
1644 785 1683 845 ad

418 907 509 950 suum
533 893 656 966 regium
685 892 907 950 litteratorium
937 892 1120 951 mandatum
1150 893 1324 967 rescriptas,
1355 908 1494 952 asserens
1524 894 1683 951 accionem

418 1005 447 1057 et
471 1000 723 1074 proposicionem
748 997 821 1057 dieti
846 999 976 1072 capituli
999 991 1111 1057 litteris
1132 999 1280 1057 contineri
1304 999 1336 1057 in
1358 999 1484 1071 eisdem,
1508 993 1610 1058 eidem
1633 1015 1684 1057 co·

417 1105 501 1163 mitis
532 1106 672 1163 Matheus
704 1111 894 1179 presentasse
925 1104 1127 1164 declarando:
1160 1103 1245 1179 quod
1269 1104 1397 1178 Blasius‚
1421 1105 1506 1163 filius
1529 1101 1685 1163 Benedicti

417 1210 456 1268 de
471 1211 654 1270 Therstenik
671 1212 774 1284 regius
798 1215 827 1269 et
851 1211 1001 1270 discretus
1025 1213 1074 1270 vir
1096 1211 1249 1284 Georgius
1273 1213 1430 1286 presbiter
1452 1211 1540 1270 chori
1555 1211 1684 1269 ecclesie

417 1321 521 1376 vestre
544 1317 684 1392 predicte
708 1316 931 1392 prebendarius
955 1323 1065 1391 vester,
1088 1319 1238 1391 homines,
1255 1318 1295 1376 ad
1317 1319 1439 1392 regium
1463 1318 1683 1376 litteratorium

416 1423 600 1483 mandatum
622 1425 803 1496 transmissi,
827 1423 904 1482 feria
927 1425 1034 1499 quinta
1066 1425 1210 1498 proxima
1240 1430 1310 1499 post
1341 1424 1529 1482 dominicam
1560 1424 1683 1482 Ramis-

415 1531 594 1605 palmarum
619 1532 651 1589 in
674 1531 756 1590 dicto
780 1547 859 1589 anno
883 1531 1031 1606 preterito
1054 1532 1086 1590 in
1109 1533 1257 1590 comitatu
1272 1531 1466 1604 zagrabiensi
1481 1530 1683 1604 procedentes

416 1637 458 1695 ab
481 1638 627 1694 omnibus
650 1637 764 1712 quibus
786 1637 939 1696 decuisset
960 1646 991 1696 et
1013 1637 1150 1696 licuisset
1174 1637 1280 1712 palam
1303 1643 1334 1696 et
1364 1636 1484 1695 occulte
1515 1635 1553 1694 de
1584 1635 1680 1696 infra-

415 1744 540 1818 scriptis
557 1743 756 1818 inquirendo,
773 1745 868 1803 talem
881 1744 1043 1803 scivissent
1061 1744 1241 1802 veritatem:
1266 1743 1424 1818 quomodo
1447 1742 1557 1815 Chyin,
1579 1741 1682 1818 judex,

415 1848 606 1921 Valentinus,
636 1847 765 1908 Gobech
795 1849 904 1923 dictus,
940 1850 1115 1908 Anthonius
1141 1848 1180 1907 de
1210 1849 1379 1920 Florencia‚
1409 1848 1682 1933 Johannes,fi1ius

365 2023 374 2038 ι
415 1954 551 2026 Peronis,
575 1955 760 2028 Demetrius,
786 1957 938 2015 Martinus
961 1963 1071 2028 sartor,
1094 1961 1167 2014 tunc
1190 1955 1333 2027 decanus,
1358 1954 1510 2029 Georgius
1542 1955 1581 2013 de
1614 1955 1682 2013 vico

419 2069 569 2134 sutorum,
594 2062 742 2135 Andreas,
765 2061 851 2121 filius
872 2063 963 2135 Petri,
988 2062 1102 2120 Paulus
1125 2063 1248 2121 Thatar.
1280 2061 1393 2139 jurati;
1424 2061 1565 2132 Michael,
1596 2061 1682 2120 filius

416 2165 596 2240 Sebastiani,
619 2168 782 2252 Johannes,
806 2168 1021 2242 Zygeththyah
1043 2168 1152 2240 dictus,
1182 2168 1337 2250 Johannes
1361 2168 1486 2239 Pehem,
1520 2167 1676 2250 Johannes

414 2273 590 2348 Hungarus,
625 2273 794 2348 Gregorius
824 2272 1045 2348 deesthych,
1079 2274 1224 2346 Briccius,
1248 2273 1349 2333 frater
1371 2273 1519 2345 eiusdem,
1542 2273 1679 2357 Jaxinus,

414 2379 499 2438 filius
523 2379 595 2451 Bolr,
619 2379 764 2438 Clemens
786 2381 917 2452 institor,
940 2381 1139 2464 Jacomellus,
1163 2380 1287 2452 Paulus,
1311 2379 1395 2438 filius
1418 2378 1539 2452 Giwan,
1563 2379 1678 2436 Paulus

413 2485 589 2559 Hungarus,
612 2485 740 2559 Egidius
774 2484 919 2558 carnifex,
954 2487 1137 2558 Anthonius,
1172 2487 1289 2558 Petrus,
1326 2485 1425 2545 dictus
1447 2482 1679 2557 Plesmenchalr,

414 2591 657 2664 Chagantowich
690 2593 814 2664 Paulus,
848 2591 1038 2651 Swlkowich
1070 2593 1187 2652 Paulus
1210 2592 1355 2665 carnifex,
1378 2593 1529 2650 Martinus
1552 2589 1679 2666 juratus,

412 2697 534 2757 Blasius
566 2698 665 2757 dictus
694 2699 818 2772 Fraym‚
848 2699 1035 2758 Laurencius
1065 2700 1195 2772 institor,
1227 2699 1305 2757 alter
1336 2698 1531 2770 laurencius,
1564 2697 1680 2755 Paulus

412 2802 627 2876 Sydowanich,
650 2804 813 2863 Ladislaus
835 2804 1027 2879 Ztipkouich‚
1055 2806 1236 2864 Dominicus
1269 2805 1464 2877 Maxethych,
1504 2803 1679 2878 Stephanus

413 2911 575 2984 litteratus,
607 2909 707 2969 dictus
745 2909 906 2982 Bakovch,
941 2909 1111 2984 Gregorius
1146 2911 1317 2983 Valentini,
1356 2909 1538 2968 Benedictus
1577 2907 1674 2981 rufus,

412 3017 580 3089 Dyonisius
613 3017 816 3089 Mozlawech,
850 3017 966 3076 Paulus
1002 3017 1140 3075 Rusman
1175 3015 1283 3089 dictus,
1318 3017 1451 3075 Mathias
1481 3020 1591 3088 sartor,
1621 3015 1680 3074 Ia·

413 3121 531 3181 dislaus
554 3129 584 3182 et
614 3123 773 3182 Emericus
796 3122 956 3196 aurifabri,
979 3123 1153 3197 Farhasius,
1177 3123 1262 3182 filius
1285 3123 1395 3197 Egidii,
1430 3123 1515 3180 Iwan
1542 3122 1676 3194 italicus,

412 3227 527 3286 Paulus
548 3233 657 3302 sartor,
680 3229 787 3287 Kusuc
809 3227 948 3288 carnifex
971 3229 1010 3288 de
1034 3230 1166 3302 civitate,
1190 3231 1370 3288 Dominicus
1394 3235 1424 3288 et
1449 3227 1565 3287 Paulus
1589 3228 1672 3286 selli-

410 3351 510 3410 pares,
536 3335 678 3407 Newred,
702 3335 823 3394 Blasius
847 3341 941 3409 sutor,
972 3335 1147 3410 Stephanus
1177 3335 1278 3395 dictus
1308 3336 1428 3407 Kweth,
1458 3335 1544 3393 Iwan
1576 3333 1675 3406 faber,

410 3441 566 3524 Johannes
590 3440 730 3516 pellifex,
743 3441 889 3500 Nicolaus
910 3447 940 3500 et
956 3441 1096 3500 Andreas
1112 3442 1186 3500 dicti
1202 3441 1388 3515 Bogdanich
1412 3441 1557 3500 Clemens
1581 3441 1675 3500 Pran-

321 3575 325 3582 ·
411 3546 493 3614 dich,
511 3547 625 3606 Paulus
646 3547 853 3620 Iwankovich,
870 3548 1064 3620 Ambrosius,
1084 3547 1245 3622 Georgius,
1261 3548 1347 3607 filius
1360 3549 1522 3621 Francisci,
1537 3548 1674 3606 Thomas

411 3653 585 3726 Kwnnych,
598 3653 737 3712 Thomas
752 3655 869 3726 calvus,
884 3653 1038 3726 Nicolaus,
1057 3655 1238 3713 Valentinus
1254 3655 1353 3715 dictus
1371 3655 1476 3726 Peren,
1492 3653 1630 3727 Gywralr
1646 3659 1676 3711 et

411 3759 593 3818 Valentinus
614 3760 689 3818 dieti
713 3761 904 3832 Mozlowieh‚
928 3762 1043 3819 Paulus
1066 3762 1239 3834 sagitarius,
1262 3761 1399 3820 Thomas
1422 3761 1522 3820 dictus
1547 3760 1674 3831 Dwaclr,

408 3865 552 3950 Jacobus,
568 3867 651 3924 Elias
663 3867 823 3940 sagittarii,
838 3867 994 3951 Johannes
1009 3842 1150 3942 arcupar,
1168 3868 1350 3926 Valentinus
1373 3874 1467 3940 sutor,
1491 3866 1674 3925 Valentinus

409 3964 560 4031 Anthonii
577 3979 607 4031 et
623 3973 734 4032 Gallus
750 3989 924 4048 arcupares,
940 3975 1095 4048 ceterique
1112 3975 1249 4034 universi
1264 3977 1347 4034 cives
1364 3979 1393 4032 et
1408 3974 1519 4048 populi
1540 3973 1673 4031 civitatis

409 4079 524 4137 montis
547 4078 709 4138 Grecensis
743 4081 776 4138 in
806 4080 915 4138 eadem
947 4081 1071 4140 civitate
1094 4085 1124 4139 et
1147 4081 1179 4139 in
1200 4082 1352 4140 suburbio
1375 4079 1515 4140 eiusdem
1538 4079 1671 4139 civitatis

409 4184 496 4242 iuxta
518 4185 702 4258 Zagrabiam
726 4188 810 4246 mala
834 4203 943 4246 eorum
965 4203 1061 4262 opera
1084 4189 1116 4246 in
1147 4189 1251 4263 ipsum
1283 4188 1455 4263 capitulum
1478 4203 1496 4246 a
1520 4186 1673 4245 diuturnis

408 4293 603 4365 temporibus
641 4293 807 4352 crudeliter
842 4300 872 4352 et
913 4295 1091 4353 immaniter
1132 4297 1339 4353 exercuissent
1371 4299 1402 4352 et
1435 4293 1676 4364 commisissent,

408 4413 555 4472 sumpma
590 4399 701 4458 exinde
735 4400 918 4459 temeritatis
951 4400 1083 4459 audacia
1105 4401 1137 4459 in
1159 4415 1239 4460 anno
1263 4401 1382 4458 domini
1404 4399 1574 4458 millesimo
1598 4413 1673 4471 qua·

407 4504 649 4578 dringentesimo
683 4507 835 4580 vigesimo
873 4506 1008 4565 secundo
1046 4509 1202 4581 preterito,
1233 4507 1379 4566 videlicet
1411 4505 1544 4564 infesto
1567 4511 1671 4564 sancte

407 4611 567 4670 Trinitatis
590 4613 701 4670 turrim
723 4613 821 4687 ipsius
845 4613 975 4687 capituli
998 4613 1030 4671 in
1052 4613 1134 4672 dicto
1165 4617 1270 4672 moute
1301 4613 1403 4672 Grech
1434 4613 1584 4682 habitam,
1615 4611 1671 4668 ubi

407 4733 456 4775 res
479 4723 509 4776 et
532 4717 614 4775 bona
638 4717 718 4776 dicte
742 4719 869 4777 ecclesie
893 4726 923 4776 et
946 4719 1020 4777 dicti
1043 4720 1171 4794 capituli
1186 4719 1394 4793 zagrabiensis
1409 4725 1539 4793 propter
1553 4723 1673 4776 metum

408 4822 581 4882 Turcorum
597 4823 635 4883 ad
653 4825 900 4883 conservandum
923 4827 1141 4899 reposuissent,
1165 4825 1350 4898 obsidentes,
1374 4830 1404 4882 et
1426 4815 1525 4882 multa
1547 4829 1672 4881 caterva

407 4929 568 4988 hominum
591 4935 785 4989 armatorum
800 4931 1080 5006 circumvallantes,
1096 4933 1281 5005 magistrum
1298 4931 1477 4990 Ladislaum
1494 4930 1532 4988 de
1548 4930 1674 4988 Dauoth

407 5035 525 5093 socium
559 5043 589 5095 et
623 5039 864 5096 concanonicum
897 5053 957 5114 pro
991 5046 1063 5098 tunc
1093 5039 1235 5114 ipsorum
1270 5053 1328 5113 pro
1352 5038 1492 5096 custodia
1516 5036 1671 5096 dictarum
