<?xml version="1.0" encoding="UTF-8"?>
<!DOCTYPE html PUBLIC "-//W3C//DTD XHTML 1.0 Transitional//EN"
    "http://www.w3.org/TR/xhtml1/DTD/xhtml1-transitional.dtd">
<html xmlns="http://www.w3.org/1999/xhtml" xml:lang="en" lang="en">
 <head>
  <title>
</title>
<meta http-equiv="Content-Type" content="text/html;charset=utf-8" />
  <meta name='ocr-system' content='tesseract 3.04.00' />
  <meta name='ocr-capabilities' content='ocr_page ocr_carea ocr_par ocr_line ocrx_word'/>
</head>
<body>
  <div class='ocr_page' id='page_1' title='image "./monumentahistor20laszgoog_0324.png"; bbox 0 0 3948 5804; ppageno 0'>
   <div class='ocr_carea' id='block_1_1' title="bbox 764 561 1560 638">
    <p class='ocr_par' dir='ltr' id='par_1_1' title="bbox 764 561 1560 638">
     <span class='ocr_line' id='line_1_1' title="bbox 764 561 1560 638; baseline 0.003 -18"><span class='ocrx_word' id='word_1_1' title='bbox 764 561 837 621; x_wconf 86' lang='lat' dir='ltr'><strong>Doc.</strong></span> <span class='ocrx_word' id='word_1_2' title='bbox 856 571 909 637; x_wconf 84' lang='lat'><strong>55.</strong></span> <span class='ocrx_word' id='word_1_3' title='bbox 937 595 971 603; x_wconf 98' lang='lat'>-</span> <span class='ocrx_word' id='word_1_4' title='bbox 1000 575 1091 638; x_wconf 79' lang='lat'><em>1429.</em></span> <span class='ocrx_word' id='word_1_5' title='bbox 1521 564 1560 634; x_wconf 85' lang='lat'><strong>67</strong></span> 
     </span>
    </p>
   </div>
   <div class='ocr_carea' id='block_1_2' title="bbox 296 776 1562 1702">
    <p class='ocr_par' dir='ltr' id='par_1_2' title="bbox 296 776 1562 1702">
     <span class='ocr_line' id='line_1_2' title="bbox 298 776 1561 853; baseline 0.001 -19"><span class='ocrx_word' id='word_1_6' title='bbox 298 777 486 850; x_wconf 82' lang='lat' dir='ltr'><strong>testiumque</strong></span> <span class='ocrx_word' id='word_1_7' title='bbox 508 776 779 850; x_wconf 82' lang='lat' dir='ltr'><strong>infrascriptorum</strong></span> <span class='ocrx_word' id='word_1_8' title='bbox 794 777 952 850; x_wconf 85' lang='lat' dir='ltr'>presencia</span> <span class='ocrx_word' id='word_1_9' title='bbox 977 779 1189 853; x_wconf 86' lang='lat' dir='ltr'><strong>personaliter,</strong></span> <span class='ocrx_word' id='word_1_10' title='bbox 1214 779 1422 838; x_wconf 87' lang='lat' dir='ltr'><strong>exbibuerunt</strong></span> <span class='ocrx_word' id='word_1_11' title='bbox 1445 783 1476 836; x_wconf 91' lang='lat' dir='ltr'><strong>et</strong></span> <span class='ocrx_word' id='word_1_12' title='bbox 1491 793 1561 851; x_wconf 90' lang='lat' dir='ltr'><strong>pre·</strong></span> 
     </span>
     <span class='ocr_line' id='line_1_3' title="bbox 297 881 1562 957; baseline 0 -17"><span class='ocrx_word' id='word_1_13' title='bbox 297 887 496 941; x_wconf 90' lang='lat' dir='ltr'><strong>sentaverunt</strong></span> <span class='ocrx_word' id='word_1_14' title='bbox 511 883 589 940; x_wconf 89' lang='lat' dir='ltr'><strong>mihi</strong></span> <span class='ocrx_word' id='word_1_15' title='bbox 604 883 724 941; x_wconf 91' lang='lat' dir='ltr'><strong>notario</strong></span> <span class='ocrx_word' id='word_1_16' title='bbox 741 881 882 957; x_wconf 90' lang='lat' dir='ltr'><strong>predicto</strong></span> <span class='ocrx_word' id='word_1_17' title='bbox 898 883 1050 957; x_wconf 91' lang='lat' dir='ltr'><strong>quasdam</strong></span> <span class='ocrx_word' id='word_1_18' title='bbox 1066 883 1185 942; x_wconf 84' lang='lat' dir='ltr'><strong>litteras</strong></span> <span class='ocrx_word' id='word_1_19' title='bbox 1209 883 1371 943; x_wconf 89' lang='lat' dir='ltr'><strong>reverendi</strong></span> <span class='ocrx_word' id='word_1_20' title='bbox 1387 883 1418 942; x_wconf 93' lang='lat' dir='ltr'><strong>in</strong></span> <span class='ocrx_word' id='word_1_21' title='bbox 1436 883 1562 941; x_wconf 90' lang='lat' dir='ltr'><strong>Christo</strong></span> 
     </span>
     <span class='ocr_line' id='line_1_4' title="bbox 297 987 1562 1070; baseline 0 -24"><span class='ocrx_word' id='word_1_22' title='bbox 297 989 395 1061; x_wconf 91' lang='lat' dir='ltr'><strong>patris</strong></span> <span class='ocrx_word' id='word_1_23' title='bbox 434 994 464 1046; x_wconf 90' lang='lat' dir='ltr'><strong>et</strong></span> <span class='ocrx_word' id='word_1_24' title='bbox 495 987 622 1060; x_wconf 90' lang='lat' dir='ltr'><strong>domini,</strong></span> <span class='ocrx_word' id='word_1_25' title='bbox 659 987 778 1045; x_wconf 90' lang='lat' dir='ltr'><strong>domini</strong></span> <span class='ocrx_word' id='word_1_26' title='bbox 819 987 968 1070; x_wconf 89' lang='lat' dir='ltr'><strong>Johannis</strong></span> <span class='ocrx_word' id='word_1_27' title='bbox 998 989 1049 1048; x_wconf 90' lang='lat' dir='ltr'><strong>dei</strong></span> <span class='ocrx_word' id='word_1_28' title='bbox 1080 996 1110 1048; x_wconf 90' lang='lat' dir='ltr'><strong>et</strong></span> <span class='ocrx_word' id='word_1_29' title='bbox 1139 989 1309 1064; x_wconf 91' lang='lat' dir='ltr'><strong>apostolice</strong></span> <span class='ocrx_word' id='word_1_30' title='bbox 1346 989 1428 1048; x_wconf 91' lang='lat' dir='ltr'><strong>sedis</strong></span> <span class='ocrx_word' id='word_1_31' title='bbox 1458 990 1562 1062; x_wconf 85' lang='lat' dir='ltr'><strong>gracia</strong></span> 
     </span>
     <span class='ocr_line' id='line_1_5' title="bbox 297 1093 1562 1178; baseline 0 -26"><span class='ocrx_word' id='word_1_32' title='bbox 297 1095 436 1170; x_wconf 83' lang='lat' dir='ltr'><strong>episcopi</strong></span> <span class='ocrx_word' id='word_1_33' title='bbox 457 1095 673 1167; x_wconf 84' lang='lat' dir='ltr'><strong>zagrabiensis,</strong></span> <span class='ocrx_word' id='word_1_34' title='bbox 697 1093 813 1151; x_wconf 89' lang='lat' dir='ltr'><strong>summi</strong></span> <span class='ocrx_word' id='word_1_35' title='bbox 836 1095 914 1153; x_wconf 90' lang='lat' dir='ltr'><strong>sacri</strong></span> <span class='ocrx_word' id='word_1_36' title='bbox 937 1095 1069 1178; x_wconf 85' lang='lat' dir='ltr'><strong>Romani</strong></span> <span class='ocrx_word' id='word_1_37' title='bbox 1092 1096 1216 1170; x_wconf 90' lang='lat' dir='ltr'><strong>imperii</strong></span> <span class='ocrx_word' id='word_1_38' title='bbox 1240 1095 1397 1153; x_wconf 87' lang='lat' dir='ltr'><strong>secretarii</strong></span> <span class='ocrx_word' id='word_1_39' title='bbox 1420 1101 1450 1152; x_wconf 92' lang='lat' dir='ltr'><strong>et</strong></span> <span class='ocrx_word' id='word_1_40' title='bbox 1471 1095 1562 1168; x_wconf 89' lang='lat' dir='ltr'><strong>regni</strong></span> 
     </span>
     <span class='ocr_line' id='line_1_6' title="bbox 297 1199 1561 1274; baseline 0 -16"><span class='ocrx_word' id='word_1_41' title='bbox 297 1201 459 1274; x_wconf 88' lang='lat' dir='ltr'><strong>Hungsrie</strong></span> <span class='ocrx_word' id='word_1_42' title='bbox 477 1199 660 1272; x_wconf 88' lang='lat' dir='ltr'><strong>cancellarii,</strong></span> <span class='ocrx_word' id='word_1_43' title='bbox 685 1214 848 1273; x_wconf 87' lang='lat' dir='ltr'><strong>processus</strong></span> <span class='ocrx_word' id='word_1_44' title='bbox 873 1201 1114 1260; x_wconf 88' lang='lat' dir='ltr'><strong>sentencionales</strong></span> <span class='ocrx_word' id='word_1_45' title='bbox 1140 1202 1199 1260; x_wconf 92' lang='lat' dir='ltr'><strong>sub</strong></span> <span class='ocrx_word' id='word_1_46' title='bbox 1223 1207 1327 1260; x_wconf 89' lang='lat' dir='ltr'><strong>tenore</strong></span> <span class='ocrx_word' id='word_1_47' title='bbox 1355 1199 1561 1273; x_wconf 83' lang='lat' dir='ltr'><strong>infrascripto,</strong></span> 
     </span>
     <span class='ocr_line' id='line_1_7' title="bbox 296 1305 1562 1381; baseline 0 -17"><span class='ocrx_word' id='word_1_48' title='bbox 296 1311 444 1381; x_wconf 89' lang='lat' dir='ltr'><strong>petentes,</strong></span> <span class='ocrx_word' id='word_1_49' title='bbox 460 1311 494 1364; x_wconf 90' lang='lat' dir='ltr'><strong>ut</strong></span> <span class='ocrx_word' id='word_1_50' title='bbox 518 1305 646 1366; x_wconf 84' lang='lat' dir='ltr'><strong>easdem</strong></span> <span class='ocrx_word' id='word_1_51' title='bbox 666 1305 705 1363; x_wconf 93' lang='lat' dir='ltr'><strong>de</strong></span> <span class='ocrx_word' id='word_1_52' title='bbox 727 1306 827 1363; x_wconf 92' lang='lat' dir='ltr'><strong>verbo</strong></span> <span class='ocrx_word' id='word_1_53' title='bbox 850 1305 889 1364; x_wconf 90' lang='lat' dir='ltr'><strong>ad</strong></span> <span class='ocrx_word' id='word_1_54' title='bbox 914 1307 1047 1364; x_wconf 89' lang='lat' dir='ltr'><strong>verbum</strong></span> <span class='ocrx_word' id='word_1_55' title='bbox 1070 1307 1255 1366; x_wconf 88' lang='lat' dir='ltr'><strong>transummi</strong></span> <span class='ocrx_word' id='word_1_56' title='bbox 1277 1312 1307 1364; x_wconf 91' lang='lat' dir='ltr'><strong>et</strong></span> <span class='ocrx_word' id='word_1_57' title='bbox 1327 1306 1501 1377; x_wconf 87' lang='lat' dir='ltr'><strong>transcribi,</strong></span> <span class='ocrx_word' id='word_1_58' title='bbox 1525 1321 1562 1364; x_wconf 92' lang='lat' dir='ltr'><strong>ac</strong></span> 
     </span>
     <span class='ocr_line' id='line_1_8' title="bbox 296 1411 1562 1489; baseline -0.002 -17"><span class='ocrx_word' id='word_1_59' title='bbox 296 1413 328 1472; x_wconf 94' lang='lat' dir='ltr'><strong>in</strong></span> <span class='ocrx_word' id='word_1_60' title='bbox 343 1413 471 1489; x_wconf 92' lang='lat' dir='ltr'><strong>publica</strong></span> <span class='ocrx_word' id='word_1_61' title='bbox 487 1411 589 1470; x_wconf 84' lang='lat' dir='ltr'><strong>forma</strong></span> <span class='ocrx_word' id='word_1_62' title='bbox 606 1411 714 1485; x_wconf 80' lang='lat' dir='ltr'><strong>redigi,</strong></span> <span class='ocrx_word' id='word_1_63' title='bbox 730 1411 882 1486; x_wconf 84' lang='lat' dir='ltr'><strong>signoque</strong></span> <span class='ocrx_word' id='word_1_64' title='bbox 897 1417 927 1470; x_wconf 90' lang='lat' dir='ltr'><strong>et</strong></span> <span class='ocrx_word' id='word_1_65' title='bbox 943 1413 1067 1470; x_wconf 89' lang='lat' dir='ltr'><strong>nornine</strong></span> <span class='ocrx_word' id='word_1_66' title='bbox 1083 1414 1196 1472; x_wconf 87' lang='lat' dir='ltr'><strong>nostris</strong></span> <span class='ocrx_word' id='word_1_67' title='bbox 1216 1413 1333 1471; x_wconf 91' lang='lat' dir='ltr'><strong>eisdem</strong></span> <span class='ocrx_word' id='word_1_68' title='bbox 1349 1412 1388 1470; x_wconf 90' lang='lat' dir='ltr'><strong>ad</strong></span> <span class='ocrx_word' id='word_1_69' title='bbox 1406 1413 1562 1471; x_wconf 87' lang='lat' dir='ltr'><strong>cautelam</strong></span> 
     </span>
     <span class='ocr_line' id='line_1_9' title="bbox 297 1517 1559 1592; baseline -0.001 -15"><span class='ocrx_word' id='word_1_70' title='bbox 297 1525 327 1578; x_wconf 93' lang='lat' dir='ltr'><strong>et</strong></span> <span class='ocrx_word' id='word_1_71' title='bbox 349 1519 388 1577; x_wconf 95' lang='lat' dir='ltr'><strong>ad</strong></span> <span class='ocrx_word' id='word_1_72' title='bbox 412 1519 540 1577; x_wconf 89' lang='lat' dir='ltr'><strong>maioris</strong></span> <span class='ocrx_word' id='word_1_73' title='bbox 562 1519 609 1576; x_wconf 91' lang='lat' dir='ltr'><strong>rei</strong></span> <span class='ocrx_word' id='word_1_74' title='bbox 640 1517 833 1576; x_wconf 88' lang='lat' dir='ltr'><strong>evidenciam</strong></span> <span class='ocrx_word' id='word_1_75' title='bbox 856 1517 1013 1578; x_wconf 79' lang='lat' dir='ltr'><strong>traderem</strong></span> <span class='ocrx_word' id='word_1_76' title='bbox 1044 1523 1075 1576; x_wconf 90' lang='lat' dir='ltr'><strong>et</strong></span> <span class='ocrx_word' id='word_1_77' title='bbox 1106 1519 1304 1592; x_wconf 79' lang='lat' dir='ltr'><strong>assignarem,</strong></span> <span class='ocrx_word' id='word_1_78' title='bbox 1338 1519 1382 1576; x_wconf 90' lang='lat' dir='ltr'><strong>ita</strong></span> <span class='ocrx_word' id='word_1_79' title='bbox 1406 1518 1559 1592; x_wconf 87' lang='lat' dir='ltr'><strong>videlicet,</strong></span> 
     </span>
     <span class='ocr_line' id='line_1_10' title="bbox 296 1623 1562 1702; baseline 0 -19"><span class='ocrx_word' id='word_1_80' title='bbox 296 1631 330 1683; x_wconf 86' lang='lat' dir='ltr'><strong>ut</strong></span> <span class='ocrx_word' id='word_1_81' title='bbox 346 1625 414 1699; x_wconf 93' lang='lat' dir='ltr'><strong>ipso</strong></span> <span class='ocrx_word' id='word_1_82' title='bbox 430 1630 628 1698; x_wconf 87' lang='lat' dir='ltr'><strong>transumpto</strong></span> <span class='ocrx_word' id='word_1_83' title='bbox 644 1640 698 1682; x_wconf 94' lang='lat' dir='ltr'><strong>seu</strong></span> <span class='ocrx_word' id='word_1_84' title='bbox 721 1623 850 1701; x_wconf 92' lang='lat' dir='ltr'><strong>publico</strong></span> <span class='ocrx_word' id='word_1_85' title='bbox 871 1625 1053 1698; x_wconf 87' lang='lat' dir='ltr'><strong>exemplari,</strong></span> <span class='ocrx_word' id='word_1_86' title='bbox 1070 1625 1116 1682; x_wconf 94' lang='lat' dir='ltr'><strong>uti</strong></span> <span class='ocrx_word' id='word_1_87' title='bbox 1139 1625 1285 1697; x_wconf 88' lang='lat' dir='ltr'><strong>originali</strong></span> <span class='ocrx_word' id='word_1_88' title='bbox 1306 1641 1371 1697; x_wconf 90' lang='lat' dir='ltr'><strong>suo,</strong></span> <span class='ocrx_word' id='word_1_89' title='bbox 1392 1625 1425 1684; x_wconf 90' lang='lat' dir='ltr'><strong>in</strong></span> <span class='ocrx_word' id='word_1_90' title='bbox 1446 1623 1562 1702; x_wconf 89' lang='lat' dir='ltr'><strong>judicio</strong></span> 
     </span>
    </p>
   </div>
   <div class='ocr_carea' id='block_1_3' title="bbox 296 1730 1672 1813">
    <p class='ocr_par' dir='ltr' id='par_1_3' title="bbox 296 1730 1672 1813">
     <span class='ocr_line' id='line_1_11' title="bbox 296 1730 1672 1813; baseline 0 -23"><span class='ocrx_word' id='word_1_91' title='bbox 296 1739 327 1790; x_wconf 89' lang='lat' dir='ltr'><strong>et</strong></span> <span class='ocrx_word' id='word_1_92' title='bbox 350 1737 436 1790; x_wconf 85' lang='lat' dir='ltr'><strong>extra</strong></span> <span class='ocrx_word' id='word_1_93' title='bbox 458 1731 557 1805; x_wconf 90' lang='lat' dir='ltr'><strong>possit</strong></span> <span class='ocrx_word' id='word_1_94' title='bbox 592 1731 670 1789; x_wconf 90' lang='lat' dir='ltr'><strong>fides</strong></span> <span class='ocrx_word' id='word_1_95' title='bbox 701 1731 842 1805; x_wconf 91' lang='lat' dir='ltr'><strong>plenaria</strong></span> <span class='ocrx_word' id='word_1_96' title='bbox 875 1730 1031 1804; x_wconf 87' lang='lat' dir='ltr'><strong>adhiberi,</strong></span> <span class='ocrx_word' id='word_1_97' title='bbox 1067 1731 1169 1804; x_wconf 91' lang='lat' dir='ltr'><strong>quoad</strong></span> <span class='ocrx_word' id='word_1_98' title='bbox 1203 1731 1300 1806; x_wconf 89' lang='lat' dir='ltr'><strong>ipsius</strong></span> <span class='ocrx_word' id='word_1_99' title='bbox 1332 1731 1451 1790; x_wconf 89' lang='lat' dir='ltr'><strong>domini</strong></span> <span class='ocrx_word' id='word_1_100' title='bbox 1480 1731 1564 1790; x_wconf 89' lang='lat' dir='ltr'><strong>Petri</strong></span> <span class='ocrx_word' id='word_1_101' title='bbox 1669 1805 1672 1813; x_wconf 27' lang='grc'>1</span> 
     </span>
    </p>
   </div>
   <div class='ocr_carea' id='block_1_4' title="bbox 293 1836 1563 3716">
    <p class='ocr_par' dir='ltr' id='par_1_4' title="bbox 293 1836 1563 3716">
     <span class='ocr_line' id='line_1_12' title="bbox 296 1836 1562 1911; baseline 0.001 -16"><span class='ocrx_word' id='word_1_102' title='bbox 296 1843 533 1911; x_wconf 90' lang='lat' dir='ltr'><strong>ceterorumque</strong></span> <span class='ocrx_word' id='word_1_103' title='bbox 556 1836 836 1911; x_wconf 87' lang='lat' dir='ltr'><strong>prebendariorum</strong></span> <span class='ocrx_word' id='word_1_104' title='bbox 860 1837 1079 1895; x_wconf 89' lang='lat' dir='ltr'><strong>exhibeucium</strong></span> <span class='ocrx_word' id='word_1_105' title='bbox 1102 1838 1146 1894; x_wconf 90' lang='lat' dir='ltr'><strong>sic</strong></span> <span class='ocrx_word' id='word_1_106' title='bbox 1170 1837 1209 1896; x_wconf 92' lang='lat' dir='ltr'><strong>de</strong></span> <span class='ocrx_word' id='word_1_107' title='bbox 1231 1838 1329 1896; x_wconf 91' lang='lat' dir='ltr'><strong>verbo</strong></span> <span class='ocrx_word' id='word_1_108' title='bbox 1352 1837 1392 1895; x_wconf 92' lang='lat' dir='ltr'><strong>ad</strong></span> <span class='ocrx_word' id='word_1_109' title='bbox 1416 1838 1562 1910; x_wconf 92' lang='lat' dir='ltr'><strong>verbum,</strong></span> 
     </span>
     <span class='ocr_line' id='line_1_13' title="bbox 296 1942 1562 2017; baseline 0 -15"><span class='ocrx_word' id='word_1_110' title='bbox 296 1943 393 2002; x_wconf 88' lang='lat' dir='ltr'><strong>nichil</strong></span> <span class='ocrx_word' id='word_1_111' title='bbox 416 1942 523 2000; x_wconf 89' lang='lat' dir='ltr'><strong>addito</strong></span> <span class='ocrx_word' id='word_1_112' title='bbox 546 1959 602 2000; x_wconf 91' lang='lat' dir='ltr'><strong>nec</strong></span> <span class='ocrx_word' id='word_1_113' title='bbox 632 1942 794 2014; x_wconf 88' lang='lat' dir='ltr'><strong>diminuto,</strong></span> <span class='ocrx_word' id='word_1_114' title='bbox 827 1942 910 2016; x_wconf 93' lang='lat' dir='ltr'><strong>quod</strong></span> <span class='ocrx_word' id='word_1_115' title='bbox 942 1958 1033 2000; x_wconf 90' lang='lat' dir='ltr'><strong>suum</strong></span> <span class='ocrx_word' id='word_1_116' title='bbox 1065 1943 1211 2000; x_wconf 88' lang='lat' dir='ltr'><strong>immutet</strong></span> <span class='ocrx_word' id='word_1_117' title='bbox 1240 1957 1376 2017; x_wconf 89' lang='lat' dir='ltr'><strong>sensum,</strong></span> <span class='ocrx_word' id='word_1_118' title='bbox 1408 1943 1562 2016; x_wconf 89' lang='lat' dir='ltr'><strong>vicietque</strong></span> 
     </span>
     <span class='ocr_line' id='line_1_14' title="bbox 296 2048 1563 2123; baseline -0.002 -15"><span class='ocrx_word' id='word_1_119' title='bbox 296 2053 350 2108; x_wconf 89' lang='lat' dir='ltr'><strong>aut</strong></span> <span class='ocrx_word' id='word_1_120' title='bbox 372 2051 471 2108; x_wconf 88' lang='lat' dir='ltr'><strong>variet</strong></span> <span class='ocrx_word' id='word_1_121' title='bbox 499 2049 690 2108; x_wconf 89' lang='lat' dir='ltr'><strong>intellectum</strong></span> <span class='ocrx_word' id='word_1_122' title='bbox 714 2065 768 2107; x_wconf 92' lang='lat' dir='ltr'><strong>seu</strong></span> <span class='ocrx_word' id='word_1_123' title='bbox 791 2048 869 2107; x_wconf 91' lang='lat' dir='ltr'><strong>alias</strong></span> <span class='ocrx_word' id='word_1_124' title='bbox 892 2050 1068 2119; x_wconf 92' lang='lat' dir='ltr'><strong>immutare,</strong></span> <span class='ocrx_word' id='word_1_125' title='bbox 1091 2049 1214 2107; x_wconf 90' lang='lat' dir='ltr'><strong>variare</strong></span> <span class='ocrx_word' id='word_1_126' title='bbox 1237 2055 1290 2107; x_wconf 91' lang='lat' dir='ltr'><strong>aut</strong></span> <span class='ocrx_word' id='word_1_127' title='bbox 1313 2049 1428 2108; x_wconf 90' lang='lat' dir='ltr'><strong>viciare</strong></span> <span class='ocrx_word' id='word_1_128' title='bbox 1458 2053 1563 2123; x_wconf 89' lang='lat' dir='ltr'><strong>posset</strong></span> 
     </span>
     <span class='ocr_line' id='line_1_15' title="bbox 296 2153 1562 2228; baseline 0 -15"><span class='ocrx_word' id='word_1_129' title='bbox 296 2155 394 2214; x_wconf 91' lang='lat' dir='ltr'><strong>modo</strong></span> <span class='ocrx_word' id='word_1_130' title='bbox 409 2156 540 2228; x_wconf 90' lang='lat' dir='ltr'><strong>aliquali</strong></span> <span class='ocrx_word' id='word_1_131' title='bbox 562 2156 688 2214; x_wconf 91' lang='lat' dir='ltr'><strong>realiter</strong></span> <span class='ocrx_word' id='word_1_132' title='bbox 704 2171 776 2214; x_wconf 92' lang='lat' dir='ltr'><strong>cum</strong></span> <span class='ocrx_word' id='word_1_133' title='bbox 792 2156 911 2213; x_wconf 84' lang='lat' dir='ltr'><strong>effectu.</strong></span> <span class='ocrx_word' id='word_1_134' title='bbox 928 2154 1070 2227; x_wconf 83' lang='lat' dir='ltr'><strong>Quarum</strong></span> <span class='ocrx_word' id='word_1_135' title='bbox 1093 2153 1221 2228; x_wconf 91' lang='lat' dir='ltr'><strong>quidem</strong></span> <span class='ocrx_word' id='word_1_136' title='bbox 1245 2155 1421 2212; x_wconf 88' lang='lat' dir='ltr'><strong>litterarum</strong></span> <span class='ocrx_word' id='word_1_137' title='bbox 1444 2159 1562 2214; x_wconf 90' lang='lat' dir='ltr'><strong>senten·</strong></span> 
     </span>
     <span class='ocr_line' id='line_1_16' title="bbox 296 2260 1560 2334; baseline -0.001 -15"><span class='ocrx_word' id='word_1_138' title='bbox 296 2262 423 2319; x_wconf 91' lang='lat' dir='ltr'><strong>cialium</strong></span> <span class='ocrx_word' id='word_1_139' title='bbox 446 2278 500 2320; x_wconf 91' lang='lat' dir='ltr'><strong>seu</strong></span> <span class='ocrx_word' id='word_1_140' title='bbox 523 2261 819 2320; x_wconf 89' lang='lat' dir='ltr'><strong>adiudicatoriarum</strong></span> <span class='ocrx_word' id='word_1_141' title='bbox 841 2268 928 2320; x_wconf 87' lang='lat' dir='ltr'><strong>tenor</strong></span> <span class='ocrx_word' id='word_1_142' title='bbox 951 2260 989 2318; x_wconf 93' lang='lat' dir='ltr'><strong>de</strong></span> <span class='ocrx_word' id='word_1_143' title='bbox 1013 2261 1110 2319; x_wconf 91' lang='lat' dir='ltr'><strong>verbo</strong></span> <span class='ocrx_word' id='word_1_144' title='bbox 1134 2260 1173 2318; x_wconf 91' lang='lat' dir='ltr'><strong>ad</strong></span> <span class='ocrx_word' id='word_1_145' title='bbox 1198 2261 1331 2320; x_wconf 90' lang='lat' dir='ltr'><strong>verbum</strong></span> <span class='ocrx_word' id='word_1_146' title='bbox 1359 2262 1498 2334; x_wconf 90' lang='lat' dir='ltr'><strong>sequitur</strong></span> <span class='ocrx_word' id='word_1_147' title='bbox 1530 2267 1560 2319; x_wconf 93' lang='lat' dir='ltr'><strong>et</strong></span> 
     </span>
     <span class='ocr_line' id='line_1_17' title="bbox 295 2359 1561 2450; baseline -0.001 -25"><span class='ocrx_word' id='word_1_148' title='bbox 295 2373 342 2425; x_wconf 90' lang='lat' dir='ltr'><strong>est</strong></span> <span class='ocrx_word' id='word_1_149' title='bbox 369 2367 455 2428; x_wconf 87' lang='lat' dir='ltr'><strong>talis:</strong></span> <span class='ocrx_word' id='word_1_150' title='bbox 478 2360 570 2446; x_wconf 86' lang='lat' dir='ltr'><strong>(Vide</strong></span> <span class='ocrx_word' id='word_1_151' title='bbox 592 2366 659 2426; x_wconf 92' lang='lat' dir='ltr'><strong>doc.</strong></span> <span class='ocrx_word' id='word_1_152' title='bbox 683 2381 734 2442; x_wconf 82' lang='lat'><strong>53.</strong></span> <span class='ocrx_word' id='word_1_153' title='bbox 757 2383 838 2425; x_wconf 92' lang='lat' dir='ltr'><strong>anno</strong></span> <span class='ocrx_word' id='word_1_154' title='bbox 865 2367 955 2442; x_wconf 81' lang='lat'>1428.</span> <span class='ocrx_word' id='word_1_155' title='bbox 978 2385 1008 2443; x_wconf 88' lang='lat'><strong>4.</strong></span> <span class='ocrx_word' id='word_1_156' title='bbox 1032 2359 1136 2450; x_wconf 85' lang='lat' dir='ltr'><strong>Junii).</strong></span> <span class='ocrx_word' id='word_1_157' title='bbox 1160 2367 1194 2425; x_wconf 92' lang='lat' dir='ltr'><strong>ln</strong></span> <span class='ocrx_word' id='word_1_158' title='bbox 1211 2382 1345 2440; x_wconf 93' lang='lat' dir='ltr'><strong>quorum</strong></span> <span class='ocrx_word' id='word_1_159' title='bbox 1361 2367 1561 2440; x_wconf 84' lang='lat' dir='ltr'><strong>singulorum</strong></span> 
     </span>
     <span class='ocr_line' id='line_1_18' title="bbox 296 2470 1559 2548; baseline -0.002 -15"><span class='ocrx_word' id='word_1_160' title='bbox 296 2475 437 2533; x_wconf 89' lang='lat' dir='ltr'><strong>omnium</strong></span> <span class='ocrx_word' id='word_1_161' title='bbox 459 2470 554 2532; x_wconf 88' lang='lat' dir='ltr'><strong>fidem</strong></span> <span class='ocrx_word' id='word_1_162' title='bbox 578 2479 608 2532; x_wconf 91' lang='lat' dir='ltr'><strong>et</strong></span> <span class='ocrx_word' id='word_1_163' title='bbox 631 2475 843 2533; x_wconf 89' lang='lat' dir='ltr'><strong>testimonium</strong></span> <span class='ocrx_word' id='word_1_164' title='bbox 867 2475 1093 2548; x_wconf 89' lang='lat' dir='ltr'><strong>premissorum</strong></span> <span class='ocrx_word' id='word_1_165' title='bbox 1116 2479 1273 2547; x_wconf 91' lang='lat' dir='ltr'><strong>presentes</strong></span> <span class='ocrx_word' id='word_1_166' title='bbox 1307 2474 1427 2532; x_wconf 87' lang='lat' dir='ltr'><strong>litteras</strong></span> <span class='ocrx_word' id='word_1_167' title='bbox 1461 2474 1559 2548; x_wconf 87' lang='lat' dir='ltr'><strong>ipsius</strong></span> 
     </span>
     <span class='ocr_line' id='line_1_19' title="bbox 296 2579 1560 2664; baseline -0.002 -24"><span class='ocrx_word' id='word_1_168' title='bbox 296 2581 415 2640; x_wconf 90' lang='lat' dir='ltr'><strong>domini</strong></span> <span class='ocrx_word' id='word_1_169' title='bbox 429 2581 577 2664; x_wconf 91' lang='lat' dir='ltr'><strong>Johannis</strong></span> <span class='ocrx_word' id='word_1_170' title='bbox 593 2580 731 2655; x_wconf 83' lang='lat' dir='ltr'><strong>episcopi</strong></span> <span class='ocrx_word' id='word_1_171' title='bbox 747 2580 925 2638; x_wconf 90' lang='lat' dir='ltr'><strong>huiusmodi</strong></span> <span class='ocrx_word' id='word_1_172' title='bbox 945 2581 1115 2638; x_wconf 88' lang='lat' dir='ltr'><strong>sentencias</strong></span> <span class='ocrx_word' id='word_1_173' title='bbox 1131 2581 1162 2637; x_wconf 90' lang='lat' dir='ltr'><strong>in</strong></span> <span class='ocrx_word' id='word_1_174' title='bbox 1178 2595 1210 2637; x_wconf 92' lang='lat' dir='ltr'><strong>se</strong></span> <span class='ocrx_word' id='word_1_175' title='bbox 1226 2581 1424 2652; x_wconf 90' lang='lat' dir='ltr'><strong>continentes,</strong></span> <span class='ocrx_word' id='word_1_176' title='bbox 1442 2579 1560 2638; x_wconf 89' lang='lat' dir='ltr'><strong>eisdem</strong></span> 
     </span>
     <span class='ocr_line' id='line_1_20' title="bbox 298 2685 1560 2762; baseline -0.002 -16"><span class='ocrx_word' id='word_1_177' title='bbox 298 2687 425 2760; x_wconf 84' lang='lat' dir='ltr'><strong>confeci,</strong></span> <span class='ocrx_word' id='word_1_178' title='bbox 461 2687 631 2762; x_wconf 90' lang='lat' dir='ltr'><strong>publicavi,</strong></span> <span class='ocrx_word' id='word_1_179' title='bbox 663 2687 833 2761; x_wconf 90' lang='lat' dir='ltr'><strong>subscripsi</strong></span> <span class='ocrx_word' id='word_1_180' title='bbox 865 2691 895 2745; x_wconf 92' lang='lat' dir='ltr'><strong>et</strong></span> <span class='ocrx_word' id='word_1_181' title='bbox 924 2687 955 2744; x_wconf 92' lang='lat' dir='ltr'><strong>in</strong></span> <span class='ocrx_word' id='word_1_182' title='bbox 985 2687 1065 2744; x_wconf 89' lang='lat' dir='ltr'><strong>hanc</strong></span> <span class='ocrx_word' id='word_1_183' title='bbox 1097 2685 1233 2746; x_wconf 86' lang='lat' dir='ltr'><strong>formam</strong></span> <span class='ocrx_word' id='word_1_184' title='bbox 1263 2687 1425 2760; x_wconf 89' lang='lat' dir='ltr'><strong>publicam</strong></span> <span class='ocrx_word' id='word_1_185' title='bbox 1454 2685 1560 2759; x_wconf 87' lang='lat' dir='ltr'><strong>redegi</strong></span> 
     </span>
     <span class='ocr_line' id='line_1_21' title="bbox 295 2791 1560 2867; baseline 0.001 -16"><span class='ocrx_word' id='word_1_186' title='bbox 295 2793 445 2866; x_wconf 88' lang='lat' dir='ltr'><strong>signoque</strong></span> <span class='ocrx_word' id='word_1_187' title='bbox 468 2807 538 2850; x_wconf 89' lang='lat' dir='ltr'><strong>meo</strong></span> <span class='ocrx_word' id='word_1_188' title='bbox 569 2797 716 2851; x_wconf 92' lang='lat' dir='ltr'><strong>consveto</strong></span> <span class='ocrx_word' id='word_1_189' title='bbox 748 2793 935 2866; x_wconf 89' lang='lat' dir='ltr'><strong>consignavi,</strong></span> <span class='ocrx_word' id='word_1_190' title='bbox 967 2791 1077 2849; x_wconf 90' lang='lat' dir='ltr'><strong>eodem</strong></span> <span class='ocrx_word' id='word_1_191' title='bbox 1109 2791 1236 2850; x_wconf 91' lang='lat' dir='ltr'><strong>domino</strong></span> <span class='ocrx_word' id='word_1_192' title='bbox 1267 2791 1357 2850; x_wconf 89' lang='lat' dir='ltr'><strong>Petro</strong></span> <span class='ocrx_word' id='word_1_193' title='bbox 1389 2793 1560 2867; x_wconf 89' lang='lat' dir='ltr'><strong>ceterisque</strong></span> 
     </span>
     <span class='ocr_line' id='line_1_22' title="bbox 294 2897 1559 2973; baseline 0.001 -16"><span class='ocrx_word' id='word_1_194' title='bbox 294 2898 509 2973; x_wconf 91' lang='lat' dir='ltr'><strong>prebendariis</strong></span> <span class='ocrx_word' id='word_1_195' title='bbox 533 2898 607 2956; x_wconf 90' lang='lat' dir='ltr'><strong>duxi</strong></span> <span class='ocrx_word' id='word_1_196' title='bbox 632 2897 864 2956; x_wconf 88' lang='lat' dir='ltr'><strong>concedendum</strong></span> <span class='ocrx_word' id='word_1_197' title='bbox 886 2897 926 2956; x_wconf 93' lang='lat' dir='ltr'><strong>ad</strong></span> <span class='ocrx_word' id='word_1_198' title='bbox 949 2899 1110 2958; x_wconf 88' lang='lat' dir='ltr'><strong>cautelam.</strong></span> <span class='ocrx_word' id='word_1_199' title='bbox 1134 2900 1251 2958; x_wconf 92' lang='lat' dir='ltr'><strong>Datum</strong></span> <span class='ocrx_word' id='word_1_200' title='bbox 1274 2905 1304 2958; x_wconf 91' lang='lat' dir='ltr'><strong>et</strong></span> <span class='ocrx_word' id='word_1_201' title='bbox 1337 2906 1440 2958; x_wconf 90' lang='lat' dir='ltr'><strong>actum</strong></span> <span class='ocrx_word' id='word_1_202' title='bbox 1470 2915 1559 2971; x_wconf 92' lang='lat' dir='ltr'><strong>anno,</strong></span> 
     </span>
     <span class='ocr_line' id='line_1_23' title="bbox 293 3003 1559 3080; baseline 0 -16"><span class='ocrx_word' id='word_1_203' title='bbox 293 3005 473 3076; x_wconf 90' lang='lat' dir='ltr'><strong>indiccione,</strong></span> <span class='ocrx_word' id='word_1_204' title='bbox 490 3003 548 3076; x_wconf 89' lang='lat' dir='ltr'><strong>die,</strong></span> <span class='ocrx_word' id='word_1_205' title='bbox 567 3020 682 3076; x_wconf 91' lang='lat' dir='ltr'><strong>mense,</strong></span> <span class='ocrx_word' id='word_1_206' title='bbox 699 3005 784 3076; x_wconf 89' lang='lat' dir='ltr'><strong>hora,</strong></span> <span class='ocrx_word' id='word_1_207' title='bbox 801 3004 998 3079; x_wconf 89' lang='lat' dir='ltr'><strong>pontificatus</strong></span> <span class='ocrx_word' id='word_1_208' title='bbox 1022 3013 1052 3063; x_wconf 93' lang='lat' dir='ltr'><strong>et</strong></span> <span class='ocrx_word' id='word_1_209' title='bbox 1073 3006 1143 3064; x_wconf 93' lang='lat' dir='ltr'><strong>loco</strong></span> <span class='ocrx_word' id='word_1_210' title='bbox 1167 3007 1282 3080; x_wconf 90' lang='lat' dir='ltr'><strong>quibus</strong></span> <span class='ocrx_word' id='word_1_211' title='bbox 1304 3022 1408 3079; x_wconf 87' lang='lat' dir='ltr'><strong>supra.</strong></span> <span class='ocrx_word' id='word_1_212' title='bbox 1432 3007 1559 3066; x_wconf 91' lang='lat' dir='ltr'><strong>Presen·</strong></span> 
     </span>
     <span class='ocr_line' id='line_1_24' title="bbox 294 3110 1557 3187; baseline 0 -17"><span class='ocrx_word' id='word_1_213' title='bbox 294 3113 378 3170; x_wconf 89' lang='lat' dir='ltr'><strong>tibus</strong></span> <span class='ocrx_word' id='word_1_214' title='bbox 394 3111 498 3184; x_wconf 91' lang='lat' dir='ltr'><strong>itaque</strong></span> <span class='ocrx_word' id='word_1_215' title='bbox 513 3111 752 3170; x_wconf 86' lang='lat' dir='ltr'><strong>honorabilibus</strong></span> <span class='ocrx_word' id='word_1_216' title='bbox 767 3117 797 3168; x_wconf 87' lang='lat' dir='ltr'><strong>et</strong></span> <span class='ocrx_word' id='word_1_217' title='bbox 813 3110 952 3170; x_wconf 89' lang='lat' dir='ltr'><strong>discretis</strong></span> <span class='ocrx_word' id='word_1_218' title='bbox 968 3113 1052 3184; x_wconf 91' lang='lat' dir='ltr'><strong>viris,</strong></span> <span class='ocrx_word' id='word_1_219' title='bbox 1069 3112 1218 3171; x_wconf 89' lang='lat' dir='ltr'><strong>dominis:</strong></span> <span class='ocrx_word' id='word_1_220' title='bbox 1235 3114 1384 3186; x_wconf 90' lang='lat' dir='ltr'><strong>magistro</strong></span> <span class='ocrx_word' id='word_1_221' title='bbox 1401 3112 1557 3187; x_wconf 87' lang='lat' dir='ltr'><strong>Stephano</strong></span> 
     </span>
     <span class='ocr_line' id='line_1_25' title="bbox 295 3216 1560 3292; baseline 0.001 -16"><span class='ocrx_word' id='word_1_222' title='bbox 295 3219 441 3276; x_wconf 91' lang='lat' dir='ltr'><strong>canonico</strong></span> <span class='ocrx_word' id='word_1_223' title='bbox 479 3217 606 3276; x_wconf 90' lang='lat' dir='ltr'><strong>ecclesie</strong></span> <span class='ocrx_word' id='word_1_224' title='bbox 640 3217 804 3290; x_wconf 87' lang='lat' dir='ltr'><strong>collegiate</strong></span> <span class='ocrx_word' id='word_1_225' title='bbox 835 3218 931 3275; x_wconf 88' lang='lat' dir='ltr'><strong>sancti</strong></span> <span class='ocrx_word' id='word_1_226' title='bbox 962 3216 1097 3292; x_wconf 90' lang='lat' dir='ltr'><strong>Spiritus</strong></span> <span class='ocrx_word' id='word_1_227' title='bbox 1131 3220 1319 3276; x_wconf 90' lang='lat' dir='ltr'><strong>chasmensis</strong></span> <span class='ocrx_word' id='word_1_228' title='bbox 1350 3225 1381 3278; x_wconf 90' lang='lat' dir='ltr'><strong>et</strong></span> <span class='ocrx_word' id='word_1_229' title='bbox 1411 3219 1560 3292; x_wconf 86' lang='lat' dir='ltr'><strong>magistro</strong></span> 
     </span>
     <span class='ocr_line' id='line_1_26' title="bbox 294 3321 1559 3399; baseline -0.001 -16"><span class='ocrx_word' id='word_1_230' title='bbox 294 3324 458 3399; x_wconf 89' lang='lat' dir='ltr'><strong>hospitalis</strong></span> <span class='ocrx_word' id='word_1_231' title='bbox 474 3325 564 3382; x_wconf 92' lang='lat' dir='ltr'><strong>beate</strong></span> <span class='ocrx_word' id='word_1_232' title='bbox 579 3322 739 3381; x_wconf 89' lang='lat' dir='ltr'><strong>Elisabeth</strong></span> <span class='ocrx_word' id='word_1_233' title='bbox 756 3329 785 3380; x_wconf 91' lang='lat' dir='ltr'><strong>et</strong></span> <span class='ocrx_word' id='word_1_234' title='bbox 800 3321 966 3397; x_wconf 89' lang='lat' dir='ltr'><strong>Stephan0,</strong></span> <span class='ocrx_word' id='word_1_235' title='bbox 990 3323 1057 3382; x_wconf 88' lang='lat' dir='ltr'><strong>filio</strong></span> <span class='ocrx_word' id='word_1_236' title='bbox 1079 3324 1167 3382; x_wconf 90' lang='lat' dir='ltr'><strong>Pauli</strong></span> <span class='ocrx_word' id='word_1_237' title='bbox 1183 3324 1221 3381; x_wconf 91' lang='lat' dir='ltr'><strong>de</strong></span> <span class='ocrx_word' id='word_1_238' title='bbox 1252 3323 1406 3396; x_wconf 87' lang='lat' dir='ltr'><strong>Kemlwk,</strong></span> <span class='ocrx_word' id='word_1_239' title='bbox 1429 3325 1559 3397; x_wconf 90' lang='lat' dir='ltr'><strong>Thoma,</strong></span> 
     </span>
     <span class='ocr_line' id='line_1_27' title="bbox 294 3428 1560 3511; baseline -0.001 -22"><span class='ocrx_word' id='word_1_240' title='bbox 294 3431 362 3489; x_wconf 90' lang='lat' dir='ltr'><strong>filio</strong></span> <span class='ocrx_word' id='word_1_241' title='bbox 385 3430 479 3488; x_wconf 86' lang='lat' dir='ltr'><strong>Blasii</strong></span> <span class='ocrx_word' id='word_1_242' title='bbox 502 3430 540 3488; x_wconf 93' lang='lat' dir='ltr'><strong>de</strong></span> <span class='ocrx_word' id='word_1_243' title='bbox 563 3430 715 3500; x_wconf 92' lang='lat' dir='ltr'><strong>Dumbro,</strong></span> <span class='ocrx_word' id='word_1_244' title='bbox 739 3429 899 3501; x_wconf 90' lang='lat' dir='ltr'><strong>Gregorio,</strong></span> <span class='ocrx_word' id='word_1_245' title='bbox 924 3428 991 3486; x_wconf 88' lang='lat' dir='ltr'><strong>filio</strong></span> <span class='ocrx_word' id='word_1_246' title='bbox 1012 3429 1162 3511; x_wconf 92' lang='lat' dir='ltr'><strong>Johannis</strong></span> <span class='ocrx_word' id='word_1_247' title='bbox 1194 3429 1232 3487; x_wconf 90' lang='lat' dir='ltr'><strong>de</strong></span> <span class='ocrx_word' id='word_1_248' title='bbox 1256 3431 1493 3503; x_wconf 85' lang='lat' dir='ltr'><strong>Megywrechye</strong></span> <span class='ocrx_word' id='word_1_249' title='bbox 1524 3446 1560 3488; x_wconf 92' lang='lat' dir='ltr'><strong>ac</strong></span> 
     </span>
     <span class='ocr_line' id='line_1_28' title="bbox 294 3535 1559 3609; baseline -0.002 -13"><span class='ocrx_word' id='word_1_250' title='bbox 294 3539 395 3596; x_wconf 91' lang='lat' dir='ltr'><strong>altero</strong></span> <span class='ocrx_word' id='word_1_251' title='bbox 418 3537 578 3609; x_wconf 90' lang='lat' dir='ltr'><strong>Gregorio,</strong></span> <span class='ocrx_word' id='word_1_252' title='bbox 601 3536 669 3595; x_wconf 90' lang='lat' dir='ltr'><strong>filio</strong></span> <span class='ocrx_word' id='word_1_253' title='bbox 694 3536 782 3594; x_wconf 88' lang='lat' dir='ltr'><strong>Pauli</strong></span> <span class='ocrx_word' id='word_1_254' title='bbox 804 3535 842 3592; x_wconf 93' lang='lat' dir='ltr'><strong>de</strong></span> <span class='ocrx_word' id='word_1_255' title='bbox 865 3535 983 3593; x_wconf 89' lang='lat' dir='ltr'><strong>Zenche</strong></span> <span class='ocrx_word' id='word_1_256' title='bbox 1014 3536 1134 3593; x_wconf 89' lang='lat' dir='ltr'><strong>clericis</strong></span> <span class='ocrx_word' id='word_1_257' title='bbox 1164 3537 1371 3609; x_wconf 88' lang='lat' dir='ltr'><strong>zagrabiensis</strong></span> <span class='ocrx_word' id='word_1_258' title='bbox 1402 3536 1559 3608; x_wconf 91' lang='lat' dir='ltr'><strong>dioecesis,</strong></span> 
     </span>
     <span class='ocr_line' id='line_1_29' title="bbox 294 3641 1407 3716; baseline -0.002 -13"><span class='ocrx_word' id='word_1_259' title='bbox 294 3645 424 3703; x_wconf 88' lang='lat' dir='ltr'><strong>testibus</strong></span> <span class='ocrx_word' id='word_1_260' title='bbox 454 3642 627 3716; x_wconf 89' lang='lat' dir='ltr'><strong>fidedignis,</strong></span> <span class='ocrx_word' id='word_1_261' title='bbox 650 3642 689 3700; x_wconf 91' lang='lat' dir='ltr'><strong>ad</strong></span> <span class='ocrx_word' id='word_1_262' title='bbox 713 3641 866 3716; x_wconf 89' lang='lat' dir='ltr'><strong>premissa</strong></span> <span class='ocrx_word' id='word_1_263' title='bbox 889 3643 1006 3700; x_wconf 90' lang='lat' dir='ltr'><strong>vocatis</strong></span> <span class='ocrx_word' id='word_1_264' title='bbox 1029 3643 1207 3715; x_wconf 80' lang='lat' dir='ltr'><strong>specialiter</strong></span> <span class='ocrx_word' id='word_1_265' title='bbox 1230 3648 1260 3700; x_wconf 89' lang='lat' dir='ltr'><strong>et</strong></span> <span class='ocrx_word' id='word_1_266' title='bbox 1281 3644 1407 3716; x_wconf 87' lang='lat' dir='ltr'><strong>rogatis.</strong></span> 
     </span>
    </p>
   </div>
   <div class='ocr_carea' id='block_1_5' title="bbox 400 3777 1487 3844">
    <p class='ocr_par' dir='ltr' id='par_1_5' title="bbox 400 3777 1487 3844">
     <span class='ocr_line' id='line_1_30' title="bbox 400 3777 1487 3844; baseline -0.001 -15"><span class='ocrx_word' id='word_1_267' title='bbox 400 3779 533 3843; x_wconf 84' lang='lat' dir='ltr'><strong>Originale</strong></span> <span class='ocrx_word' id='word_1_268' title='bbox 551 3780 578 3830; x_wconf 91' lang='lat' dir='ltr'><strong>in</strong></span> <span class='ocrx_word' id='word_1_269' title='bbox 597 3779 692 3836; x_wconf 85' lang='lat' dir='ltr'><strong>charta,</strong></span> <span class='ocrx_word' id='word_1_270' title='bbox 712 3793 802 3844; x_wconf 89' lang='lat' dir='ltr'><strong>parum</strong></span> <span class='ocrx_word' id='word_1_271' title='bbox 820 3778 944 3832; x_wconf 86' lang='lat' dir='ltr'><strong>attritum.</strong></span> <span class='ocrx_word' id='word_1_272' title='bbox 963 3780 995 3826; x_wconf 92' lang='lat' dir='ltr'><strong>In</strong></span> <span class='ocrx_word' id='word_1_273' title='bbox 1013 3778 1108 3829; x_wconf 87' lang='lat' dir='ltr'><strong>archiv.</strong></span> <span class='ocrx_word' id='word_1_274' title='bbox 1129 3777 1219 3830; x_wconf 84' lang='lat' dir='ltr'><strong>honor.</strong></span> <span class='ocrx_word' id='word_1_275' title='bbox 1239 3777 1298 3830; x_wconf 89' lang='lat' dir='ltr'><strong>coll.</strong></span> <span class='ocrx_word' id='word_1_276' title='bbox 1318 3777 1487 3829; x_wconf 86' lang='lat' dir='ltr'><strong>Praebendar.</strong></span> 
     </span>
    </p>
   </div>
   <div class='ocr_carea' id='block_1_6' title="bbox 399 4009 950 4164">
    <p class='ocr_par' dir='ltr' id='par_1_6' title="bbox 399 4009 950 4164">
     <span class='ocr_line' id='line_1_31' title="bbox 896 4009 950 4075; baseline -0.019 0"><span class='ocrx_word' id='word_1_277' title='bbox 896 4009 950 4075; x_wconf 90' lang='lat'><strong>55.</strong></span> 
     </span>
     <span class='ocr_line' id='line_1_32' title="bbox 399 4100 575 4164; baseline 0.023 -16"><span class='ocrx_word' id='word_1_278' title='bbox 399 4100 480 4148; x_wconf 88' lang='lat' dir='ltr'><strong>Anno</strong></span> <span class='ocrx_word' id='word_1_279' title='bbox 501 4112 575 4164; x_wconf 88' lang='lat'>1429.</span> 
     </span>
    </p>
   </div>
   <div class='ocr_carea' id='block_1_7' title="bbox 344 4224 1514 4299">
    <p class='ocr_par' dir='ltr' id='par_1_7' title="bbox 344 4224 1514 4299">
     <span class='ocr_line' id='line_1_33' title="bbox 344 4224 1514 4299; baseline -0.004 -14"><span class='ocrx_word' id='word_1_280' title='bbox 344 4227 536 4285; x_wconf 83' lang='lat' dir='ltr'><strong>Communitas</strong></span> <span class='ocrx_word' id='word_1_281' title='bbox 558 4227 685 4284; x_wconf 79' lang='lat' dir='ltr'><strong>civitatis</strong></span> <span class='ocrx_word' id='word_1_282' title='bbox 700 4226 853 4299; x_wconf 82' lang='lat' dir='ltr'><strong>praecipit,</strong></span> <span class='ocrx_word' id='word_1_283' title='bbox 876 4224 1015 4298; x_wconf 81' lang='lat' dir='ltr'><strong>quomodo</strong></span> <span class='ocrx_word' id='word_1_284' title='bbox 1037 4225 1131 4281; x_wconf 81' lang='lat' dir='ltr'><strong>claves</strong></span> <span class='ocrx_word' id='word_1_285' title='bbox 1154 4224 1342 4280; x_wconf 67' lang='lat' dir='ltr'><strong>munitionum</strong></span> <span class='ocrx_word' id='word_1_286' title='bbox 1358 4229 1514 4280; x_wconf 78' lang='lat' dir='ltr'><strong>serventur.</strong></span> 
     </span>
    </p>
   </div>
   <div class='ocr_carea' id='block_1_8' title="bbox 291 4366 1559 4972">
    <p class='ocr_par' dir='ltr' id='par_1_8' title="bbox 291 4366 1559 4972">
     <span class='ocr_line' id='line_1_34' title="bbox 398 4366 1558 4427; baseline -0.003 0"><span class='ocrx_word' id='word_1_287' title='bbox 398 4369 432 4427; x_wconf 92' lang='lat' dir='ltr'><strong>In</strong></span> <span class='ocrx_word' id='word_1_288' title='bbox 455 4370 579 4427; x_wconf 91' lang='lat' dir='ltr'><strong>nomine</strong></span> <span class='ocrx_word' id='word_1_289' title='bbox 603 4367 730 4426; x_wconf 92' lang='lat' dir='ltr'><strong>domini.</strong></span> <span class='ocrx_word' id='word_1_290' title='bbox 756 4369 865 4426; x_wconf 85' lang='lat' dir='ltr'><strong>Amen.</strong></span> <span class='ocrx_word' id='word_1_291' title='bbox 894 4369 985 4425; x_wconf 89' lang='lat' dir='ltr'><strong>Anno</strong></span> <span class='ocrx_word' id='word_1_292' title='bbox 1015 4367 1188 4426; x_wconf 89' lang='lat' dir='ltr'><strong>nativitatis</strong></span> <span class='ocrx_word' id='word_1_293' title='bbox 1220 4366 1358 4424; x_wconf 91' lang='lat' dir='ltr'><strong>eiusdem</strong></span> <span class='ocrx_word' id='word_1_294' title='bbox 1389 4366 1558 4424; x_wconf 88' lang='lat' dir='ltr'><strong>millesimo</strong></span> 
     </span>
     <span class='ocr_line' id='line_1_35' title="bbox 293 4471 1559 4549; baseline -0.002 -16"><span class='ocrx_word' id='word_1_295' title='bbox 293 4475 601 4549; x_wconf 90' lang='lat' dir='ltr'><strong>quadringentesimo</strong></span> <span class='ocrx_word' id='word_1_296' title='bbox 624 4475 777 4547; x_wconf 90' lang='lat' dir='ltr'><strong>vigesimo</strong></span> <span class='ocrx_word' id='word_1_297' title='bbox 800 4489 889 4532; x_wconf 91' lang='lat' dir='ltr'><strong>nono.</strong></span> <span class='ocrx_word' id='word_1_298' title='bbox 916 4474 1071 4546; x_wconf 87' lang='lat' dir='ltr'><strong>Tempore</strong></span> <span class='ocrx_word' id='word_1_299' title='bbox 1101 4471 1256 4548; x_wconf 87' lang='lat' dir='ltr'><strong>judicatus</strong></span> <span class='ocrx_word' id='word_1_300' title='bbox 1287 4473 1347 4530; x_wconf 89' lang='lat' dir='ltr'><strong>viri</strong></span> <span class='ocrx_word' id='word_1_301' title='bbox 1379 4472 1505 4546; x_wconf 83' lang='lat' dir='ltr'><strong>providi</strong></span> <span class='ocrx_word' id='word_1_302' title='bbox 1528 4479 1559 4533; x_wconf 93' lang='lat' dir='ltr'><strong>et</strong></span> 
     </span>
     <span class='ocr_line' id='line_1_36' title="bbox 292 4577 1558 4656; baseline -0.002 -17"><span class='ocrx_word' id='word_1_303' title='bbox 292 4583 526 4656; x_wconf 88' lang='lat' dir='ltr'><strong>circumsprecti</strong></span> <span class='ocrx_word' id='word_1_304' title='bbox 550 4581 709 4638; x_wconf 92' lang='lat' dir='ltr'><strong>Michaelis</strong></span> <span class='ocrx_word' id='word_1_305' title='bbox 733 4579 858 4654; x_wconf 90' lang='lat' dir='ltr'><strong>pridem</strong></span> <span class='ocrx_word' id='word_1_306' title='bbox 882 4585 912 4636; x_wconf 92' lang='lat' dir='ltr'><strong>et</strong></span> <span class='ocrx_word' id='word_1_307' title='bbox 934 4595 1015 4638; x_wconf 91' lang='lat' dir='ltr'><strong>nunc</strong></span> <span class='ocrx_word' id='word_1_308' title='bbox 1037 4577 1149 4654; x_wconf 86' lang='lat' dir='ltr'><strong>judicis</strong></span> <span class='ocrx_word' id='word_1_309' title='bbox 1180 4579 1313 4637; x_wconf 89' lang='lat' dir='ltr'><strong>civitatis</strong></span> <span class='ocrx_word' id='word_1_310' title='bbox 1336 4578 1452 4636; x_wconf 89' lang='lat' dir='ltr'><strong>montis</strong></span> <span class='ocrx_word' id='word_1_311' title='bbox 1481 4577 1558 4636; x_wconf 92' lang='lat' dir='ltr'><strong>Gre-</strong></span> 
     </span>
     <span class='ocr_line' id='line_1_37' title="bbox 292 4685 1558 4760; baseline -0.002 -15"><span class='ocrx_word' id='word_1_312' title='bbox 292 4687 399 4758; x_wconf 91' lang='lat' dir='ltr'><strong>censis,</strong></span> <span class='ocrx_word' id='word_1_313' title='bbox 415 4703 542 4760; x_wconf 88' lang='lat' dir='ltr'><strong>presens</strong></span> <span class='ocrx_word' id='word_1_314' title='bbox 559 4685 685 4744; x_wconf 86' lang='lat' dir='ltr'><strong>katerna</strong></span> <span class='ocrx_word' id='word_1_315' title='bbox 702 4691 747 4743; x_wconf 91' lang='lat' dir='ltr'><strong>est</strong></span> <span class='ocrx_word' id='word_1_316' title='bbox 763 4685 844 4743; x_wconf 84' lang='lat' dir='ltr'><strong>lacta</strong></span> <span class='ocrx_word' id='word_1_317' title='bbox 867 4701 905 4742; x_wconf 87' lang='lat' dir='ltr'><strong>ex</strong></span> <span class='ocrx_word' id='word_1_318' title='bbox 929 4686 998 4759; x_wconf 88' lang='lat' dir='ltr'><strong>pari</strong></span> <span class='ocrx_word' id='word_1_319' title='bbox 1022 4691 1052 4743; x_wconf 92' lang='lat' dir='ltr'><strong>et</strong></span> <span class='ocrx_word' id='word_1_320' title='bbox 1074 4686 1213 4743; x_wconf 90' lang='lat' dir='ltr'><strong>unanimi</strong></span> <span class='ocrx_word' id='word_1_321' title='bbox 1236 4685 1396 4742; x_wconf 90' lang='lat' dir='ltr'><strong>voluntate</strong></span> <span class='ocrx_word' id='word_1_322' title='bbox 1419 4699 1558 4742; x_wconf 90' lang='lat' dir='ltr'><strong>commu·</strong></span> 
     </span>
     <span class='ocr_line' id='line_1_38' title="bbox 292 4789 1557 4866; baseline -0.002 -16"><span class='ocrx_word' id='word_1_323' title='bbox 292 4793 396 4850; x_wconf 92' lang='lat' dir='ltr'><strong>nitatis</strong></span> <span class='ocrx_word' id='word_1_324' title='bbox 421 4791 502 4850; x_wconf 90' lang='lat' dir='ltr'><strong>dicte</strong></span> <span class='ocrx_word' id='word_1_325' title='bbox 524 4791 658 4850; x_wconf 89' lang='lat' dir='ltr'><strong>civitatis</strong></span> <span class='ocrx_word' id='word_1_326' title='bbox 679 4789 767 4866; x_wconf 88' lang='lat' dir='ltr'><strong>juxta</strong></span> <span class='ocrx_word' id='word_1_327' title='bbox 790 4791 935 4864; x_wconf 91' lang='lat' dir='ltr'><strong>equalem</strong></span> <span class='ocrx_word' id='word_1_328' title='bbox 959 4797 990 4848; x_wconf 92' lang='lat' dir='ltr'><strong>et</strong></span> <span class='ocrx_word' id='word_1_329' title='bbox 1012 4790 1217 4864; x_wconf 86' lang='lat' dir='ltr'><strong>pariiormem</strong></span> <span class='ocrx_word' id='word_1_330' title='bbox 1241 4791 1418 4848; x_wconf 87' lang='lat' dir='ltr'><strong>libertatern</strong></span> <span class='ocrx_word' id='word_1_331' title='bbox 1442 4790 1557 4848; x_wconf 91' lang='lat' dir='ltr'><strong>civium</strong></span> 
     </span>
     <span class='ocr_line' id='line_1_39' title="bbox 291 4896 1558 4972; baseline -0.002 -16"><span class='ocrx_word' id='word_1_332' title='bbox 291 4899 390 4972; x_wconf 89' lang='lat' dir='ltr'><strong>ipsius</strong></span> <span class='ocrx_word' id='word_1_333' title='bbox 414 4897 557 4968; x_wconf 90' lang='lat' dir='ltr'><strong>civitatis,</strong></span> <span class='ocrx_word' id='word_1_334' title='bbox 581 4902 615 4954; x_wconf 92' lang='lat' dir='ltr'><strong>ut</strong></span> <span class='ocrx_word' id='word_1_335' title='bbox 638 4897 680 4954; x_wconf 84' lang='lat' dir='ltr'><strong>ita</strong></span> <span class='ocrx_word' id='word_1_336' title='bbox 704 4912 784 4954; x_wconf 91' lang='lat' dir='ltr'><strong>unus</strong></span> <span class='ocrx_word' id='word_1_337' title='bbox 805 4897 895 4954; x_wconf 90' lang='lat' dir='ltr'><strong>sicuti</strong></span> <span class='ocrx_word' id='word_1_338' title='bbox 918 4898 998 4954; x_wconf 90' lang='lat' dir='ltr'><strong>alter</strong></span> <span class='ocrx_word' id='word_1_339' title='bbox 1022 4897 1133 4955; x_wconf 89' lang='lat' dir='ltr'><strong>debeat</strong></span> <span class='ocrx_word' id='word_1_340' title='bbox 1157 4896 1368 4970; x_wconf 86' lang='lat' dir='ltr'><strong>parilormiter</strong></span> <span class='ocrx_word' id='word_1_341' title='bbox 1392 4911 1450 4970; x_wconf 91' lang='lat' dir='ltr'><strong>pro</strong></span> <span class='ocrx_word' id='word_1_342' title='bbox 1473 4896 1558 4954; x_wconf 91' lang='lat' dir='ltr'><strong>utili·</strong></span> 
     </span>
    </p>
   </div>
   <div class='ocr_carea' id='block_1_9' title="bbox 291 5001 1557 5138">
    <p class='ocr_par' dir='ltr' id='par_1_9' title="bbox 291 5001 1557 5138">
     <span class='ocr_line' id='line_1_40' title="bbox 291 5001 1557 5080; baseline -0.003 -18"><span class='ocrx_word' id='word_1_343' title='bbox 291 5009 352 5062; x_wconf 88' lang='lat' dir='ltr'><strong>tate</strong></span> <span class='ocrx_word' id='word_1_344' title='bbox 369 5004 467 5062; x_wconf 91' lang='lat' dir='ltr'><strong>tocius</strong></span> <span class='ocrx_word' id='word_1_345' title='bbox 483 5003 616 5063; x_wconf 88' lang='lat' dir='ltr'><strong>civitatis</strong></span> <span class='ocrx_word' id='word_1_346' title='bbox 632 5001 771 5080; x_wconf 84' lang='lat' dir='ltr'><strong>predicte</strong></span> <span class='ocrx_word' id='word_1_347' title='bbox 787 5002 891 5061; x_wconf 91' lang='lat' dir='ltr'><strong>claves</strong></span> <span class='ocrx_word' id='word_1_348' title='bbox 914 5010 1076 5077; x_wconf 89' lang='lat' dir='ltr'><strong>portarurn</strong></span> <span class='ocrx_word' id='word_1_349' title='bbox 1100 5003 1237 5062; x_wconf 88' lang='lat' dir='ltr'><strong>eiusdem</strong></span> <span class='ocrx_word' id='word_1_350' title='bbox 1272 5003 1404 5062; x_wconf 87' lang='lat' dir='ltr'><strong>civitatis</strong></span> <span class='ocrx_word' id='word_1_351' title='bbox 1436 5017 1557 5060; x_wconf 90' lang='lat' dir='ltr'><strong>conser-</strong></span> 
     </span>
     <span class='ocr_line' id='line_1_41' title="bbox 1448 5101 1466 5138; baseline 0 0"><span class='ocrx_word' id='word_1_352' title='bbox 1448 5101 1466 5138; x_wconf 69' lang='lat' dir='ltr'><strong>lt</strong></span> 
     </span>
    </p>
   </div>
   <div class='ocr_carea' id='block_1_10' title="bbox 0 0 1978 5804">
    <p class='ocr_par' dir='ltr' id='par_1_10' title="bbox 0 0 1978 5804">
     <span class='ocr_line' id='line_1_42' title="bbox 0 0 1978 5804; baseline 0 1"><span class='ocrx_word' id='word_1_353' title='bbox 0 0 1978 5804; x_wconf 95' lang='lat' dir='ltr'><strong> </strong></span> 
     </span>
    </p>
   </div>
  </div>
 </body>
</html>
