3948 5804
747 548 819 607 Doc.
838 560 891 623 52.
914 581 958 592 -
981 499 1037 607 {m
1061 545 1152 627 1428.

927 757 986 824 52.

422 901 503 950 Anno
526 900 600 962 1428,
620 889 661 966 252
681 899 811 950 februarii.
831 899 980 965 Zagrabine.

324 1011 517 1085 Communitas
539 1027 664 1086 civitatis
686 1027 805 1101 aagrab,
829 1028 942 1085 vineam
964 1045 1047 1085 suam
1069 1027 1208 1086 desertam
1231 1035 1260 1086 ct
1286 1029 1455 1103 insorestam
1485 1029 1582 1088 Fran·

479 1134 558 1204 cisco,
580 1133 677 1192 Mikcc
691 1133 770 1208 filio,
792 1134 925 1204 moleton}
947 1151 1030 1192 censu
1053 1136 1258 1194 anniversario
1274 1137 1425 1214 pemittit.

421 1276 485 1335 Nos
508 1277 715 1336 communitas
745 1277 879 1336 civitatis
910 1277 1025 1336 montis
1054 1275 1226 1336 Grecensis
1249 1277 1398 1336 Memorie
1421 1293 1578 1338 commen·

315 1382 423 1442 dantes
446 1371 551 1442 teliore
574 1384 769 1457 presencium
793 1383 1004 1457 significamus
1027 1383 1142 1457 quibus
1163 1382 1289 1458 expedit
1311 1383 1472 1458 universis,
1496 1385 1581 1458 quod

316 1490 388 1564 quia
418 1489 553 1564 quedam
583 1491 673 1548 vinea
697 1489 818 1548 deserta
842 1495 871 1548 et
894 1488 1041 1549 intoresta
1063 1489 1095 1547 in
1118 1489 1274 1548 territorio
1298 1494 1405 1548 nostro
1428 1490 1581 1550 condicio·

314 1595 388 1668 nali,
411 1595 491 1654 inter
514 1595 638 1654 vineam
668 1595 813 1653 similiter
843 1595 998 1654 desertam
1027 1599 1059 1652 et
1088 1593 1335 1653 condicionalem
1366 1594 1492 1669 providi
1519 1595 1581 1654 viri

315 1700 397 1760 Petri
425 1700 575 1774 Hungari,
598 1699 722 1776 pridem
745 1701 846 1774 iurati,
869 1701 1006 1760 concivis
1029 1701 1135 1772 nostri,
1156 1699 1216 1758 filii
1239 1699 1337 1774 Pauli,
1361 1715 1379 1758 a
1402 1702 1580 1776 septemtri-

315 1806 398 1866 onali
428 1801 518 1881 part'e
547 1807 639 1866 sitam
670 1811 701 1866 et
727 1807 901 1880 virgultum
924 1823 978 1866 seu
1001 1812 1118 1864 terram
1140 1810 1280 1864 nostram
1303 1819 1504 1864 communem
1527 1806 1580 1866 de·

314 1917 428 1972 sertam
448 1911 680 1972 ameridionali
702 1919 791 1988 parte
812 1913 963 1985 habitam,
980 1912 1115 1987 desuper
1137 1927 1155 1971 a
1178 1913 1230 1970 via
1253 1912 1412 1970 communi
1434 1913 1475 1970 ab
1498 1913 1578 1972 occi·

314 2017 405 2076 dente
428 2018 585 2091 existente,
609 2023 639 2076 et
660 2017 742 2077 infra
764 2033 863 2093 usque
893 2017 1024 2077 fluvium
1047 2032 1106 2093 pro
1138 2017 1323 2076 molendinis
1354 2022 1474 2090 aptum,
1504 2018 1578 2078 Pm-

314 2123 387 2182 tolra
402 2124 500 2197 vulgo
521 2124 725 2200 appellatum,
741 2140 760 2184 a
775 2130 864 2200 parte
878 2125 1006 2184 orientis
1021 2123 1245 2196 decurrentem,
1268 2123 1383 2196 habita,
1399 2123 1494 2183 simul
1505 2140 1578 2184 cum

315 2229 454 2303 virgulto
477 2229 578 2288 eidem
601 2231 690 2289 vinee
713 2213 860 2290 intorest‘a
882 2231 1053 2289 subiacenti
1074 2246 1107 2288 se
1135 2228 1311 2303 extenderis,
1334 2235 1465 2305 propter
1496 2229 1576 2290 info-

312 2336 524 2409 restacionem,
552 2337 781 2411 inputacionem
806 2341 837 2396 et
859 2335 1100 2396 desertacionem
1124 2336 1180 2408 sui,
1203 2335 1233 2394 in
1257 2351 1319 2409 qua
1342 2351 1400 2410 per
1420 2336 1578 2410 negligen-

315 2442 396 2500 ciam
419 2455 633 2516 possessorum
656 2441 795 2502 eiusdem
818 2459 836 2501 a
856 2443 1001 2517 pluribus
1024 2443 1184 2500 retroactis
1199 2442 1395 2516 temporibus
1417 2441 1577 2501 devenisse

310 2547 536 2623 perhibebatur
559 2565 597 2606 ex
620 2553 723 2608 acerto
746 2565 840 2624 super
862 2564 918 2608 nos
942 2553 972 2606 et
995 2554 1134 2606 nostram
1157 2547 1397 2623 disposicionem
1428 2547 1576 2608 devoluta

309 2654 414 2713 existit
442 2655 581 2714 totaliter
611 2661 705 2729 atque
738 2654 924 2726 redundata;
946 2654 1016 2713 ideo
1040 2670 1096 2713 nos
1119 2653 1249 2712 eandem
1273 2655 1398 2712 vineam
1420 2652 1575 2712 desertam

309 2775 363 2818 seu
385 2759 568 2818 inforestam
591 2759 686 2818 simul
706 2775 777 2818 cum
794 2760 934 2835 predicto
949 2761 1089 2834 virgulto
1107 2759 1208 2818 eidem
1224 2759 1404 2832 subiacenti,
1422 2761 1576 2834 metisque

309 2871 340 2924 et
369 2881 461 2924 censu
491 2882 544 2924 seu
575 2865 754 2925 condicione
788 2867 913 2926 annuali
947 2865 1029 2926 infra
1059 2865 1264 2937 declarandis,
1295 2867 1474 2939 cunctisque
1505 2866 1576 2924 aliis

308 2971 448 3030 eiusdem
472 2973 561 3031 vinee
584 2971 704 3031 deserte
727 2989 763 3032 ac
786 2974 884 3047 ipsius
907 2974 1036 3048 virgulti
1060 2973 1257 3044 utilitatibus,
1280 2972 1401 3030 iuribus
1424 2977 1455 3030 et
1478 2971 1574 3046 perti·

308 3079 423 3136 nenciis
446 3079 609 3150 universis,
633 3063 766 3153 provido
789 3079 858 3137 viro
883 3079 982 3138 Frane
1005 3078 1096 3138 aliter
1127 3079 1290 3136 Francisco
1321 3077 1572 3150 molendinatori,

307 3183 375 3241 filio
390 3183 513 3242 Mikech
529 3184 793 3258 molendinatoris,
810 3179 978 3245 habitatori
994 3187 1092 3260 ipsius
1107 3185 1242 3244 civitatis
1267 3200 1303 3242 ac
1328 3200 1383 3258 per
1406 3199 1478 3241 eurn
1511 3184 1574 3242 suis

308 3289 477 3348 heredibus
501 3296 531 3348 et
554 3291 789 3365 posteritatibus
812 3286 967 3350 universis
990 3291 1064 3349 sub·
1079 3307 1171 3348 censu
1202 3296 1232 3348 et
1262 3288 1441 3349 condicione
1465 3289 1574 3348 annuis

306 3386 396 3468 infra,
426 3400 461 3454 nt
491 3395 670 3470 predicitur,
707 3396 909 3466 declarandis,
940 3396 1137 3470 conferimus,
1169 3395 1280 3454 damus
1309 3400 1339 3454 et
1369 3397 1571 3469 assignamus,

305 3515 413 3574 ymmo
428 3503 617 3561 contulimus
632 3501 783 3576 dedimus,
800 3509 830 3562 et
845 3505 1071 3577 assignavimus
1087 3503 1154 3562 iure
1170 3507 1322 3578 perpetuo
1337 3507 1368 3561 et
1382 3502 1571 3562 irrevocabi-

306 3607 378 3665 liter
399 3607 629 3682 possidendam,
652 3608 817 3668 tenendam
833 3611 949 3684 pariter
966 3615 996 3668 et
1010 3609 1187 3668 habendam
1203 3623 1239 3666 ac
1254 3609 1340 3667 iuxta
1359 3608 1570 3666 condicionem

308 3717 338 3770 et
360 3714 613 3773 consvetudinem
637 3715 770 3774 civitatis
794 3721 953 3790 prenotate
976 3715 1168 3788 abantiquo
1191 3714 1408 3789 approbatam,
1440 3729 1569 3788 quomo·

305 3819 481 3894 documque
504 3821 637 3880 voluerit
661 3821 894 3896 disponendam.
926 3821 1021 3881 Cuius
1045 3820 1173 3894 quidem
1196 3821 1285 3878 vinee
1308 3818 1455 3878 inforeste
1487 3824 1569 3878 mete

304 3926 364 3982 hoc
385 3925 495 3984 ordine
517 3926 736 4000 distinguntur,
760 3927 845 4002 quod
868 3929 971 4002 prima
993 3932 1076 3986 meta
1099 3925 1239 3984 eiusdem
1267 3926 1357 3984 vinee
1385 3926 1494 4000 incipit
1524 3926 1565 3984 ab

305 4030 385 4090 infra
408 4031 447 4089 de
469 4032 608 4108 predicta
634 4033 765 4092 Pretoka
787 4034 828 4092 ab
857 4035 974 4092 oriente
1004 4034 1063 4091 sita
1095 4038 1125 4090 et
1156 4031 1298 4106 procedit
1328 4047 1422 4106 penes
1455 4031 1570 4090 dictam

303 4139 419 4194 terram
442 4153 496 4196 seu
519 4139 694 4212 virgultum
721 4143 860 4198 nostrum
893 4155 1057 4198 commune
1088 4155 1106 4196 a
1137 4138 1220 4196 dicta
1252 4137 1449 4196 meridionali
1482 4145 1571 4212 parte

303 4241 407 4314 situm,
422 4257 479 4318 per
496 4242 646 4302 fossatum
662 4259 757 4320 supra
776 4261 875 4319 usque
898 4245 938 4303 ad
962 4245 1078 4304 dictam
1100 4245 1185 4303 viam
1208 4259 1405 4302 communem
1428 4245 1469 4302 ab
1492 4245 1571 4303 occi·

303 4346 393 4405 dente
417 4347 557 4422 predicto
581 4350 731 4423 habitam,
753 4355 784 4409 et
805 4367 862 4425 per
880 4351 1011 4410 eandem
1034 4351 1119 4410 viam
1143 4349 1230 4409 vadit
1252 4351 1291 4408 ad
1316 4351 1472 4425 prefatum
1500 4367 1569 4425 sep·

228 4505 231 4512 .
302 4454 501 4512 temtrionem
523 4453 562 4514 ad
587 4455 743 4529 quandam
767 4473 916 4531 quercum
939 4472 1029 4516 cmce
1051 4457 1180 4515 incisam
1205 4471 1299 4531 penes
1322 4455 1452 4514 eandem
1483 4457 1569 4516 viam

293 4574 318 4642 ¹a
341 4564 430 4636 parte
452 4559 593 4620 interiori
615 4563 807 4636 existentem,
830 4561 941 4622 deinde
964 4579 1021 4638 per
1043 4563 1128 4622 viam
1152 4553 1351 4621 communem
1374 4577 1498 4634 novam,
1525 4561 1568 4619 la·

243 4651 247 4658 ⁴
300 4671 374 4739 tam,
398 4667 507 4726 transit
527 4667 567 4726 ad
584 4668 741 4741 quandam
757 4669 900 4728 corulum
916 4684 1048 4746 parvam
1064 4685 1155 4728 cruce
1178 4669 1339 4742 signatam,
1363 4667 1450 4727 lezka
1471 4667 1568 4740 vulgo

300 4771 424 4844 dictam,
448 4779 531 4834 meta
553 4779 654 4834 terrea
691 4775 924 4849 circumdatam,
955 4781 986 4836 et
1015 4776 1056 4835 ab
1087 4775 1196 4834 eadem
1226 4773 1314 4833 vadit
1343 4771 1383 4832 ad
1411 4771 1568 4847 quandam

300 4879 406 4953 pirum
430 4879 615 4950 silvestrem,
640 4897 731 4940 cruce
758 4883 896 4954 incisam,
920 4881 1032 4942 deinde
1056 4881 1137 4940 infra
1159 4897 1217 4955 per
1239 4881 1357 4938 vallem
1381 4895 1436 4938 sen
1459 4878 1567 4936 decur-

299 4999 369 5044 sum
392 5000 473 5059 aque
496 4986 647 5060 pluvialis
670 4987 890 5046 circumeundo
914 4987 1072 5047 descendit
1094 4988 1134 5046 ad
1157 4988 1296 5062 priorem
1320 4986 1484 5045 Pretokam
1513 4984 1568 5043 tlu-
