3948 5804
414 545 453 604 62
802 543 900 601 ·Doc.
919 554 972 618 50.
989 553 1041 616 51.
1066 574 1106 584 -
1130 541 1188 600 An.
1214 550 1302 618 1427.

412 759 510 817 nostri
526 759 707 831 charissimi,
724 760 800 834 ipsis
817 775 873 833 per
890 773 1104 832 quoscumque
1119 757 1374 816 testamentaliter
1390 756 1442 814 vel
1458 757 1569 830 quovis
1583 756 1680 816 modo

413 865 525 938 legatis
549 871 579 922 et
601 864 721 924 donatis
744 865 847 922 nullas
871 863 1008 922 decimas
1040 865 1130 922 nobis
1163 869 1194 922 et
1229 863 1342 922 nostris
1376 862 1606 921 successoribus
1641 878 1679 920 ex

413 976 502 1045 parte
523 985 632 1030 eorum
656 971 821 1046 provenire
852 969 1016 1042 debendas,
1049 970 1172 1029 solvere
1204 969 1337 1028 debeant
1371 975 1400 1026 et
1431 985 1487 1026 nec
1518 968 1679 1044 perpetuis

413 1076 526 1135 futuris
561 1077 757 1152 temporibus
792 1078 853 1135 sint
887 1077 1019 1149 obligati
1054 1076 1188 1148 easdem,
1224 1077 1297 1150 quia
1320 1089 1379 1150 pro
1403 1074 1521 1133 eisdem
1544 1073 1678 1133 dominis

314 1161 325 1182 ⁶
413 1163 628 1258 prebendariis
651 1183 798 1240 duximus
821 1181 1021 1240 remittendas
1045 1188 1075 1240 et
1098 1181 1290 1254 relaxandas,
1314 1183 1413 1240 immo
1436 1181 1625 1239 remittimus
1648 1185 1679 1239 et

414 1289 601 1348 relaxamus.
624 1291 658 1348 ln
682 1292 768 1348 cuius
790 1291 836 1348 rei
849 1290 1043 1361 memoriam,
1060 1289 1303 1362 firmitatemque
1318 1291 1503 1362 perpetuam
1521 1290 1678 1360 presentes

413 1394 533 1452 litteras
556 1401 677 1454 nostras
708 1397 921 1470 privilegiales
955 1395 1117 1470 pendentis
1146 1395 1244 1470 sigilli
1275 1394 1372 1452 nostri
1402 1394 1513 1452 secreti
1543 1393 1678 1450 munitas

413 1499 530 1558 eisdem
555 1500 689 1560 dominis
713 1502 928 1577 prebendariis
951 1501 1097 1559 duximus
1128 1500 1346 1559 concedendas.
1378 1499 1495 1557 Datum
1527 1498 1678 1572 Zagrabie

412 1607 552 1680 predicta
576 1608 606 1665 in
631 1607 710 1667 festo
734 1610 816 1667 beati
841 1608 1050 1666 Bartholomei
1076 1607 1218 1681 apostoli.
1250 1608 1340 1668 Anno
1364 1605 1482 1664 domini
1506 1605 1676 1664 millesimo

413 1712 721 1786 quadringentesimo
743 1715 896 1787 vigesimo
919 1706 1061 1788 septimo.

520 1903 544 1952 E
563 1908 723 1968 transumpto
751 1901 858 1967 capituli
885 1901 1058 1965 zagrabiensis
1077 1902 1110 1950 de
1128 1917 1195 1951 anno
1217 1911 1292 1967 1520.
1320 1901 1352 1949 In
1371 1899 1476 1950 archivo
1494 1914 1550 1950 ven.
1570 1896 1678 1964 capituli

410 1989 512 2055 zagrab.
532 1989 596 2042 Act.
616 2005 671 2056 cap.
691 1997 742 2042 ant,
763 1991 825 2043 fasc.
844 1989 887 2054 76.
907 2005 944 2040 nr.
965 2002 1006 2052 34.

1012 2270 1074 2336 50.

518 2361 598 2408 Anno
620 2370 703 2422 1427.

516 2507 585 2564 Hoc
623 2520 703 2564 anno
742 2506 936 2564 civitatenses
970 2511 1084 2563 terram
1117 2505 1402 2579 praebendalialem
1441 2505 1530 2579 Otolr,
1569 2505 1676 2564 altaris

410 2613 500 2670 beate
534 2611 672 2685 Virginis
706 2613 737 2670 in
771 2611 942 2670 catliedrali
976 2627 1033 2684 per
1055 2611 1178 2682 Buzam,
1202 2612 1278 2670 olim
1303 2616 1469 2683 cantorem,
1493 2613 1676 2670 canonicum

336 2755 341 2774 ,
409 2720 650 2791 zagrabiensem,
685 2719 841 2789 collatam,
873 2725 902 2775 et
925 2733 996 2775 cum
1020 2717 1258 2775 confirmacione
1282 2719 1366 2791 regia
1389 2719 1429 2775 ab
1453 2718 1676 2776 immemoriali

410 2825 539 2898 pacifice
562 2839 746 2900 possessam,
770 2831 968 2900 occuparunt.
993 2817 1050 2901 (Ex
1073 2825 1250 2881 evocatorio
1272 2814 1464 2901 chasmensi).

516 3013 623 3078 Georgii
643 3012 813 3062 Marcelovid:
834 3013 952 3076 Regesta
968 3010 1110 3076 Diplomat.
1129 3011 1289 3075 aliorumque
1313 3013 1531 3061 Documentorum
1550 3011 1629 3064 MSC.
1648 3013 1676 3061 in

409 3101 568 3151 bibliotheca
586 3101 740 3154 archidioec.
760 3101 862 3166 zagrab.

516 3525 597 3573 Anno
622 3537 695 3588 1427.

536 3689 670 3764 lnjuriae
691 3707 710 3744 a
733 3689 857 3762 capitulo
879 3691 991 3747 civibus
1020 3686 1211 3748 Grecensibus
1233 3689 1344 3760 illatae,
1369 3691 1545 3764 reseruntur.

514 3885 600 3955 item,
625 3885 657 3942 in
673 3899 753 3942 anno
769 3883 888 3943 domini
911 3885 1080 3942 millesimo
1104 3884 1334 3956 CCCCXXVII,
1359 3891 1499 3959 tempore
1523 3884 1675 3943 iudicatus

409 3991 470 4050 viri
499 3989 625 4063 providi
655 3995 685 4047 et
715 3991 836 4049 honesti
866 3991 984 4062 Briccii,
1011 3991 1070 4049 filii
1098 3991 1261 4062 Benedicti,
1292 3991 1370 4049 alias
1401 3989 1511 4066 judicis
1541 3991 1675 4050 civitatis

408 4096 523 4153 montis
557 4094 741 4154 Grechensis
765 4096 803 4154 de
827 4097 912 4154 iuxta
936 4097 1129 4170 Zagrabiam,
1154 4097 1282 4170 quidam
1306 4099 1469 4170 presbiter,
1493 4098 1674 4171 capellanus

407 4201 525 4258 domini
542 4201 669 4260 Fabiani
693 4203 831 4260 canonici
847 4203 974 4260 ecclesie
991 4204 1210 4280 zagrabiensis,
1235 4203 1312 4261 Kost
1336 4202 1444 4276 dictus,
1468 4221 1506 4262 ex
1531 4203 1675 4261 commis-

407 4307 492 4365 sione
523 4307 621 4382 ipsius
651 4307 768 4366 domini
800 4309 849 4366 sui
878 4315 908 4366 et
932 4325 970 4366 ex
993 4309 1070 4366 scitu
1093 4314 1124 4366 et
1146 4310 1307 4368 voluntate
1331 4311 1428 4367 tocius
1451 4309 1581 4384 capituli
1604 4325 1676 4383 pre·

406 4413 489 4484 dicti,
523 4413 691 4486 quemdam
721 4415 820 4472 civem
845 4416 979 4472 civitatis
1002 4414 1149 4489 predicte,
1172 4417 1297 4472 nomine
1320 4416 1497 4486 Martinum,
1527 4421 1674 4486 sutorem,

409 4517 513 4576 filium
537 4520 660 4590 Mathie,
683 4520 801 4594 absque
825 4521 911 4578 omni
939 4521 1032 4594 culpa
1061 4535 1116 4577 sua
1147 4521 1315 4580 crudeliter
1346 4527 1375 4578 et
1407 4522 1573 4578 enormiter
1604 4535 1676 4578 cum

406 4625 557 4682 cambuca
580 4626 741 4697 percussit,
764 4626 869 4698 ipsum
893 4627 1082 4683 semivivum
1105 4626 1319 4702 relinquendo
1343 4626 1485 4701 potencia
1507 4626 1669 4684 mediante.

407 4729 475 4788 Lite
498 4736 602 4788 tamen
624 4732 704 4790 inter
726 4732 811 4805 ipsos
835 4733 919 4792 cives
942 4739 971 4790 et
995 4731 1112 4791 dictum
1136 4734 1310 4808 capitulum
1334 4733 1495 4807 pendente.

510 4919 700 4968 Documentum
719 4919 923 4972 transactionale,
943 4922 976 4968 In
994 4921 1089 4972 archiv.
1109 4937 1165 4972 ven.
1186 4921 1261 4985 Capit
1290 4923 1389 4985 zagrab.
1412 4921 1472 4970 Act.
1505 4920 1590 4985 Capit.
1618 4925 1670 4971 ant.

405 5008 468 5059 iasc.
492 5021 531 5058 ιο.
551 5023 588 5056 ur.
611 5007 650 5058 16.
