3930 5802
422 537 483 614 164
832 537 905 596 Doc.
929 551 997 597 r2r.
1022 572 1063 584 -
1088 540 1144 600 An.
1169 535 1261 618 1438.

417 751 533 810 chaelis
563 753 750 828 archangeli,
780 753 813 812 in
834 754 931 813 altera
954 755 1153 814 revolucione
1176 756 1301 814 annuali
1325 760 1478 830 venturas,
1501 758 1629 832 publice
1651 763 1682 817 et

417 856 579 916 manifeste
600 861 720 934 regiam
743 859 835 919 iaciat
857 861 1048 935 proclamari
1070 862 1103 921 in
1125 862 1325 936 presenciam,
1348 862 1532 922 insinuando
1555 863 1684 939 ibidem,

416 969 450 1021 ut
486 964 512 1022 si
545 966 685 1025 venerint
718 971 748 1025 et
780 968 867 1026 sein
898 969 1057 1043 premissis
1080 969 1163 1028 bono
1185 969 1280 1027 modo
1303 969 1536 1029 emendaverint
1557 969 1596 1028 de
1620 971 1685 1029 dic·

415 1070 516 1144 lisque
535 1067 657 1146 judiciis
679 1073 770 1132 nobis
793 1078 823 1132 et
846 1075 927 1148 parti
950 1073 1079 1134 adverse
1102 1074 1322 1148 satisfacturos,
1346 1077 1424 1134 bene
1447 1075 1582 1150 quidem,
1605 1077 1683 1135 alio·

415 1177 490 1250 quin
512 1193 574 1236 non
597 1179 738 1242 obstante
760 1181 903 1256 ipsorum
925 1181 1069 1240 absencia
1092 1187 1122 1240 et
1152 1182 1324 1241 rebellione
1354 1182 1449 1241 finem
1480 1182 1622 1241 debitum
1653 1187 1684 1241 et

413 1281 578 1342 indilatum
603 1283 752 1345 faciemus
775 1301 867 1345 causa
890 1288 922 1346 in
953 1288 1106 1362 premissa
1135 1293 1229 1362 prout
1260 1287 1389 1346 dictabit
1422 1287 1500 1346 ordo
1528 1286 1622 1365 juris;
1652 1295 1683 1346 et

413 1392 485 1461 post
507 1389 564 1448 hec
584 1389 682 1464 ipsius
715 1392 927 1452 trineforensis
962 1392 1223 1468 proclamacionis
1257 1393 1370 1452 seriem
1400 1409 1472 1452 cum
1502 1395 1682 1454 nominibus

413 1494 682 1568 proclamatorum
705 1497 745 1556 ad
767 1498 892 1558 easdem
916 1505 1042 1561 octavas
1066 1499 1149 1558 dicto
1170 1499 1298 1558 domino
1321 1505 1428 1559 nostro
1457 1501 1524 1575 regi
1546 1501 1682 1562 fideliter

416 1601 601 1660 rescribatis.
630 1603 748 1662 Datum
772 1604 856 1663 Bude
879 1605 1013 1664 secundo
1036 1604 1087 1664 die
1110 1606 1235 1664 termini
1258 1606 1420 1680 prenotati.
1448 1608 1538 1666 Anno
1562 1607 1681 1667 domini

415 1706 586 1766 millesimo
609 1709 914 1784 quadringentesimo
936 1711 1025 1769 XXX
1047 1715 1171 1772 octavo.

517 1813 557 1882 (A
581 1815 671 1886 tergo).
703 1817 821 1876 Amicis
844 1818 907 1876 suis
940 1817 1118 1876 reverendis
1151 1817 1289 1891 capitulo
1323 1817 1451 1878 ecclesie
1481 1819 1679 1892 chasmensis,

411 1932 470 1992 pro
492 1917 669 1980 honorabili
689 1922 831 1996 capitulo
854 1923 983 1982 ecclesie
1005 1923 1213 1996 zagrabiensis
1232 1931 1338 1982 contra
1359 1923 1559 1999 Stephanum,
1575 1925 1679 1984 filium

413 2025 582 2099 Michaelis,
605 2033 679 2086 tunc
700 2026 836 2102 judicem
859 2030 993 2089 civitatis
1016 2030 1132 2088 montis
1154 2028 1317 2090 Grecensis
1335 2029 1374 2088 de
1389 2028 1477 2107 juxta
1492 2030 1679 2104 Zagrabiam

412 2137 442 2188 et
465 2131 545 2189 alios
567 2131 782 2208 intrascriptos
805 2150 840 2194 ac
856 2141 982 2194 octavas
1005 2135 1077 2194 testi
1099 2135 1183 2194 beati
1205 2136 1364 2209 Michaelis
1396 2137 1583 2210 archangeli,
1606 2152 1680 2210 pro·

410 2235 601 2296 clamatoria.

516 2349 617 2418 (venor
634 2349 815 2417 executionis).
845 2349 949 2406 Homo
981 2349 1085 2423 regius
1119 2349 1310 2420 Valentinus,
1345 2347 1429 2406 filius
1460 2347 1610 2426 Stephani
1633 2347 1674 2408 de

409 2458 573 2530 Drenorva,
596 2455 785 2530 capitularis,
809 2454 961 2528 Georgius
977 2455 1210 2529 prebendarius.
1233 2454 1444 2513 Proclamacio
1471 2455 1575 2528 primo
1592 2453 1675 2514 sacta

409 2569 455 2623 est
478 2565 528 2623 die
551 2563 707 2622 dominico
730 2562 875 2636 proximo
899 2566 969 2636 post
992 2561 1105 2619 festum
1128 2561 1297 2620 nativitatis
1320 2561 1410 2618 beate
1432 2561 1529 2618 Marie
1548 2561 1678 2633 virginis

408 2672 441 2729 in
474 2669 644 2744 Wgrouch,
678 2683 715 2727 ac
744 2667 878 2726 secundo
908 2666 985 2725 feria
1021 2668 1116 2726 tercia
1146 2668 1245 2726 eciam
1274 2665 1455 2727 immediate
1479 2667 1621 2741 sequenti
1645 2668 1677 2726 in

408 2775 565 2848 Stubicha,
578 2775 736 2848 tercioque
759 2778 789 2832 et
811 2773 925 2832 ultimo
948 2773 1025 2833 feria
1048 2779 1158 2848 quarta
1181 2779 1254 2832 tunc
1276 2771 1458 2831 succedente
1481 2775 1513 2832 in
1528 2770 1673 2846 lwanych

407 2883 662 2956 possessionibus,
686 2881 812 2953 vocatis,
843 2886 915 2938 sunt
935 2881 1122 2954 proclamati
1143 2880 1184 2938 ad
1218 2884 1352 2951 octavas,
1375 2884 1409 2937 ut
1431 2880 1512 2938 intra
1547 2879 1675 2952 dictum,

397 2990 504 3056 tercio
528 2989 585 3048 die.

514 3123 647 3188 Originale
665 3124 693 3172 in
712 3122 807 3174 charta.
827 3123 859 3170 In
878 3121 946 3172 arch.
965 3137 1022 3170 ven.
1043 3137 1098 3187 cap.
1117 3121 1217 3185 aagrab.
1238 3122 1300 3173 Act.
1320 3138 1374 3188 cap.
1395 3127 1447 3175 ant.
1460 3123 1521 3175 fasc.
1542 3121 1567 3176 6,
1580 3138 1618 3175 nr.
1633 3134 1672 3187 27.

1008 3329 1074 3397 121.

512 3457 592 3506 Anno
615 3457 689 3519 1438,
710 3456 734 3506 8.
753 3455 908 3506 novembris.
927 3455 1067 3508 Remethe.

405 3567 544 3637 Michael,
566 3566 693 3623 vicurius
715 3571 866 3622 conuentus
889 3563 1069 3634 Remetmsz's,
1091 3565 1315 3624 communitatem
1330 3565 1455 3623 civitatis
1471 3559 1522 3621 60.
1529 3563 1671 3640 florenos,

405 3675 530 3748 legatum
553 3672 683 3729 dominae
713 3667 882 3742 Gertrudri,
905 3670 948 3727 ad
965 3689 1046 3728 usum
1069 3672 1129 3729 cccl.
1154 3672 1178 3732 b.
1202 3689 1228 3729 v.
1245 3670 1367 3729 Mariae
1380 3669 1549 3727 monasterii
1566 3669 1673 3728 Remet.

817 3777 960 3846 relictum,
983 3777 1100 3834 solvisse
1121 3778 1281 3852 confirmat.

511 3923 575 3982 Nos
598 3921 693 3982 frater
716 3921 850 3980 Michael
872 3920 990 3978 ordinis
1013 3919 1145 3978 fratrum
1169 3920 1266 3978 sancti
1289 3919 1379 3977 Pauli
1397 3919 1494 3992 primi
1509 3918 1668 3991 heremite,

407 4031 550 4102 vicarius,
572 4034 718 4103 totusque
752 4031 922 4086 conventus
957 4026 1085 4084 claustri
1119 4025 1297 4084 beatissime
1331 4025 1461 4097 virginis
1497 4024 1594 4082 Marie
1629 4022 1670 4082 de

406 4135 621 4210 promontorio
643 4135 843 4208 zagrabiensi.
867 4133 1016 4191 Memorie
1040 4131 1301 4204 commendantes,
1325 4130 1537 4204 significamus
1559 4134 1666 4188 tenore

405 4244 600 4319 presencium
625 4243 739 4316 quibus
752 4241 878 4316 expedit
900 4241 1054 4298 universis
1062 4258 1069 4309 ;
1092 4239 1176 4312 quod
1201 4239 1273 4312 quia
1297 4237 1465 4312 prudentes
1489 4243 1519 4295 et
1541 4235 1669 4310 providi

405 4352 465 4408 viri
489 4349 634 4408 videlicet
666 4349 812 4420 Marinus,
844 4347 928 4406 filius
952 4347 1070 4418 Klari0,
1093 4344 1195 4422 judex,
1219 4344 1321 4422 jurati,
1355 4345 1526 4403 consiliarii
1548 4349 1579 4402 et
1600 4343 1668 4400 uni·

404 4457 486 4514 versi
502 4457 586 4515 cives
601 4471 638 4514 ac
661 4461 725 4514 tota
742 4455 948 4513 communitas
964 4453 1097 4511 civitatis
1113 4453 1228 4510 montis
1240 4451 1402 4510 Grecensis
1416 4449 1454 4508 de
1478 4447 1668 4523 quibusdam

403 4563 563 4635 sexaginta
595 4561 717 4620 florenis
747 4561 824 4633 auri,
848 4577 904 4634 per
935 4565 1068 4633 quatuor
1103 4563 1133 4616 et
1163 4557 1300 4616 mediam
1324 4571 1435 4630 pensas
1469 4555 1667 4613 denariorum

403 4669 624 4728 wiennensium
649 4667 868 4743 computando,
892 4683 948 4742 per
971 4667 1055 4741 ipsos
1077 4665 1176 4724 nobili
1200 4670 1231 4722 et
1264 4677 1412 4737 generose
1446 4661 1573 4720 domine
1607 4659 1670 4719 Ge·

403 4775 511 4834 drudis
535 4781 651 4848 vocate,
673 4775 781 4833 relicte
815 4773 947 4832 condam
984 4773 1102 4831 domini
1125 4771 1264 4829 Muchim
1298 4771 1337 4828 de
1372 4767 1545 4842 Lippouch,
1580 4769 1667 4826 iuxta

402 4883 625 4940 continenciam
656 4882 834 4940 litterarum
870 4879 1130 4952 obligatoriamm
1164 4877 1396 4937 communitatis
1429 4877 1601 4950 prenotate,
1618 4917 1621 4924 .
1636 4874 1669 4931 in

402 4987 480 5046 festo
504 4989 601 5046 suncti
625 4989 748 5046 Martini
773 4988 910 5060 episcopi
932 4992 962 5043 et
985 4985 1168 5044 confessoris
1192 4984 1330 5059 plenarie
1347 4981 1530 5056 persolvere
1554 4980 1669 5039 deben-
