3804 5858
570 579 643 636 Doc.
661 588 736 654 325.
760 609 802 619 —
825 575 882 635 An.
906 571 996 655 1481.
1348 597 1411 659 413

159 796 331 856 earumdem
363 793 531 868 existendo,
554 799 680 867 tempus
702 793 939 867 prescripcionis
962 792 1166 852 ecclesiastice
1189 794 1308 854 dudum
1330 813 1414 856 com·

157 903 285 978 plevisse
307 906 337 960 et
369 899 616 972 transscendisse,
648 898 788 974 prelatus
818 905 1002 974 procurator
1025 898 1099 957 dicti
1131 899 1249 960 domini
1273 903 1412 978 episcopi

157 1009 253 1068 nullas
268 1009 388 1067 litteras
403 1005 625 1083 prohibitorias
648 1011 701 1064 aut
717 1006 795 1064 alias
817 1005 881 1065 litis
897 1007 1071 1064 mocionem
1095 1006 1283 1080 denotantes,
1300 1009 1414 1084 quibus

155 1115 410 1191 prescripcionem
433 1105 563 1172 eandem
586 1128 733 1187 rumpere
749 1111 899 1186 potuisset
919 1111 1066 1171 exhibere
1082 1113 1226 1188 valuisse,
1244 1115 1282 1173 ex
1305 1120 1414 1190 preex-

155 1219 319 1280 hibitarum
349 1200 526 1279 litterarum
556 1197 763 1277 antefatorum
794 1217 993 1277 dominorum
1023 1217 1203 1292 Eberhardi,
1237 1219 1361 1280 Andree
1383 1227 1413 1281 et

153 1326 296 1412 Johannis
320 1327 539 1401 episcoporum
556 1340 592 1382 ac
606 1331 784 1383 nostrorum
803 1319 1005 1383 affirmatorie
1021 1325 1180 1383 tenoribus
1197 1326 1281 1385 clare
1297 1333 1327 1386 et
1348 1343 1414 1410 ma·

153 1433 255 1492 nileste
285 1433 528 1508 reperiebantur,
564 1429 801 1506 propterquod
830 1437 967 1505 pretacte
998 1436 1078 1489 terre
1098 1431 1231 1490 arabiles
1254 1437 1285 1490 et
1308 1431 1414 1493 fenilia

153 1539 266 1614 absque
288 1539 373 1598 omni
397 1536 542 1597 decimali
565 1543 594 1596 et
611 1538 672 1596 alia
696 1538 836 1612 qualibet
858 1537 1015 1596 solucione
1039 1537 1168 1613 prelatis
1193 1537 1327 1597 dominis
1343 1553 1412 1614 pre·

152 1639 304 1704 bendariis
325 1651 355 1703 et
385 1641 533 1703 altaristis
555 1658 636 1703 nunc
667 1641 841 1702 constitutis
869 1649 899 1702 et
922 1641 953 1702 in
976 1639 1117 1702 futurum
1139 1643 1359 1704 constituendis
1381 1645 1413 1704 in

152 1757 334 1827 perpetuum
365 1749 572 1810 readiudicari
602 1757 633 1809 et
662 1751 797 1824 relinqui
826 1750 962 1821 debere,
980 1751 1040 1825 ipsi
1064 1765 1188 1825 quoque
1212 1752 1412 1826 prebendarii

150 1858 259 1916 amodo
283 1857 428 1931 deinceps
462 1855 565 1915 nullas
596 1859 696 1915 terras
726 1860 757 1915 et
787 1854 893 1914 senilia
924 1871 961 1914 ac
995 1857 1072 1915 alias
1096 1855 1282 1916 hereditates
1304 1873 1322 1916 a
1345 1855 1413 1932 qni-

149 1965 340 2038 buscumque
355 1964 534 2021 hominibus
550 1961 624 2021 dicti
647 1964 844 2037 episcopatus
859 1963 977 2036 absque
989 1977 1138 2022 consensu
1161 1969 1191 2022 et
1208 1963 1411 2037 permissione

151 2069 222 2130 dicti
245 2070 363 2129 domini
394 2069 533 2128 Oswaldi
555 2070 694 2144 episcopi
718 2084 915 2142 quocumque
937 2069 1030 2127 titulo
1054 2071 1195 2127 obtentas
1219 2076 1250 2128 et
1272 2076 1412 2144 receptas

150 2177 249 2236 accis
272 2175 390 2234 dandas
413 2183 442 2234 et
465 2175 613 2250 legandas
636 2175 734 2246 aliter,
758 2175 816 2233 nisi
841 2183 911 2233 cum
934 2175 1074 2234 serviciis
1096 2182 1126 2234 et
1146 2176 1359 2234 solucionibus
1374 2175 1411 2234 de

148 2283 264 2342 eisdem
287 2281 363 2341 fisco
385 2281 556 2357 episcopali
580 2283 844 2356 provenientibus·
859 2289 962 2340 tenere
985 2295 1076 2356 posse
1092 2289 1122 2340 et
1137 2281 1251 2352 valere,
1267 2282 1359 2341 nobis
1374 2295 1410 2340 ac

145 2389 251 2449 ceteris
286 2387 420 2448 dominis
453 2389 591 2464 prelatis,
626 2389 796 2447 baronibus
831 2396 861 2447 et
883 2389 970 2462 regni
1000 2389 1169 2462 nobilibus,
1193 2385 1411 2462 magistrisque

145 2492 388 2572 prothonotariis
423 2510 459 2552 ac
492 2492 600 2570 juratis
624 2495 832 2554 assessoribus
866 2495 1163 2555 nostrisnobiscum
1187 2493 1355 2570 injudicio
1379 2501 1411 2554 et

145 2603 287 2660 examine
310 2616 400 2660 cause
413 2601 563 2676 premisse
586 2601 788 2660 existentibus
812 2608 841 2660 et
863 2601 1029 2676 superinde
1053 2601 1173 2660 diucius
1196 2601 1408 2674 tractantibus,

144 2707 376 2782 agnoscebatur.
400 2703 462 2766 Pro
483 2721 520 2766 eo
544 2708 726 2766 eorumdem
750 2707 948 2766 dominorum
972 2709 1174 2782 prelatorum,
1198 2709 1352 2766 baronum
1377 2713 1408 2766 et

142 2813 230 2886 regni
244 2809 409 2885 nobilium,
426 2813 710 2887 magistrorumque
726 2815 1034 2888 prothonotariorum
1053 2829 1088 2872 ac
1103 2811 1275 2890 juratorum
1288 2823 1410 2872 nostro·

140 2935 211 2978 rum
246 2923 437 2978 assessorum
472 2919 593 2993 quesito
627 2927 658 2978 et
693 2925 855 2994 assumpto
879 2920 1046 2994 superinde
1069 2919 1202 2979 consilio
1226 2927 1409 2995 prematuro

140 3031 295 3101 pretactas
318 3033 416 3084 terras
439 3025 574 3084 arabiles
597 3032 627 3084 et
651 3024 758 3084 senilia
782 3025 925 3100 superius
948 3026 1133 3083 nominatim
1166 3025 1356 3099 conscriptas
1380 3029 1410 3082 et

138 3131 304 3205 declarata,
327 3144 445 3190 necnon
469 3131 575 3190 vineas
599 3133 631 3190 in
646 3131 856 3206 preallegatis
878 3132 990 3190 litteris
1007 3131 1163 3190 dictorum
1187 3131 1408 3204 episcoporum

137 3237 331 3312 specificatae
355 3243 385 3296 et
408 3243 566 3295 contentas
589 3237 717 3312 prefatis
731 3236 945 3312 prebendariis
956 3242 991 3295 ,et
1014 3236 1161 3294 altaristis
1184 3250 1243 3310 pro
1267 3243 1408 3310 tempore

138 3343 314 3402 constitutis
337 3357 373 3400 ac
395 3343 536 3418 ipsorum
560 3343 622 3403 aris
646 3335 818 3418 prenotatis
840 3344 872 3400 in
896 3343 979 3400 dicta
1002 3342 1130 3400 ecclesia
1153 3343 1409 3414 zagrabiensiba·

138 3450 214 3508 bitis
238 3455 269 3508 et
300 3449 484 3508 constructis
519 3448 587 3526 jure
603 3450 735 3524 pristino
759 3449 803 3507 eis
825 3463 864 3507 ex
887 3447 1047 3523 premissis
1071 3446 1262 3506 incumbenti
1284 3448 1316 3506 in
1340 3461 1409 3522 per-

136 3561 272 3630 petuum
302 3555 548 3614 readiudicantes
582 3555 789 3630 relinquimus
820 3561 850 3614 et
874 3555 1088 3614 commisimus
1110 3560 1222 3625 tenere,
1246 3553 1405 3628 possidere

133 3668 165 3722 et
188 3661 308 3720 habere
332 3664 515 3722 auctoritate
537 3667 643 3721 nostra
665 3661 827 3721 iudiciaria
849 3661 1014 3734 mediante,
1039 3661 1127 3720 salvo
1150 3659 1218 3736 jure
1241 3661 1351 3720 alieno.
1372 3660 1408 3718 ln

131 3769 223 3827 cuius
248 3770 293 3827 rei
324 3769 518 3842 memoriam,
541 3769 788 3842 firmitatemque
816 3773 1002 3842 perpetuam
1033 3771 1191 3842 presentes
1214 3767 1333 3825 litteras
1355 3779 1409 3825 no·

130 3881 213 3934 stras
238 3873 452 3950 privilegiales
476 3873 678 3950 pendentium
701 3876 929 3935 autenticorum
948 3874 1128 3947 sigillorum
1143 3880 1321 3932 nostrorum
1334 3885 1403 3932 mu·

128 3981 253 4039 nimine
269 3982 439 4054 roboratas,
456 3981 572 4040 eisdem
588 3981 804 4057 prebendariis
820 3987 850 4039 et
864 3981 926 4038 aris
942 3993 1051 4038 eorum
1074 3979 1244 4054 prenotatis
1260 3979 1408 4036 duximus

130 4085 357 4145 concedendas.
387 4087 505 4145 Datum
528 4087 681 4161 vigesimo
704 4087 838 4162 septimo
862 4085 912 4144 die
936 4065 1187 4159 congregacionis
1211 4091 1315 4144 nostre
1339 4101 1409 4159 pre·

128 4191 214 4252 dicte
246 4194 279 4252 in
312 4193 382 4252 loco
417 4202 609 4253 memorato:
636 4198 725 4254 Anno
749 4193 868 4254 domini
901 4193 1071 4252 millesimo
1100 4191 1406 4266 quadringentesimo

128 4301 349 4374 octuagesimo
372 4303 484 4376 primo.

238 4527 264 4576 E
283 4531 444 4592 transumpto
469 4540 534 4575 saec.
559 4523 639 4579 xvi.
658 4525 814 4575 In'arclaivo
833 4541 891 4578 ven.
911 4521 1019 4591 capituli
1038 4521 1131 4589 zagrab
1158 4521 1219 4573 isse.
1240 4531 1281 4585 31.
1301 4537 1339 4574 nr.
1361 4533 1396 4585 30

1092 4631 1094 4638 ’
1284 4637 1308 4670 ο,
