3948 5804
397 569 436 644 98
821 567 895 627 Doc.
919 577 967 642 75.
992 600 1034 610 —
1057 568 1115 626 An.
1140 581 1232 646 1434.

395 782 533 839 biensem
556 780 717 840 ecclesiam
741 785 770 840 et
792 784 964 857 capitulum
989 781 1028 839 ad
1053 781 1204 840 fabricam
1228 755 1344 842 scilicit
1369 785 1507 844 eiusdem
1554 803 1665 860 perpe·

395 888 457 946 tuis
480 889 674 962 temporibus
698 887 885 947 devolvatur
908 897 938 948 et
967 889 1201 961 condescendat,
1224 891 1285 963 ipsi
1319 891 1455 950 Rodollo
1486 899 1516 950 et
1546 893 1667 966 prefato

395 993 463 1053 filio
486 1010 542 1053 suo
566 999 619 1052 aut
642 1009 749 1053 eorum
773 997 1002 1054 successoribus
1033 996 1244 1054 contradicere
1267 1013 1329 1058 non
1353 999 1531 1057 valentibus
1554 1000 1586 1057 in
1608 1001 1667 1057 hac

398 1105 495 1173 parte.
519 1099 568 1158 Ad
600 1115 660 1172 que
691 1101 795 1157 omnia
827 1107 856 1157 et
887 1101 1010 1173 singula
1041 1101 1221 1174 supradicta
1251 1104 1486 1176 prenominatus
1515 1104 1668 1162 Rodolfus

393 1219 499 1264 coram
521 1207 611 1265 nobis
624 1208 757 1264 existens
768 1208 944 1265 assistencia
968 1209 1124 1282 personali
1148 1223 1204 1266 suo
1227 1213 1256 1266 et
1282 1207 1355 1268 dieti
1379 1209 1438 1266 lilii
1460 1211 1508 1267 sui
1524 1225 1665 1268 suorum·

208 1335 213 1344 ·
312 1363 315 1370 .
394 1327 454 1388 que¹
477 1326 690 1370 successorum
712 1313 892 1372 nominibus
916 1320 945 1372 et
965 1315 996 1372 in
1027 1317 1168 1388 personis
1203 1316 1285 1374 bona
1313 1315 1376 1373 fide
1399 1321 1429 1373 et
1459 1317 1524 1374 sine
1556 1315 1666 1374 fraude

393 1417 545 1476 servanda
569 1425 599 1476 et
620 1419 731 1478 effectu
750 1421 956 1494 mancipanda
978 1438 1011 1479 se
1034 1422 1188 1494 obligavit
1210 1423 1319 1496 vigore
1343 1429 1372 1482 et
1396 1423 1573 1482 testimonio
1596 1438 1665 1497 pre-

393 1525 530 1582 sencium
553 1525 715 1584 mediante.
740 1526 774 1583 ln
795 1528 882 1585 cuius
905 1529 951 1585 rei
984 1529 1169 1586 memoriam
1201 1534 1232 1586 et
1269 1535 1455 1604 perpetuam
1485 1529 1665 1587 firmitatem

393 1637 551 1704 presentes
574 1632 693 1690 litteras
716 1639 836 1691 nostras
860 1635 1066 1692 concessimus
1089 1636 1185 1692 nostri
1205 1636 1301 1708 sigilli
1318 1637 1463 1694 autentici
1494 1636 1664 1693 munimine

393 1743 423 1793 et
444 1739 632 1812 appensione
654 1740 825 1798 roboratas.
850 1740 966 1798 Datum
990 1741 1020 1798 iu
1046 1740 1124 1799 festo
1147 1743 1245 1799 sancti
1267 1743 1376 1825 Jacobi
1404 1743 1546 1816 apostoli.
1573 1743 1662 1800 Anno

393 1843 511 1901 domini
534 1845 703 1904 millesimo
728 1845 1033 1920 quadringentesimo
1057 1849 1214 1906 tricesimo
1237 1855 1356 1922 quarto

498 1981 631 2046 Originale
649 1981 676 2032 iu
695 1982 849 2033 membrana.
869 1985 940 2032 Zona
958 1983 1054 2032 sericea
1072 1979 1180 2032 violacei
1200 1981 1293 2032 coloris
1312 1983 1441 2049 dependet
1454 1983 1552 2046 absque
1561 1983 1650 2047 sigillo

391 2071 424 2120 In
441 2069 556 2120 archivio
573 2087 630 2122 ven.
650 2071 756 2138 capituli
776 2071 950 2134 zagrabieusis

1001 2266 1059 2334 75.

497 2409 577 2458 Auno
599 2419 674 2471 1434,
692 2420 733 2473 25.
752 2407 826 2472 Julii.
846 2393 962 2462 damae,

397 2536 501 2624 Caram
523 2537 648 2610 capitulo
669 2535 813 2606 lasmensi,
838 2534 1009 2611 liudolphus
1031 2537 1165 2608 Albanus,
1188 2534 1292 2596 nobilis
1323 2537 1356 2594 de
1386 2537 1519 2608 Medvcd,
1541 2546 1654 2612 posscs-

390 2643 515 2700 sianibus
546 2642 709 2718 Kraljevec,
745 2641 834 2718 Cerje,
867 2643 1016 2718 Kobiljak,
1047 2642 1158 2718 Sviblje
1187 2655 1214 2700 et
1244 2643 1334 2712 Nart,
1366 2661 1439 2717 quas
1461 2642 1652 2701 Eberhardus

390 2751 535 2824 episcopas
564 2749 728 2806 cathedrali
755 2750 885 2808 ecclesiae
914 2749 1098 2822 zagvabr'ensi
1124 2751 1156 2806 in
1171 2756 1343 2824 perpetuam
1366 2751 1505 2806 altarium
1527 2749 1651 2824 reliquit,

601 2874 630 2916 se
653 2856 767 2916 abdicat
789 2875 892 2930 casque
914 2857 1039 2930 capitulo
1061 2855 1307 2914 adnrinistrandas
1329 2855 1427 2914 tradit.

495 2997 558 3056 Nos
584 2999 756 3073 capitulum
782 2999 909 3058 ecclesie
932 3000 1129 3058 chasmensis.
1159 3001 1308 3060 Memorio
1333 2998 1587 3057 commendamus
1614 3004 1657 3056 te·

389 3118 463 3162 nore
487 3105 681 3178 presencium
704 3105 912 3178 significantes
936 3107 1049 3179 quibus
1072 3105 1196 3180 expedit
1219 3105 1381 3164 universis.
1405 3103 1498 3177 Quod
1513 3105 1654 3176 egregius

389 3215 419 3268 et
441 3211 556 3268 nobilis
579 3211 627 3268 vir
652 3211 847 3286 Rodolphus‚
870 3211 956 3270 filius
977 3211 1136 3285 Rodolphi
1159 3210 1198 3269 de
1220 3209 1341 3269 Medwe
1364 3210 1442 3268 alias
1473 3209 1511 3268 de
1542 3210 1653 3282 Alben,

387 3327 494 3376 nostra
519 3317 702 3376 constitutus
725 3317 756 3376 in
780 3319 938 3393 presencia
963 3318 996 3376 in
1018 3333 1074 3376 sua
1093 3332 1129 3376 ac
1151 3316 1312 3388 leonardi,
1339 3315 1399 3374 filii
1421 3317 1477 3388 sui,
1503 3317 1656 3390 personis,

389 3437 465 3481 onus
488 3429 517 3481 ct
540 3439 710 3496 gravamen
734 3424 873 3482 eiusdem
896 3423 1049 3482 Leonardi
1068 3423 1130 3482 filii
1151 3425 1200 3482 sui
1222 3424 1253 3482 iu
1276 3440 1308 3483 se
1331 3421 1515 3481 assumendo
1532 3421 1610 3480 dixit
1626 3427 1657 3480 et

389 3533 434 3586 est
457 3529 614 3587 confessus
637 3531 709 3588 vive
732 3531 818 3588 vocis
841 3547 895 3588 sue
918 3530 1061 3588 oraculo:
1094 3529 1253 3603 quomodo
1282 3530 1349 3602 ipse
1383 3527 1491 3586 sedula
1527 3527 1656 3586 medita-

387 3636 475 3693 eione
498 3636 529 3693 in
552 3636 600 3694 sui
624 3635 727 3694 cordis
758 3637 893 3694 armario
923 3637 1088 3694 revolvens
1119 3642 1149 3696 et
1178 3641 1300 3694 matura
1331 3633 1559 3694 deliberacione
1592 3635 1657 3692 ani·

388 3741 593 3814 madvertens,
611 3759 673 3814 sue,
686 3741 898 3816 heredumque
915 3751 944 3800 et
968 3741 1100 3801 fratrum
1117 3757 1244 3800 suorum
1259 3741 1351 3800 saluti
1373 3741 1541 3812 intendens,
1558 3741 1655 3816 potis-

386 3849 464 3906 sime
488 3847 618 3906 condam
643 3847 806 3908 reverendi
836 3849 867 3906 in
897 3849 1021 3908 Christo
1051 3849 1148 3922 patris
1179 3848 1298 3907 domini
1320 3847 1493 3906 Eberhardi
1516 3848 1655 3922 episcopi

386 3955 602 4026 zagrabiensis,
637 3953 736 4012 felicis
766 3955 993 4012 recordacionis
1028 3955 1246 4028 consanguinei
1279 3957 1334 4026 sui,
1358 3969 1376 4012 a
1400 3969 1462 4028 quo
1487 3954 1653 4028 quamplu-

355 4096 363 4111 .
386 4059 465 4117 rime
488 4060 695 4133 possessiones
718 4064 748 4117 et
770 4059 920 4118 nonnulla
945 4061 1130 4134 temporalia
1153 4061 1236 4119 bona
1260 4061 1291 4118 in
1318 4062 1422 4134 ipsum
1446 4075 1579 4134 suosque
1602 4061 1657 4117 he·

386 4165 474 4224 redes
508 4165 801 4240 condescendissent,
837 4167 1007 4240 eademque
1038 4168 1166 4225 haberet
1189 4173 1219 4226 et
1242 4167 1422 4240 possideret,
1439 4181 1497 4241 pro
1522 4181 1656 4240 quorum

387 4271 609 4330 beneficiorum
633 4273 722 4331 donis
745 4275 785 4332 ab
808 4274 877 4348 ipso
901 4274 1032 4332 condam
1064 4273 1191 4332 domino
1221 4273 1401 4331 Eberhardo
1432 4274 1588 4347 episeopo,
1621 4277 1654 4330 ut

387 4377 550 4452 prefertur,
587 4381 751 4454 perceptis
785 4381 893 4438 nolens
928 4381 1009 4438 vicio
1040 4379 1268 4452 ingratitudinis
1301 4381 1410 4451 notari,
1446 4379 1520 4453 quin
1544 4379 1653 4453 pocius

385 4501 507 4544 memor
529 4493 558 4544 et
580 4491 687 4558 gratus
710 4487 849 4559 reperiri,
865 4486 903 4544 ad
929 4485 1055 4544 laudern
1079 4486 1127 4544 dei
1151 4487 1371 4559 omnipotentis
1394 4491 1424 4544 et
1439 4485 1574 4558 gloriose
1591 4485 1653 4542 vir·

384 4595 464 4663 ginis
488 4593 593 4664 Marie,
617 4593 725 4650 matris
750 4592 808 4664 dei,
832 4593 982 4650 honorem
1006 4608 1041 4650 ac
1065 4593 1163 4651 tocius
1187 4593 1306 4650 celestis
1328 4593 1412 4650 curie
1434 4592 1567 4664 gloriam
1592 4605 1650 4664 pro

384 4700 521 4758 uberiori
544 4697 728 4756 fundacione
751 4707 780 4755 et
802 4699 936 4757 firmiori
960 4705 1109 4773 perpetua
1132 4700 1300 4759 stabilitate
1324 4699 1455 4756 duarum
1473 4699 1649 4767 missarum,

383 4807 473 4863 unius
508 4806 539 4862 in
574 4809 673 4876 cantu,
708 4805 836 4862 alterius
869 4807 900 4864 in
936 4805 1053 4863 lectura
1084 4806 1115 4861 in
1139 4820 1192 4862 ara
1217 4811 1319 4862 sancte
1343 4806 1442 4863 crucis
1468 4805 1499 4861 in
1522 4803 1651 4862 ecclesia

383 4913 479 4969 sancti
511 4901 593 4980 regis
626 4909 775 4984 Stephani
809 4913 1000 4984 zagrablensi
1024 4910 1207 4980 kathedrali,
1233 4927 1288 4984 per
1311 4912 1414 4984 ipsum
1438 4909 1569 4968 condam
1594 4907 1648 4966 do·

383 5019 502 5075 minum
526 5015 741 5074 Eberhardum
765 5019 945 5092 episcopum
977 5033 1035 5092 pro
1066 5019 1168 5074 anime
1209 5033 1263 5076 sue
1293 5018 1392 5076 salute
1424 5017 1548 5074 cottidie
1572 5015 1650 5073 cele·
