3932 5806
365 564 427 638 316
775 565 848 622 Doc.
871 561 942 640 256.
967 598 1006 608 -
1031 566 1089 623 An.
1114 567 1204 643 1407.

363 793 474 838 norum
498 782 747 854 congregacionis
770 781 917 840 videlicet
939 790 1051 856 nostre,
1076 785 1160 842 exire
1183 785 1330 854 nolentes,
1363 781 1565 856 videntesque
1595 786 1626 840 et

361 885 520 945 audientes
542 895 642 946 certos
665 887 840 946 sacerdotes
870 895 1002 962 propter
1033 892 1164 948 crimina
1195 890 1376 960 demutatus,
1407 889 1487 947 risus
1518 893 1549 946 et
1578 903 1628 946 ca·

360 993 473 1066 phinos
501 993 665 1064 elevantes,
698 993 872 1052 sacerdotes
903 1010 1011 1054 omnes
1042 1001 1072 1055 et
1100 997 1240 1070 singulos
1263 995 1464 1065 deridebant;
1488 994 1626 1070 dumque

361 1112 417 1156 nos
447 1099 575 1172 plebani
605 1101 770 1174 prescripti
800 1101 882 1158 ultra
913 1116 1121 1174 communem,
1153 1102 1332 1161 diuturnam
1363 1107 1394 1160 et
1416 1101 1625 1176 approbatam

361 1205 615 1264 consuetudinem
637 1206 669 1267 in
691 1208 760 1280 ipsa
783 1222 870 1264 sacra
892 1207 1026 1266 sinodali
1049 1208 1169 1266 diucius
1192 1214 1343 1278 tenemur,
1366 1207 1569 1280 volentesque
1590 1207 1622 1264 in

361 1325 397 1368 ea
420 1310 573 1370 mandatis
604 1311 717 1386 prefati
747 1311 867 1372 domini
897 1311 1046 1387 Stephani
1075 1313 1215 1388 episcopi
1245 1311 1438 1387 presidentis,
1467 1317 1502 1372 ut
1532 1311 1628 1370 finem

361 1417 547 1490 videremus,
570 1420 797 1493 obtemperare,
823 1418 899 1476 dum
922 1419 1036 1476 ultimo
1066 1419 1125 1490 die,
1157 1419 1304 1478 videlicet
1334 1418 1384 1476 die
1415 1418 1523 1478 Martis
1552 1423 1624 1492 post

362 1523 444 1582 diem
470 1526 664 1584 Ascensionis
680 1525 800 1584 domini
824 1526 976 1600 proxima,
992 1523 1032 1584 ad
1048 1525 1152 1583 locum
1169 1525 1296 1584 ecclesie
1312 1529 1474 1598 prenotate
1489 1523 1626 1594 solitum,

361 1629 401 1688 ad
423 1645 534 1688 sonum
558 1646 669 1704 magne
692 1646 842 1705 campane
866 1631 970 1702 turris,
994 1629 1078 1704 quod
1101 1636 1167 1688 erat
1187 1631 1279 1690 nobis
1302 1629 1495 1700 mandatum,
1518 1629 1624 1688 statim

361 1735 443 1794 facto
466 1737 598 1811 prandio
622 1739 882 1809 convenissemus,
914 1735 1057 1810 foresque
1088 1737 1224 1806 ecclesie,
1255 1752 1294 1794 ne
1325 1736 1400 1794 dicti
1429 1734 1627 1794 sacerdotum

360 1842 478 1901 inimici
501 1843 573 1902 laici
596 1843 743 1902 videlicet
765 1849 796 1901 et
819 1847 1031 1916 persecutores
1054 1843 1212 1914 intrarent,
1235 1842 1380 1902 claudere
1410 1841 1627 1909 voluissemus,

360 1961 397 2006 ac
418 1947 569 2021 quosdam
593 1950 669 2008 certi
691 1966 730 2007 ex
752 1949 843 2008 nobis
859 1949 982 2008 racione
998 1949 1224 2022 premissorum
1239 1949 1415 2023 spoliorum
1429 1949 1515 2022 ipsos
1532 1947 1627 2006 laicos

359 2055 540 2127 arguissent,
565 2062 670 2114 utres
693 2055 873 2114 huiusmodi
896 2055 936 2114 ab
959 2055 1036 2129 ipsis
1058 2055 1180 2112 ablatas
1203 2055 1356 2114 benevole
1378 2055 1499 2112 restitui
1521 2051 1624 2126 requi·

363 2159 481 2231 sissent,
508 2161 622 2234 prefati
652 2161 724 2220 laici
754 2177 826 2219 cum
856 2161 1063 2234 complicibus
1094 2161 1157 2218 suis
1185 2160 1364 2234 prenotatis,
1387 2159 1501 2234 gladiis
1523 2158 1626 2230 evagi-

359 2265 447 2336 nnis,
471 2267 592 2324 balistis
615 2267 825 2341 apprehensis,
850 2267 948 2326 clavis
971 2265 1078 2324 ferreis
1101 2266 1243 2340 arreptis,
1266 2267 1320 2324 alii
1351 2280 1427 2324 vero
1449 2265 1571 2340 lapides
1592 2265 1624 2324 in

360 2387 454 2430 manu
477 2379 622 2445 tenentes,
645 2380 793 2447 tanquam
815 2373 969 2444 insensati,
993 2388 1086 2429 cursu
1109 2373 1218 2442 veloci,
1240 2387 1297 2430 nos
1329 2387 1481 2447 pauperes
1509 2379 1540 2430 et
1571 2387 1627 2444 op·

361 2493 487 2551 pressos
514 2479 673 2553 plebanos,
697 2481 796 2538 immo
827 2483 858 2536 et
888 2478 1030 2537 dominos
1061 2480 1248 2552 capitulares
1271 2481 1303 2538 in
1326 2479 1407 2538 dicta
1430 2478 1559 2538 ecclesia
1581 2478 1627 2536 in·

361 2585 471 2654 clusos,
503 2586 599 2643 nullis
629 2587 743 2644 nostris
774 2601 830 2643 nec
859 2585 1000 2658 ipsorum
1032 2583 1190 2642 demeritis
1211 2585 1414 2657 exigentibus,
1438 2583 1492 2643 sed
1515 2585 1623 2658 pocius
1683 2646 1686 2651 ,

360 2691 465 2748 animo
488 2691 667 2750 inimicandi
690 2699 720 2749 et
742 2691 942 2764 malignandi,
966 2692 1146 2749 invaserunt
1161 2697 1192 2748 et
1207 2707 1278 2748 cum
1294 2691 1481 2764 supradictis
1495 2691 1626 2764 ingeniis

360 2795 427 2854 dire
450 2806 667 2870 percusserunt
689 2803 719 2856 et
738 2799 984 2856 verberaverunt
999 2799 1051 2870 sic,
1068 2797 1152 2871 quod
1170 2797 1359 2871 quibusdam
1375 2814 1493 2870 manus,
1510 2799 1625 2871 quibus

359 2901 463 2976 pedes,
492 2904 606 2976 quibus
636 2904 742 2975 latera,
773 2903 963 2976 quibusdam
993 2903 1085 2962 dorsa
1116 2904 1340 2964 immanissime
1377 2906 1624 2964 verberaverunt

360 3009 458 3066 eciam
480 3008 545 3068 iere
565 3027 663 3084 usque
685 3010 725 3067 ad
750 3015 884 3068 mortem
891 3027 899 3079 ;
921 3009 1001 3067 alios
1022 3016 1127 3068 autem
1150 3009 1401 3081 vulneraverunt,
1427 3010 1578 3083 quosdam
1594 3011 1626 3067 in

360 3113 446 3188 facie,
470 3115 623 3189 quosdam
645 3117 677 3174 in
702 3116 825 3188 plantis,
849 3113 1001 3188 quosdam
1021 3115 1053 3174 in
1074 3115 1209 3173 brachiis
1216 3133 1224 3187 ;
1241 3117 1423 3189 sanguinem
1438 3117 1554 3174 Christi
1576 3131 1624 3174 sa·

359 3221 518 3280 cerdotum
542 3221 756 3280 crudelissime
779 3237 836 3294 per
864 3227 961 3280 totam
993 3221 1185 3279 effundentes
1217 3222 1388 3293 eeclesiam,
1420 3222 1459 3280 de
1488 3237 1624 3295 quorum

359 3342 490 3386 numero
512 3344 591 3385 unus
615 3333 757 3386 mortuus
787 3333 840 3398 est,
872 3327 965 3384 multi
993 3341 1069 3384 vero
1100 3328 1280 3399 languentes
1303 3333 1437 3386 mortem
1460 3327 1500 3386 de
1522 3328 1572 3390 die
1593 3329 1625 3388 in

360 3433 443 3492 diem
467 3433 722 3507 prestolarantur.
745 3433 784 3490 Et
806 3432 883 3490 dnm
904 3433 961 3490 hec
985 3433 1173 3494 reverendus
1196 3441 1294 3507 pater,
1319 3434 1457 3508 prelatus
1480 3435 1626 3494 videlicet

359 3539 505 3600 dominus
527 3539 702 3614 Stephanus
724 3539 888 3612 episcopus
911 3545 941 3596 et
963 3538 1124 3612 presidens
1140 3540 1372 3612 pontificalibus
1387 3539 1513 3600 indutus
1527 3557 1623 3616 appa-

358 3647 515 3717 ramentis,
539 3646 689 3718 premissa
713 3643 823 3702 sedare
846 3644 996 3702 voluisset
1018 3653 1049 3702 et
1073 3646 1134 3718 ipsi
1164 3645 1273 3702 sinodo
1304 3645 1399 3704 finem
1430 3663 1502 3705 cum
1536 3649 1626 3708 bene·

359 3753 497 3814 diceione
527 3754 695 3826 imponere,
726 3750 857 3824 sepefati
888 3751 1038 3808 satellites
1082 3766 1145 3810 non
1175 3752 1280 3808 solum
1310 3753 1370 3825 ipsi
1401 3752 1528 3812 domino
1560 3755 1625 3826 epi·

357 3875 453 3933 scopo
476 3875 575 3931 neque
598 3859 697 3918 altero
719 3860 803 3916 clero
826 3857 1016 3929 dignissimo
1039 3857 1094 3916 sed
1119 3865 1148 3914 et
1170 3839 1312 3932 corporis
1336 3858 1483 3918 dominici
1516 3860 1548 3918 in
1578 3863 1625 3934 ipe

358 3981 465 4024 sorum
496 3974 623 4039 aspectu
653 3967 811 4023 existentis
843 3963 1005 4035 irreveriti,
1036 3965 1115 4022 alios
1147 3965 1280 4022 insultus
1318 3967 1437 4039 peiores
1468 3966 1625 4040 prioribus

359 4072 459 4131 lacere
482 4087 545 4130 non
568 4073 759 4130 erubuerunt
767 4090 774 4141 ;
798 4079 828 4128 et
850 4070 910 4128 nisi
931 4071 998 4144 ipse
1020 4069 1166 4128 dominus
1183 4070 1357 4145 Stephanus
1374 4073 1538 4146 episcopus
1555 4087 1624 4146 pre·

359 4179 462 4238 sidens
485 4181 517 4238 in
540 4180 645 4237 locum
661 4179 800 4236 sacristia
817 4193 876 4236 una
899 4192 971 4234 cum
988 4177 1078 4234 certis
1095 4176 1229 4235 dominis
1245 4178 1470 4251 capitularibus
1486 4164 1624 4237 reclusus

357 4284 472 4357 fuisset,
491 4300 553 4344 non
574 4285 693 4357 absque
710 4284 849 4357 periculo
865 4298 919 4340 sue
934 4282 1093 4355 dignitatis
1109 4283 1263 4342 exivisset.
1279 4284 1324 4342 Ex
1340 4284 1454 4356 quibus
1477 4285 1623 4342 omnibus

358 4391 402 4448 sic
424 4393 566 4464 nequiter
591 4392 720 4464 patratis
743 4391 862 4448 infinita
888 4389 1034 4446 scandala
1056 4390 1087 4447 in
1111 4391 1194 4448 clero
1217 4397 1325 4448 exorta
1348 4397 1419 4448 sunt
1441 4399 1472 4448 et
1495 4391 1623 4448 ecclesie

359 4505 461 4555 sancte
477 4497 589 4556 iniuria
603 4496 795 4568 gravissima.
813 4497 943 4568 Hiisque
958 4495 1120 4553 maleficiis
1136 4497 1316 4570 prescriptis
1333 4512 1395 4554 non
1410 4497 1544 4554 contenti
1555 4511 1625 4569 pre·

358 4603 414 4661 fati
433 4604 541 4662 Petrus
565 4604 603 4662 de
616 4603 781 4674 Gudnwm,
798 4603 931 4660 vicarius
948 4604 1141 4677 temporalis,
1157 4603 1320 4661 Ladislaus
1336 4603 1375 4660 de
1396 4603 1528 4674 Greben,
1545 4602 1625 4660 vice·

358 4711 466 4782 banus,
489 4711 659 4784 Gregorius
675 4711 713 4768 de
731 4710 918 4768 Fodorowez
934 4717 965 4768 et
981 4711 1089 4768 Petrus
1113 4709 1152 4768 de
1175 4710 1317 4782 Byksaad
1333 4712 1364 4768 in
1388 4709 1504 4767 Christi
1526 4723 1626 4766 sacer·

359 4818 446 4876 dotes
458 4824 487 4875 et
500 4833 608 4876 eorum
622 4818 803 4890 sanguinem
817 4818 977 4889 sevientes,
988 4817 1124 4891 quodam
1139 4818 1336 4876 caritativum
1348 4800 1532 4888 subsidium,
1542 4813 1626 4889 quod

359 4925 466 4999 pocius
481 4925 713 4983 odiosissimum
729 4924 904 4983 subsidium
920 4931 950 4982 et
966 4925 1095 4998 proprie
1117 4925 1255 4998 spolium
1272 4924 1334 4983 dici
1349 4923 1450 4994 debet,
1467 4921 1623 4982 invenien-

360 5045 411 5106 tes,
436 5031 589 5106 quosdam
611 5031 651 5089 ad
676 5031 784 5090 decem
799 5031 940 5104 florenos,
958 5031 1012 5104 qui
1028 5033 1081 5090 vix
1104 5031 1182 5102 duo;
1199 5030 1352 5105 quosdam
1368 5029 1408 5090 ad
1429 5029 1549 5103 viginti,
1572 5028 1626 5102 qui
