3804 5858
696 543 770 604 Doc.
788 543 867 622 34⁶·
892 578 929 590 -
956 541 1130 623 An.1487.
1470 562 1530 624 455

265 769 296 822 et
318 761 499 821 Farcasium
523 766 612 836 parte
643 761 684 818 ab
712 759 811 818 altera
841 775 947 818 coram
971 761 1034 819 iam
1065 750 1534 834 dictozagrabiensis'''ecc1esie

265 869 403 944 capitulo
434 865 644 926 mediantibus
674 865 814 926 eiusdem
848 867 960 926 litteris
993 866 1084 938 facta,
1117 867 1204 925 nulla
1235 867 1374 925 eiusdem
1405 867 1535 942 capituli

265 975 412 1034 obviante
434 973 677 1032 contradictione
700 987 883 1032 consensum
907 974 1069 1046 prebuisse
1083 979 1113 1032 et
1129 988 1298 1046 assensum,
1313 974 1418 1048 ipsum
1433 974 1532 1032 eciam

267 1081 438 1156 capitulum
463 1079 562 1138 veluti
584 1080 630 1138 rei
652 1091 798 1136 consense
822 1083 852 1136 et
874 1078 1018 1151 admisse,
1034 1085 1164 1153 propter
1179 1093 1275 1153 quam
1290 1079 1533 1138 taciturnitatem
1604 1111 1610 1124 ι

221 1213 223 1216 ·
265 1193 296 1246 et
308 1186 460 1260 temporis
473 1185 708 1244 diuturnitatem
720 1183 837 1243 eisdem
853 1185 1030 1260 hospitibus
1045 1187 1131 1244 iuxta
1146 1186 1384 1261 prescripcionis
1396 1185 1533 1244 formam

264 1297 455 1368 perpetuate,
479 1291 693 1349 suscitatorem
716 1291 748 1350 in
771 1290 853 1349 iacto
876 1291 1055 1366 calumpnie
1078 1292 1195 1366 pariter
1211 1307 1283 1349 cum
1297 1291 1445 1366 predictis
1461 1307 1531 1366 pre-

264 1400 328 1458 lato
352 1414 388 1456 ac
410 1398 581 1456 baronibus
598 1402 628 1455 et
643 1397 732 1470 regni
747 1397 908 1456 nobilibus
920 1397 1127 1456 commisisset
1145 1396 1212 1456 fore
1228 1397 1405 1456 convictum
1424 1402 1531 1456 contra

264 1505 402 1580 hospites
433 1503 471 1562 de
501 1502 598 1562 Grecz
631 1508 817 1576 prenotatos.
850 1503 955 1562 Altera
987 1509 1092 1562 autern
1124 1504 1272 1578 ipsarum,
1296 1502 1443 1561 videlicet
1465 1503 1530 1562 iam

265 1611 339 1670 dicti
354 1610 484 1685 'capituli
499 1609 626 1668 ecclesie
649 1610 865 1682 zagrabiensis,
888 1609 993 1668 littera
1015 1609 1159 1668 similiter
1181 1609 1397 1686 privilegialis,
1420 1609 1527 1682 sigillo

265 1716 404 1776 eiusdem
427 1717 459 1775 iu
482 1715 628 1790 pendenti
651 1699 842 1775 commu'nita
859 1730 939 1774 anno
959 1714 1077 1774 domini
1095 1714 1265 1774 millesimo
1281 1714 1492 1774 ducentesimo
1506 1706 1530 1794 1)

265 1823 466 1897 nonagesimo
482 1820 618 1881 secundo
634 1827 751 1894 exorta,
773 1823 853 1880 inter
875 1827 991 1880 ceteras
1007 1821 1228 1896 disposiciones
1245 1836 1281 1880 ac
1296 1821 1358 1879 alia
1373 1822 1405 1880 in
1421 1820 1530 1880 eadem

265 1933 409 1988 contenta
431 1935 462 1988 et
485 1933 626 1988 enarrata
647 1929 774 2002 negocia
798 1945 855 2003 per
878 1928 1034 2003 predictos
1056 1927 1148 1999 cives,
1179 1925 1322 2002 judicem,
1351 1925 1468 2003 juratos
1499 1933 1530 1986 et

266 2037 427 2095 universos
451 2036 533 2094 cives
555 2035 690 2094 civitatis
712 2035 827 2094 montis
851 2035 1013 2092 Grecensis
1028 2032 1167 2108 predicte
1185 2048 1221 2092 ac
1233 2034 1336 2108 ipsum
1354 2032 1529 2109 capitulum

266 2159 322 2217 per
347 2143 501 2201 clausulas
524 2147 555 2200 et
576 2141 725 2200 articulos
747 2143 779 2200 in
809 2141 969 2200 tenoribus
998 2138 1136 2198 eiusdem
1168 2140 1358 2214 conscriptos
1387 2141 1467 2199 inter
1496 2155 1529 2198 se

265 2253 374 2306 mutuo
398 2248 494 2306 factas
517 2253 547 2306 et
570 2247 761 2322 specificatus
791 2248 871 2306 hanc
903 2247 1076 2304 clausulam
1107 2246 1298 2304 continebat:
1329 2250 1439 2321 utpote
1469 2247 1528 2315 hoc

265 2353 422 2414 declarato
452 2360 483 2413 et
509 2369 571 2412 non
601 2354 811 2428 pretermisso,
842 2351 926 2428 quod
949 2367 1006 2411 nos
1028 2351 1147 2410 scilicet
1170 2352 1344 2426 capitulum
1366 2353 1399 2412 in
1421 2356 1528 2411 nostro
1623 2435 1628 2444 Ι

265 2461 381 2520 tributo
405 2476 458 2519 seu
482 2460 645 2518 tributaria
669 2460 827 2520 exactione
850 2459 944 2520 modo
967 2459 1166 2533 infrascripto
1183 2474 1255 2518 cum
1270 2458 1389 2518 eisdem
1404 2459 1526 2518 civibus

265 2567 442 2626 huiusmodi
473 2567 733 2640 composicionem
764 2573 794 2626 et
823 2567 1054 2626 ordinacionem
1077 2567 1225 2626 duxunus
1247 2565 1429 2638 faciendam,
1452 2572 1486 2624 ut
1509 2581 1528 2624 a

263 2671 481 2748 jobagionibus
504 2687 558 2731 seu
581 2673 708 2747 populis
731 2673 873 2747 ipsorum
896 2674 1013 2733 civium
1037 2675 1070 2733 in
1091 2673 1297 2748 infrascriptis
1321 2673 1416 2747 villis,
1442 2672 1526 2733 ride-

264 2779 348 2838 licet:
370 2779 511 2852 Dedych,
536 2778 689 2850 Grachan,
712 2779 886 2854 Kralowcz‚
910 2780 1064 2853 Kobylye,
1098 2779 1257 2853 Zwyblye,
1288 2779 1397 2852 Narth,
1427 2779 1527 2838 Nowa

262 2901 339 2958 wez,
361 2885 544 2958 Paobresye,
567 2883 807 2958 Chernomerch,
837 2886 994 2958 Hrasthya
1017 2890 1047 2944 et
1071 2885 1254 2958 Petrowyna
1288 2886 1415 2958 vocatis,
1445 2902 1526 2945 nunc

262 2992 468 3050 residentibus
488 2996 519 3050 et
540 2991 572 3049 in
596 2990 736 3049 futurum
764 2990 968 3050 residenciam
1003 2990 1195 3060 iacientibus,
1217 2992 1340 3050 nullum
1370 2992 1526 3055 tributum

262 3114 319 3155 nec
341 3098 480 3172 aliquam
502 3098 700 3155 tributariam
723 3097 920 3156 exaccionem
936 3114 993 3172 per
1015 3101 1136 3156 nostros
1152 3097 1343 3170 tributarios,
1356 3113 1438 3156 nunc
1454 3113 1525 3158 con·

261 3205 384 3262 stitutos
406 3210 436 3262 et
458 3205 489 3261 in
513 3203 653 3261 futurum
687 3203 925 3277 constituendos,-
948 3204 1030 3278 exigi
1060 3203 1210 3262 iaciemus
1240 3219 1297 3264 nec
1327 3204 1425 3279 recipi
1455 3221 1526 3280 per·

262 3311 429 3369 mittemus.
459 3309 580 3384 Quibus
610 3309 756 3368 exhibitis
787 3315 817 3368 et
839 3310 1031 3384 presentatis,
1064 3309 1147 3368 idem
1171 3311 1320 3383 magister
1342 3309 1524 3370 Benedictus

262 3417 300 3474 de
323 3417 458 3490 Borswa‚
473 3421 658 3491 procurator
681 3415 807 3474 antefati
830 3416 951 3474 domini
972 3417 1070 3474 nostri
1084 3416 1176 3490 regis,
1191 3417 1224 3476 in
1238 3431 1371 3490 persona
1386 3416 1526 3476 eiusdem

264 3524 451 3599 prescriptas
475 3523 594 3581 litteras
617 3527 648 3580 et
670 3522 818 3581 litteralia
840 3523 1044 3581 instrumenta
1067 3537 1124 3598 per
1146 3523 1337 3597 prelibatum
1352 3523 1526 3598 capitulum

261 3629 389 3687 ecclesie
420 3628 627 3702 zagrabieusis
658 3626 753 3686 modo
786 3629 939 3702 premisso
966 3629 1127 3687 exhiberet
1156 3633 1331 3704 assumptas
1362 3629 1526 3704 peridem

261 3735 434 3810 capitulum
456 3735 598 3793 exhiberi
621 3734 792 3809 postulavit
814 3749 921 3793 coram
943 3735 1042 3794 nobis.
1065 3735 1136 3809 Quo
1160 3735 1266 3794 audito
1295 3735 1436 3810 prefatus
1464 3737 1525 3795 Va·

261 3842 395 3900 lentinus
419 3840 509 3913 Palfy
533 3841 571 3898 de
594 3840 676 3899 dicta
699 3840 906 3914 Zenthmyhal
928 3857 987 3916 pro
1010 3841 1120 3900 eodem
1151 3841 1290 3916 capitulo
1319 3842 1448 3902 ecclesie
1477 3859 1525 3902 za·

260 3947 432 4020 grabiensis
464 3948 495 4004 in
523 3962 647 4005 causam
678 3953 809 4006 attracto
840 3964 913 4006 cum
944 3949 1166 4022 procuratoriis
1196 3949 1308 4008 litteris
1331 3948 1471 4008 eiusdem
1493 3950 1526 4008 in

261 4057 398 4112 nostram
422 4069 575 4127 exurgens
596 4053 788 4127 presenciam
813 4060 843 4113 et
859 4069 918 4130 pro
941 4056 1122 4130 prescriptis
1145 4071 1202 4130 per
1224 4057 1328 4130 ipsum
1352 4055 1525 4130 capitulum

260 4160 408 4218 exhibere
431 4159 598 4234 assumptis
613 4161 726 4218 litteris
741 4166 770 4218 et
787 4161 977 4220 litteralibus
992 4162 1204 4220 instrumentis
1220 4161 1371 4236 quasdam
1388 4163 1526 4236 quinque
1604 4185 1607 4190 ·

260 4266 387 4337 litteras,
409 4281 502 4324 unam
526 4267 657 4340 pretacti
680 4267 809 4340 capituli
830 4268 958 4326 ecclesie
980 4269 1170 4327 chasmensis
1192 4267 1400 4341 fassionalem‚
1430 4269 1526 4328 aliam

260 4374 404 4431 similiter
426 4372 566 4431 eiusdem
589 4374 718 4446 capituli
741 4374 868 4433 ecclesie
891 4374 1080 4433 chasmensis
1103 4374 1213 4433 exinde
1236 4376 1442 4448 statutoriam,
1465 4379 1526 4460 ter·

260 4481 338 4537 ciam
365 4493 499 4553 namque
523 4479 710 4538 serenissimi
733 4481 883 4554 principis
907 4479 1024 4538 domini
1056 4478 1247 4554 sigismundi
1274 4481 1473 4557 imperatoris
1496 4485 1527 4540 et

259 4586 341 4658 regis
362 4570 529 4660 supe'rinde
553 4585 878 4658 confirmacionialem,
903 4591 1048 4660 quartam
1064 4602 1140 4646 vero
1162 4587 1240 4646 olim
1261 4587 1379 4648 domini
1402 4586 1527 4646 Alberti

260 4694 342 4764 regis
374 4691 616 4763 donationalem,
648 4693 789 4766 quintam
823 4709 937 4767 nempe
968 4699 999 4752 et
1021 4693 1168 4752 ultimam
1191 4693 1305 4768 prelati
1328 4693 1458 4768 capituli
1478 4709 1527 4752 ec·

260 4798 353 4856 clesie
374 4798 562 4856 chasmensis
585 4797 695 4856 exinde
718 4800 914 4862 statutoriam
939 4800 970 4858 in
994 4800 1081 4858 annis
1104 4805 1135 4860 et
1157 4801 1297 4860 terminis
1319 4799 1401 4859 infra
1424 4800 1524 4859 decla·

311 5077 314 5082 ¹
369 5019 390 5086 ¹)
410 5021 525 5070 Erronee
544 5037 590 5086 pro
610 5023 831 5075 »tercentesimo«.
856 5024 939 5074 Vide:
960 5024 1020 5076 Vol.
1039 5025 1061 5076 1.
1081 5026 1146 5076 Doc.
1167 5025 1226 5091 362.
