<?xml version="1.0" encoding="UTF-8"?>
<!DOCTYPE html PUBLIC "-//W3C//DTD XHTML 1.0 Transitional//EN"
    "http://www.w3.org/TR/xhtml1/DTD/xhtml1-transitional.dtd">
<html xmlns="http://www.w3.org/1999/xhtml" xml:lang="en" lang="en">
 <head>
  <title>
</title>
<meta http-equiv="Content-Type" content="text/html;charset=utf-8" />
  <meta name='ocr-system' content='tesseract 3.04.00' />
  <meta name='ocr-capabilities' content='ocr_page ocr_carea ocr_par ocr_line ocrx_word'/>
</head>
<body>
  <div class='ocr_page' id='page_1' title='image "./monumentahistor20laszgoog_0648.png"; bbox 0 0 3828 5822; ppageno 0'>
   <div class='ocr_carea' id='block_1_1' title="bbox 669 512 1096 594">
    <p class='ocr_par' dir='ltr' id='par_1_1' title="bbox 669 512 1096 594">
     <span class='ocr_line' id='line_1_1' title="bbox 669 512 1096 594; baseline 0.007 -22"><span class='ocrx_word' id='word_1_1' title='bbox 669 512 741 572; x_wconf 83' lang='lat' dir='ltr'>Dec.</span> <span class='ocrx_word' id='word_1_2' title='bbox 759 529 834 591; x_wconf 79' lang='lat'><em>310.</em></span> <span class='ocrx_word' id='word_1_3' title='bbox 860 547 898 557; x_wconf 89' lang='lat'>-</span> <span class='ocrx_word' id='word_1_4' title='bbox 925 516 982 574; x_wconf 83' lang='lat' dir='ltr'>An.</span> <span class='ocrx_word' id='word_1_5' title='bbox 1005 512 1096 594; x_wconf 78' lang='lat'><em>1478.</em></span> 
     </span>
    </p>
   </div>
   <div class='ocr_carea' id='block_1_2' title="bbox 828 829 911 898">
    <p class='ocr_par' dir='ltr' id='par_1_2' title="bbox 828 829 911 898">
     <span class='ocr_line' id='line_1_2' title="bbox 828 829 911 898; baseline -0.024 0"><span class='ocrx_word' id='word_1_6' title='bbox 828 829 911 898; x_wconf 82' lang='lat'><strong>310.</strong></span> 
     </span>
    </p>
   </div>
   <div class='ocr_carea' id='block_1_3' title="bbox 268 1005 886 1090">
    <p class='ocr_par' dir='ltr' id='par_1_3' title="bbox 268 1005 886 1090">
     <span class='ocr_line' id='line_1_3' title="bbox 268 1005 886 1090; baseline 0.01 -37"><span class='ocrx_word' id='word_1_7' title='bbox 268 1080 271 1090; x_wconf 27' lang='grc' dir='ltr'><strong>ι</strong></span> <span class='ocrx_word' id='word_1_8' title='bbox 342 1005 423 1055; x_wconf 86' lang='lat' dir='ltr'>Anno</span> <span class='ocrx_word' id='word_1_9' title='bbox 445 1006 520 1069; x_wconf 86' lang='lat'>1478,</span> <span class='ocrx_word' id='word_1_10' title='bbox 540 1005 581 1058; x_wconf 89' lang='lat'>26.</span> <span class='ocrx_word' id='word_1_11' title='bbox 599 1006 717 1071; x_wconf 86' lang='lat' dir='ltr'>januarii.</span> <span class='ocrx_word' id='word_1_12' title='bbox 738 1009 886 1088; x_wconf 70' lang='lat' dir='ltr'>Zagrabiae.</span> 
     </span>
    </p>
   </div>
   <div class='ocr_carea' id='block_1_4' title="bbox 234 1151 1503 1444">
    <p class='ocr_par' dir='ltr' id='par_1_4' title="bbox 234 1151 1503 1444">
     <span class='ocr_line' id='line_1_4' title="bbox 241 1151 1503 1242; baseline 0.006 -33"><span class='ocrx_word' id='word_1_13' title='bbox 241 1151 406 1226; x_wconf 80' lang='lat' dir='ltr'><em>Capitulum</em></span> <span class='ocrx_word' id='word_1_14' title='bbox 436 1152 577 1211; x_wconf 75' lang='lat' dir='ltr'>lasmcuse</span> <span class='ocrx_word' id='word_1_15' title='bbox 614 1154 732 1242; x_wconf 75' lang='lat' dir='ltr'>nuntiat</span> <span class='ocrx_word' id='word_1_16' title='bbox 761 1171 857 1212; x_wconf 87' lang='lat' dir='ltr'>caram</span> <span class='ocrx_word' id='word_1_17' title='bbox 886 1173 916 1212; x_wconf 85' lang='lat' dir='ltr'>se</span> <span class='ocrx_word' id='word_1_18' title='bbox 948 1153 1120 1226; x_wconf 78' lang='lat' dir='ltr'>Soldinaril,</span> <span class='ocrx_word' id='word_1_19' title='bbox 1144 1157 1273 1234; x_wconf 83' lang='lat' dir='ltr'>judicem</span> <span class='ocrx_word' id='word_1_20' title='bbox 1304 1159 1457 1234; x_wconf 74' lang='lat' dir='ltr'>civitatis,¹</span> <span class='ocrx_word' id='word_1_21' title='bbox 1474 1166 1503 1217; x_wconf 82' lang='lat' dir='ltr'>et</span> 
     </span>
     <span class='ocr_line' id='line_1_5' title="bbox 234 1251 1503 1341; baseline 0.006 -26"><span class='ocrx_word' id='word_1_22' title='bbox 234 1261 446 1334; x_wconf 76' lang='lat' dir='ltr'><em>qulnquaginta</em></span> <span class='ocrx_word' id='word_1_23' title='bbox 476 1261 549 1318; x_wconf 82' lang='lat' dir='ltr'>ciues</span> <span class='ocrx_word' id='word_1_24' title='bbox 570 1261 723 1334; x_wconf 85' lang='lat' dir='ltr'><em>juravisse</em></span> <span class='ocrx_word' id='word_1_25' title='bbox 742 1278 772 1338; x_wconf 83' lang='lat' dir='ltr'>¹a</span> <span class='ocrx_word' id='word_1_26' title='bbox 801 1262 998 1319; x_wconf 83' lang='lat' dir='ltr'>communitate</span> <span class='ocrx_word' id='word_1_27' title='bbox 1028 1251 1154 1321; x_wconf 71' lang='lat' dir='ltr'>enitatis</span> <span class='ocrx_word' id='word_1_28' title='bbox 1167 1265 1359 1340; x_wconf 71' lang='lat' dir='ltr'>passessiones</span> <span class='ocrx_word' id='word_1_29' title='bbox 1381 1265 1503 1341; x_wconf 84' lang='lat' dir='ltr'>capituli</span> 
     </span>
     <span class='ocr_line' id='line_1_6' title="bbox 240 1367 1168 1444; baseline 0.005 -21"><span class='ocrx_word' id='word_1_30' title='bbox 240 1373 241 1376; x_wconf 76' lang='grc'>’</span> <span class='ocrx_word' id='word_1_31' title='bbox 334 1372 336 1378; x_wconf 81' lang='grc'>’</span> <span class='ocrx_word' id='word_1_32' title='bbox 482 1431 485 1435; x_wconf 44' lang='grc'>,</span> <span class='ocrx_word' id='word_1_33' title='bbox 581 1373 641 1440; x_wconf 73' lang='lat' dir='ltr'>per</span> <span class='ocrx_word' id='word_1_34' title='bbox 663 1367 804 1442; x_wconf 73' lang='lat' dir='ltr'>iujuriam</span> <span class='ocrx_word' id='word_1_35' title='bbox 827 1387 883 1425; x_wconf 84' lang='lat' dir='ltr'>nan</span> <span class='ocrx_word' id='word_1_36' title='bbox 907 1387 966 1442; x_wconf 79' lang='lat' dir='ltr'>esse</span> <span class='ocrx_word' id='word_1_37' title='bbox 989 1375 1168 1444; x_wconf 79' lang='lat' dir='ltr'>occupatas.&#39;</span> 
     </span>
    </p>
   </div>
   <div class='ocr_carea' id='block_1_5' title="bbox 195 1529 1550 4790">
    <p class='ocr_par' dir='ltr' id='par_1_5' title="bbox 195 1529 1550 4790">
     <span class='ocr_line' id='line_1_7' title="bbox 261 1529 1499 1613; baseline 0.002 -24"><span class='ocrx_word' id='word_1_38' title='bbox 261 1585 264 1589; x_wconf 78' lang='grc'><strong>,</strong></span> <span class='ocrx_word' id='word_1_39' title='bbox 341 1529 404 1588; x_wconf 92' lang='lat' dir='ltr'>Nos</span> <span class='ocrx_word' id='word_1_40' title='bbox 427 1530 599 1603; x_wconf 90' lang='lat' dir='ltr'>capitulum</span> <span class='ocrx_word' id='word_1_41' title='bbox 623 1531 752 1590; x_wconf 85' lang='lat' dir='ltr'>ecclesie</span> <span class='ocrx_word' id='word_1_42' title='bbox 775 1532 974 1592; x_wconf 87' lang='lat' dir='ltr'>chasmensis.</span> <span class='ocrx_word' id='word_1_43' title='bbox 997 1533 1147 1613; x_wconf 85' lang='lat' dir='ltr'>Memorie</span> <span class='ocrx_word' id='word_1_44' title='bbox 1170 1533 1425 1594; x_wconf 85' lang='lat' dir='ltr'>commendamus</span> <span class='ocrx_word' id='word_1_45' title='bbox 1441 1549 1499 1606; x_wconf 89' lang='lat' dir='ltr'>per</span> 
     </span>
     <span class='ocr_line' id='line_1_8' title="bbox 235 1623 1550 1713; baseline 0.003 -19"><span class='ocrx_word' id='word_1_46' title='bbox 235 1641 403 1708; x_wconf 81' lang='lat' dir='ltr'>presentes,</span> <span class='ocrx_word' id='word_1_47' title='bbox 435 1636 521 1709; x_wconf 88' lang='lat' dir='ltr'>quod</span> <span class='ocrx_word' id='word_1_48' title='bbox 551 1641 622 1698; x_wconf 84' lang='lat' dir='ltr'>c&#39;um</span> <span class='ocrx_word' id='word_1_49' title='bbox 653 1637 739 1695; x_wconf 87' lang='lat' dir='ltr'>iuxta</span> <span class='ocrx_word' id='word_1_50' title='bbox 769 1635 965 1713; x_wconf 88' lang='lat' dir='ltr'>judiciariam</span> <span class='ocrx_word' id='word_1_51' title='bbox 989 1640 1240 1698; x_wconf 88' lang='lat' dir='ltr'>commissionem</span> <span class='ocrx_word' id='word_1_52' title='bbox 1255 1623 1421 1712; x_wconf 72' lang='lat' dir='ltr'>‚magnifici</span> <span class='ocrx_word' id='word_1_53' title='bbox 1444 1639 1499 1698; x_wconf 91' lang='lat' dir='ltr'>do-</span> <span class='ocrx_word' id='word_1_54' title='bbox 1545 1634 1550 1644; x_wconf 88' lang='lat'>&#39;</span> 
     </span>
     <span class='ocr_line' id='line_1_9' title="bbox 237 1741 1498 1819; baseline 0.004 -20"><span class='ocrx_word' id='word_1_55' title='bbox 237 1741 313 1800; x_wconf 89' lang='lat' dir='ltr'>mini</span> <span class='ocrx_word' id='word_1_56' title='bbox 342 1742 465 1803; x_wconf 88' lang='lat' dir='ltr'>comitis</span> <span class='ocrx_word' id='word_1_57' title='bbox 496 1741 645 1816; x_wconf 83' lang='lat' dir='ltr'>Stephani</span> <span class='ocrx_word' id='word_1_58' title='bbox 676 1742 714 1801; x_wconf 91' lang='lat' dir='ltr'>de</span> <span class='ocrx_word' id='word_1_59' title='bbox 745 1742 869 1815; x_wconf 78' lang='lat' dir='ltr'>Bathos,</span> <span class='ocrx_word' id='word_1_60' title='bbox 892 1742 1005 1819; x_wconf 86' lang='lat' dir='ltr'>judicis</span> <span class='ocrx_word' id='word_1_61' title='bbox 1029 1745 1114 1804; x_wconf 87' lang='lat' dir='ltr'>curie</span> <span class='ocrx_word' id='word_1_62' title='bbox 1137 1745 1325 1804; x_wconf 83' lang='lat' dir='ltr'>serenissimi</span> <span class='ocrx_word' id='word_1_63' title='bbox 1348 1746 1498 1819; x_wconf 85' lang='lat' dir='ltr'>principis</span> 
     </span>
     <span class='ocr_line' id='line_1_10' title="bbox 238 1847 1499 1923; baseline 0.003 -17"><span class='ocrx_word' id='word_1_64' title='bbox 238 1847 357 1907; x_wconf 89' lang='lat' dir='ltr'>domini</span> <span class='ocrx_word' id='word_1_65' title='bbox 379 1847 505 1918; x_wconf 86' lang='lat' dir='ltr'>Mathie,</span> <span class='ocrx_word' id='word_1_66' title='bbox 527 1847 577 1906; x_wconf 90' lang='lat' dir='ltr'>dei</span> <span class='ocrx_word' id='word_1_67' title='bbox 600 1849 704 1920; x_wconf 81' lang='lat' dir='ltr'>giacia</span> <span class='ocrx_word' id='word_1_68' title='bbox 727 1849 811 1922; x_wconf 83' lang='lat' dir='ltr'>regis</span> <span class='ocrx_word' id='word_1_69' title='bbox 835 1849 1002 1923; x_wconf 86' lang='lat' dir='ltr'>Hungarie,</span> <span class='ocrx_word' id='word_1_70' title='bbox 1026 1851 1242 1910; x_wconf 83' lang='lat' dir='ltr'>Bohemieetc.</span> <span class='ocrx_word' id='word_1_71' title='bbox 1260 1851 1379 1913; x_wconf 89' lang='lat' dir='ltr'>domini</span> <span class='ocrx_word' id='word_1_72' title='bbox 1400 1853 1499 1910; x_wconf 89' lang='lat' dir='ltr'>nostri</span> 
     </span>
     <span class='ocr_line' id='line_1_11' title="bbox 237 1953 1499 2034; baseline 0.005 -23"><span class='ocrx_word' id='word_1_73' title='bbox 237 1954 464 2026; x_wconf 80' lang='lat' dir='ltr'>graciosissimi,</span> <span class='ocrx_word' id='word_1_74' title='bbox 499 1953 737 2032; x_wconf 82' lang='lat' dir='ltr'>litterarumque</span> <span class='ocrx_word' id='word_1_75' title='bbox 760 1970 889 2014; x_wconf 89' lang='lat' dir='ltr'>suarum</span> <span class='ocrx_word' id='word_1_76' title='bbox 920 1956 1216 2024; x_wconf 87' lang='lat' dir='ltr'>adiudicatoriarum</span> <span class='ocrx_word' id='word_1_77' title='bbox 1246 1955 1499 2034; x_wconf 86' lang='lat' dir='ltr'>juramentalium</span> 
     </span>
     <span class='ocr_line' id='line_1_12' title="bbox 236 2059 1498 2133; baseline 0.003 -15"><span class='ocrx_word' id='word_1_78' title='bbox 236 2059 320 2121; x_wconf 88' lang='lat' dir='ltr'>Bude</span> <span class='ocrx_word' id='word_1_79' title='bbox 342 2059 582 2133; x_wconf 86' lang='lat' dir='ltr'>quadragesimo</span> <span class='ocrx_word' id='word_1_80' title='bbox 606 2061 713 2133; x_wconf 90' lang='lat' dir='ltr'>quinto</span> <span class='ocrx_word' id='word_1_81' title='bbox 736 2060 786 2122; x_wconf 88' lang='lat' dir='ltr'>die</span> <span class='ocrx_word' id='word_1_82' title='bbox 807 2067 988 2123; x_wconf 89' lang='lat' dir='ltr'>octavarum</span> <span class='ocrx_word' id='word_1_83' title='bbox 1004 2061 1074 2123; x_wconf 87' lang='lat' dir='ltr'>festi</span> <span class='ocrx_word' id='word_1_84' title='bbox 1093 2063 1175 2122; x_wconf 89' lang='lat' dir='ltr'>beati</span> <span class='ocrx_word' id='word_1_85' title='bbox 1192 2064 1353 2127; x_wconf 88' lang='lat' dir='ltr'>Michaelis</span> <span class='ocrx_word' id='word_1_86' title='bbox 1369 2064 1498 2124; x_wconf 81' lang='lat' dir='ltr'>archan-</span> 
     </span>
     <span class='ocr_line' id='line_1_13' title="bbox 235 2166 1498 2248; baseline 0.003 -24"><span class='ocrx_word' id='word_1_87' title='bbox 235 2167 307 2239; x_wconf 86' lang='lat' dir='ltr'>geli,</span> <span class='ocrx_word' id='word_1_88' title='bbox 323 2167 466 2241; x_wconf 86' lang='lat' dir='ltr'>proxime</span> <span class='ocrx_word' id='word_1_89' title='bbox 480 2167 630 2241; x_wconf 88' lang='lat' dir='ltr'>preteriti,</span> <span class='ocrx_word' id='word_1_90' title='bbox 646 2167 751 2225; x_wconf 89' lang='lat' dir='ltr'>clause</span> <span class='ocrx_word' id='word_1_91' title='bbox 767 2166 987 2240; x_wconf 83' lang='lat' dir='ltr'>confectarum,</span> <span class='ocrx_word' id='word_1_92' title='bbox 1003 2169 1235 2248; x_wconf 86' lang='lat' dir='ltr'>continenciam,</span> <span class='ocrx_word' id='word_1_93' title='bbox 1254 2171 1498 2243; x_wconf 87' lang='lat' dir='ltr'>circumspectus</span> 
     </span>
     <span class='ocr_line' id='line_1_14' title="bbox 233 2272 1495 2360; baseline 0.006 -29"><span class='ocrx_word' id='word_1_94' title='bbox 233 2274 387 2357; x_wconf 88' lang='lat' dir='ltr'>Johannes</span> <span class='ocrx_word' id='word_1_95' title='bbox 398 2272 602 2356; x_wconf 81' lang='lat' dir='ltr'>Soldinarich,</span> <span class='ocrx_word' id='word_1_96' title='bbox 616 2273 783 2332; x_wconf 88' lang='lat' dir='ltr'>modernus</span> <span class='ocrx_word' id='word_1_97' title='bbox 799 2275 915 2358; x_wconf 84' lang='lat' dir='ltr'>scilicet</span> <span class='ocrx_word' id='word_1_98' title='bbox 931 2272 1024 2358; x_wconf 85' lang='lat' dir='ltr'>judex</span> <span class='ocrx_word' id='word_1_99' title='bbox 1048 2275 1181 2360; x_wconf 87' lang='lat' dir='ltr'>civitatis</span> <span class='ocrx_word' id='word_1_100' title='bbox 1197 2276 1311 2333; x_wconf 88' lang='lat' dir='ltr'>montis</span> <span class='ocrx_word' id='word_1_101' title='bbox 1324 2274 1495 2338; x_wconf 84' lang='lat' dir='ltr'>Grecensis.</span> 
     </span>
     <span class='ocr_line' id='line_1_15' title="bbox 234 2381 1497 2456; baseline 0.002 -18"><span class='ocrx_word' id='word_1_102' title='bbox 234 2381 412 2439; x_wconf 90' lang='lat' dir='ltr'>nominibus</span> <span class='ocrx_word' id='word_1_103' title='bbox 442 2386 472 2439; x_wconf 89' lang='lat' dir='ltr'>et</span> <span class='ocrx_word' id='word_1_104' title='bbox 503 2382 534 2438; x_wconf 90' lang='lat' dir='ltr'>in</span> <span class='ocrx_word' id='word_1_105' title='bbox 565 2381 706 2455; x_wconf 91' lang='lat' dir='ltr'>personis</span> <span class='ocrx_word' id='word_1_106' title='bbox 735 2381 965 2439; x_wconf 85' lang='lat' dir='ltr'>communitatis</span> <span class='ocrx_word' id='word_1_107' title='bbox 989 2381 1127 2439; x_wconf 89' lang='lat' dir='ltr'>eiusdem</span> <span class='ocrx_word' id='word_1_108' title='bbox 1151 2382 1284 2441; x_wconf 89' lang='lat' dir='ltr'>civitatis</span> <span class='ocrx_word' id='word_1_109' title='bbox 1307 2382 1497 2456; x_wconf 84' lang='lat' dir='ltr'>quinquage-</span> 
     </span>
     <span class='ocr_line' id='line_1_16' title="bbox 234 2487 1497 2562; baseline 0.002 -19"><span class='ocrx_word' id='word_1_110' title='bbox 234 2487 315 2544; x_wconf 89' lang='lat' dir='ltr'>simo</span> <span class='ocrx_word' id='word_1_111' title='bbox 336 2502 368 2545; x_wconf 89' lang='lat' dir='ltr'>se</span> <span class='ocrx_word' id='word_1_112' title='bbox 391 2487 550 2546; x_wconf 90' lang='lat' dir='ltr'>similibus</span> <span class='ocrx_word' id='word_1_113' title='bbox 575 2487 636 2545; x_wconf 91' lang='lat' dir='ltr'>sibi</span> <span class='ocrx_word' id='word_1_114' title='bbox 659 2487 781 2545; x_wconf 91' lang='lat' dir='ltr'>civibus</span> <span class='ocrx_word' id='word_1_115' title='bbox 803 2487 937 2546; x_wconf 89' lang='lat' dir='ltr'>aliarum</span> <span class='ocrx_word' id='word_1_116' title='bbox 972 2487 1133 2545; x_wconf 91' lang='lat' dir='ltr'>civitatum</span> <span class='ocrx_word' id='word_1_117' title='bbox 1165 2494 1195 2545; x_wconf 91' lang='lat' dir='ltr'>et</span> <span class='ocrx_word' id='word_1_118' title='bbox 1225 2487 1416 2562; x_wconf 90' lang='lat' dir='ltr'>oppidorum</span> <span class='ocrx_word' id='word_1_119' title='bbox 1443 2493 1497 2548; x_wconf 89' lang='lat' dir='ltr'>aut</span> 
     </span>
     <span class='ocr_line' id='line_1_17' title="bbox 231 2592 1493 2667; baseline 0.002 -17"><span class='ocrx_word' id='word_1_120' title='bbox 231 2593 391 2651; x_wconf 88' lang='lat' dir='ltr'>nobilibus</span> <span class='ocrx_word' id='word_1_121' title='bbox 414 2594 564 2666; x_wconf 87' lang='lat' dir='ltr'>personis,</span> <span class='ocrx_word' id='word_1_122' title='bbox 588 2593 739 2664; x_wconf 83' lang='lat' dir='ltr'>vigesimo</span> <span class='ocrx_word' id='word_1_123' title='bbox 763 2592 812 2651; x_wconf 90' lang='lat' dir='ltr'>die</span> <span class='ocrx_word' id='word_1_124' title='bbox 835 2592 906 2651; x_wconf 82' lang='lat' dir='ltr'>testi</span> <span class='ocrx_word' id='word_1_125' title='bbox 928 2593 1174 2667; x_wconf 90' lang='lat' dir='ltr'>Epiphaniarum</span> <span class='ocrx_word' id='word_1_126' title='bbox 1199 2593 1325 2665; x_wconf 89' lang='lat' dir='ltr'>domini,</span> <span class='ocrx_word' id='word_1_127' title='bbox 1349 2593 1493 2667; x_wconf 85' lang='lat' dir='ltr'>proxime</span> 
     </span>
     <span class='ocr_line' id='line_1_18' title="bbox 232 2688 1496 2774; baseline 0.002 -19"><span class='ocrx_word' id='word_1_128' title='bbox 232 2699 379 2772; x_wconf 88' lang='lat' dir='ltr'>preteriti,</span> <span class='ocrx_word' id='word_1_129' title='bbox 411 2705 517 2756; x_wconf 87' lang='lat' dir='ltr'>contra</span> <span class='ocrx_word' id='word_1_130' title='bbox 540 2688 726 2757; x_wconf 89' lang='lat' dir='ltr'>honorabile</span> <span class='ocrx_word' id='word_1_131' title='bbox 757 2699 930 2774; x_wconf 90' lang='lat' dir='ltr'>capitulum</span> <span class='ocrx_word' id='word_1_132' title='bbox 961 2699 1089 2757; x_wconf 90' lang='lat' dir='ltr'>ecclesie</span> <span class='ocrx_word' id='word_1_133' title='bbox 1111 2699 1322 2770; x_wconf 86' lang='lat' dir='ltr'>zagrabiensis</span> <span class='ocrx_word' id='word_1_134' title='bbox 1343 2715 1436 2774; x_wconf 90' lang='lat' dir='ltr'>super</span> <span class='ocrx_word' id='word_1_135' title='bbox 1459 2714 1496 2757; x_wconf 93' lang='lat' dir='ltr'>eo</span> 
     </span>
     <span class='ocr_line' id='line_1_19' title="bbox 233 2804 1496 2878; baseline 0.001 -16"><span class='ocrx_word' id='word_1_136' title='bbox 233 2804 316 2878; x_wconf 91' lang='lat' dir='ltr'>quod</span> <span class='ocrx_word' id='word_1_137' title='bbox 339 2805 419 2863; x_wconf 92' lang='lat' dir='ltr'>circa</span> <span class='ocrx_word' id='word_1_138' title='bbox 443 2805 556 2864; x_wconf 85' lang='lat' dir='ltr'>festum</span> <span class='ocrx_word' id='word_1_139' title='bbox 580 2806 781 2864; x_wconf 86' lang='lat' dir='ltr'>sacratissimi</span> <span class='ocrx_word' id='word_1_140' title='bbox 804 2805 943 2878; x_wconf 88' lang='lat' dir='ltr'>corporis</span> <span class='ocrx_word' id='word_1_141' title='bbox 967 2804 1083 2863; x_wconf 88' lang='lat' dir='ltr'>Christi</span> <span class='ocrx_word' id='word_1_142' title='bbox 1105 2805 1137 2862; x_wconf 91' lang='lat' dir='ltr'>in</span> <span class='ocrx_word' id='word_1_143' title='bbox 1160 2819 1240 2863; x_wconf 93' lang='lat' dir='ltr'>anno</span> <span class='ocrx_word' id='word_1_144' title='bbox 1263 2805 1401 2864; x_wconf 91' lang='lat' dir='ltr'>eiusdem</span> <span class='ocrx_word' id='word_1_145' title='bbox 1425 2805 1496 2863; x_wconf 91' lang='lat' dir='ltr'>mil·</span> 
     </span>
     <span class='ocr_line' id='line_1_20' title="bbox 195 2909 1495 2992; baseline 0.002 -23"><span class='ocrx_word' id='word_1_146' title='bbox 195 2925 196 2928; x_wconf 71' lang='grc'>’</span> <span class='ocrx_word' id='word_1_147' title='bbox 232 2909 342 2992; x_wconf 77' lang='lat' dir='ltr'>lesimo</span> <span class='ocrx_word' id='word_1_148' title='bbox 366 2911 670 2984; x_wconf 84' lang='lat' dir='ltr'>quadringentesimo</span> <span class='ocrx_word' id='word_1_149' title='bbox 693 2912 923 2985; x_wconf 87' lang='lat' dir='ltr'>septuagesimo</span> <span class='ocrx_word' id='word_1_150' title='bbox 946 2911 1090 2981; x_wconf 90' lang='lat' dir='ltr'>secundo,</span> <span class='ocrx_word' id='word_1_151' title='bbox 1114 2913 1357 2986; x_wconf 88' lang='lat' dir='ltr'>circumspectus</span> <span class='ocrx_word' id='word_1_152' title='bbox 1381 2912 1495 2972; x_wconf 89' lang='lat' dir='ltr'>Valen-</span> 
     </span>
     <span class='ocr_line' id='line_1_21' title="bbox 232 3005 1495 3094; baseline 0.002 -19"><span class='ocrx_word' id='word_1_153' title='bbox 232 3018 313 3076; x_wconf 88' lang='lat' dir='ltr'>tinus</span> <span class='ocrx_word' id='word_1_154' title='bbox 335 3025 407 3076; x_wconf 88' lang='lat' dir='ltr'>tunc</span> <span class='ocrx_word' id='word_1_155' title='bbox 430 3015 532 3094; x_wconf 84' lang='lat' dir='ltr'>judex,</span> <span class='ocrx_word' id='word_1_156' title='bbox 556 3018 784 3092; x_wconf 88' lang='lat' dir='ltr'>prescriptique</span> <span class='ocrx_word' id='word_1_157' title='bbox 807 3019 861 3076; x_wconf 89' lang='lat' dir='ltr'>alii</span> <span class='ocrx_word' id='word_1_158' title='bbox 884 3019 968 3076; x_wconf 91' lang='lat' dir='ltr'>cives</span> <span class='ocrx_word' id='word_1_159' title='bbox 991 3024 1021 3076; x_wconf 92' lang='lat' dir='ltr'>et</span> <span class='ocrx_word' id='word_1_160' title='bbox 1045 3005 1268 3077; x_wconf 79' lang='lat' dir='ltr'>inhabitatores</span> <span class='ocrx_word' id='word_1_161' title='bbox 1284 3011 1404 3093; x_wconf 86' lang='lat' dir='ltr'>prefate</span> <span class='ocrx_word' id='word_1_162' title='bbox 1420 3019 1495 3078; x_wconf 91' lang='lat' dir='ltr'>civi·</span> 
     </span>
     <span class='ocr_line' id='line_1_22' title="bbox 230 3123 1493 3198; baseline 0.002 -18"><span class='ocrx_word' id='word_1_163' title='bbox 230 3125 303 3181; x_wconf 91' lang='lat' dir='ltr'>tatis</span> <span class='ocrx_word' id='word_1_164' title='bbox 332 3124 476 3192; x_wconf 86' lang='lat' dir='ltr'>universi,</span> <span class='ocrx_word' id='word_1_165' title='bbox 506 3123 716 3197; x_wconf 89' lang='lat' dir='ltr'>possessiones</span> <span class='ocrx_word' id='word_1_166' title='bbox 739 3123 813 3182; x_wconf 90' lang='lat' dir='ltr'>dicti</span> <span class='ocrx_word' id='word_1_167' title='bbox 848 3124 978 3198; x_wconf 89' lang='lat' dir='ltr'>capituli</span> <span class='ocrx_word' id='word_1_168' title='bbox 1006 3124 1134 3196; x_wconf 87' lang='lat' dir='ltr'>agentis,</span> <span class='ocrx_word' id='word_1_169' title='bbox 1158 3123 1352 3196; x_wconf 86' lang='lat' dir='ltr'>Kralyowcz,</span> <span class='ocrx_word' id='word_1_170' title='bbox 1377 3123 1493 3197; x_wconf 85' lang='lat' dir='ltr'>Caerye</span> 
     </span>
     <span class='ocr_line' id='line_1_23' title="bbox 231 3229 1491 3303; baseline 0.002 -17"><span class='ocrx_word' id='word_1_171' title='bbox 231 3247 301 3287; x_wconf 91' lang='lat' dir='ltr'>cum</span> <span class='ocrx_word' id='word_1_172' title='bbox 325 3231 443 3288; x_wconf 88' lang='lat' dir='ltr'>tributo</span> <span class='ocrx_word' id='word_1_173' title='bbox 466 3230 583 3288; x_wconf 86' lang='lat' dir='ltr'>ibidem</span> <span class='ocrx_word' id='word_1_174' title='bbox 607 3230 689 3302; x_wconf 84' lang='lat' dir='ltr'>exigi</span> <span class='ocrx_word' id='word_1_175' title='bbox 712 3231 813 3300; x_wconf 91' lang='lat' dir='ltr'>solito,</span> <span class='ocrx_word' id='word_1_176' title='bbox 836 3245 956 3289; x_wconf 90' lang='lat' dir='ltr'>necnon</span> <span class='ocrx_word' id='word_1_177' title='bbox 978 3229 1155 3303; x_wconf 85' lang='lat' dir='ltr'>Kobylyak‚</span> <span class='ocrx_word' id='word_1_178' title='bbox 1180 3230 1316 3302; x_wconf 86' lang='lat' dir='ltr'>Zvvybye</span> <span class='ocrx_word' id='word_1_179' title='bbox 1339 3235 1370 3288; x_wconf 89' lang='lat' dir='ltr'>et</span> <span class='ocrx_word' id='word_1_180' title='bbox 1393 3229 1491 3290; x_wconf 91' lang='lat' dir='ltr'>Narth</span> 
     </span>
     <span class='ocr_line' id='line_1_24' title="bbox 230 3335 1494 3408; baseline 0.002 -16"><span class='ocrx_word' id='word_1_181' title='bbox 230 3341 363 3408; x_wconf 88' lang='lat' dir='ltr'>vocatas,</span> <span class='ocrx_word' id='word_1_182' title='bbox 387 3336 419 3394; x_wconf 91' lang='lat' dir='ltr'>in</span> <span class='ocrx_word' id='word_1_183' title='bbox 441 3337 587 3394; x_wconf 90' lang='lat' dir='ltr'>comitatu</span> <span class='ocrx_word' id='word_1_184' title='bbox 603 3336 795 3408; x_wconf 85' lang='lat' dir='ltr'>zagrabiensi</span> <span class='ocrx_word' id='word_1_185' title='bbox 818 3337 949 3407; x_wconf 90' lang='lat' dir='ltr'>habitas,</span> <span class='ocrx_word' id='word_1_186' title='bbox 972 3335 1068 3394; x_wconf 90' lang='lat' dir='ltr'>simul</span> <span class='ocrx_word' id='word_1_187' title='bbox 1091 3351 1163 3394; x_wconf 91' lang='lat' dir='ltr'>cum</span> <span class='ocrx_word' id='word_1_188' title='bbox 1179 3336 1296 3394; x_wconf 89' lang='lat' dir='ltr'>cunctis</span> <span class='ocrx_word' id='word_1_189' title='bbox 1312 3351 1420 3394; x_wconf 88' lang='lat' dir='ltr'>earum</span> <span class='ocrx_word' id='word_1_190' title='bbox 1436 3337 1494 3395; x_wconf 89' lang='lat' dir='ltr'>uti-</span> 
     </span>
     <span class='ocr_line' id='line_1_25' title="bbox 230 3441 1495 3516; baseline 0.002 -18"><span class='ocrx_word' id='word_1_191' title='bbox 230 3442 370 3499; x_wconf 91' lang='lat' dir='ltr'>litatibus</span> <span class='ocrx_word' id='word_1_192' title='bbox 392 3447 422 3500; x_wconf 91' lang='lat' dir='ltr'>et</span> <span class='ocrx_word' id='word_1_193' title='bbox 444 3442 643 3514; x_wconf 87' lang='lat' dir='ltr'>pertinenciis</span> <span class='ocrx_word' id='word_1_194' title='bbox 667 3442 859 3515; x_wconf 89' lang='lat' dir='ltr'>quibuslibet</span> <span class='ocrx_word' id='word_1_195' title='bbox 883 3458 901 3500; x_wconf 93' lang='lat' dir='ltr'>a</span> <span class='ocrx_word' id='word_1_196' title='bbox 932 3442 1076 3500; x_wconf 89' lang='lat' dir='ltr'>manibus</span> <span class='ocrx_word' id='word_1_197' title='bbox 1105 3441 1202 3516; x_wconf 89' lang='lat' dir='ltr'>ipsius</span> <span class='ocrx_word' id='word_1_198' title='bbox 1232 3441 1363 3516; x_wconf 90' lang='lat' dir='ltr'>capituli</span> <span class='ocrx_word' id='word_1_199' title='bbox 1392 3444 1495 3501; x_wconf 90' lang='lat' dir='ltr'>minus</span> 
     </span>
     <span class='ocr_line' id='line_1_26' title="bbox 228 3529 1494 3623; baseline 0.002 -20"><span class='ocrx_word' id='word_1_200' title='bbox 228 3546 307 3622; x_wconf 90' lang='lat' dir='ltr'>juste</span> <span class='ocrx_word' id='word_1_201' title='bbox 330 3554 360 3606; x_wconf 91' lang='lat' dir='ltr'>et</span> <span class='ocrx_word' id='word_1_202' title='bbox 383 3548 521 3606; x_wconf 88' lang='lat' dir='ltr'>indebite</span> <span class='ocrx_word' id='word_1_203' title='bbox 543 3564 602 3623; x_wconf 92' lang='lat' dir='ltr'>pro</span> <span class='ocrx_word' id='word_1_204' title='bbox 626 3564 657 3606; x_wconf 94' lang='lat' dir='ltr'>se</span> <span class='ocrx_word' id='word_1_205' title='bbox 681 3549 758 3622; x_wconf 90' lang='lat' dir='ltr'>ipsis</span> <span class='ocrx_word' id='word_1_206' title='bbox 781 3529 842 3607; x_wconf 88' lang='lat' dir='ltr'>non</span> <span class='ocrx_word' id='word_1_207' title='bbox 865 3553 1075 3622; x_wconf 87' lang='lat' dir='ltr'>occupassent,</span> <span class='ocrx_word' id='word_1_208' title='bbox 1099 3552 1328 3622; x_wconf 90' lang='lat' dir='ltr'>occupatasque</span> <span class='ocrx_word' id='word_1_209' title='bbox 1351 3563 1408 3622; x_wconf 89' lang='lat' dir='ltr'>per</span> <span class='ocrx_word' id='word_1_210' title='bbox 1423 3549 1494 3622; x_wconf 92' lang='lat' dir='ltr'>plu·</span> 
     </span>
     <span class='ocr_line' id='line_1_27' title="bbox 229 3645 1494 3728; baseline 0.002 -18"><span class='ocrx_word' id='word_1_211' title='bbox 229 3655 308 3711; x_wconf 89' lang='lat' dir='ltr'>rima</span> <span class='ocrx_word' id='word_1_212' title='bbox 332 3661 473 3728; x_wconf 89' lang='lat' dir='ltr'>tempora</span> <span class='ocrx_word' id='word_1_213' title='bbox 496 3670 558 3712; x_wconf 91' lang='lat' dir='ltr'>non</span> <span class='ocrx_word' id='word_1_214' title='bbox 581 3659 817 3712; x_wconf 88' lang='lat' dir='ltr'>conservassent</span> <span class='ocrx_word' id='word_1_215' title='bbox 840 3670 876 3712; x_wconf 91' lang='lat' dir='ltr'>ac</span> <span class='ocrx_word' id='word_1_216' title='bbox 899 3655 938 3712; x_wconf 92' lang='lat' dir='ltr'>de</span> <span class='ocrx_word' id='word_1_217' title='bbox 961 3654 1078 3713; x_wconf 89' lang='lat' dir='ltr'>eisdem</span> <span class='ocrx_word' id='word_1_218' title='bbox 1100 3645 1261 3712; x_wconf 81' lang='lat' dir='ltr'>universas</span> <span class='ocrx_word' id='word_1_219' title='bbox 1284 3659 1315 3711; x_wconf 91' lang='lat' dir='ltr'>et</span> <span class='ocrx_word' id='word_1_220' title='bbox 1337 3655 1494 3728; x_wconf 87' lang='lat' dir='ltr'>quaslibet</span> 
     </span>
     <span class='ocr_line' id='line_1_28' title="bbox 229 3759 1494 3844; baseline 0 -27"><span class='ocrx_word' id='word_1_221' title='bbox 229 3761 376 3844; x_wconf 87' lang='lat' dir='ltr'>utilitates</span> <span class='ocrx_word' id='word_1_222' title='bbox 400 3767 430 3818; x_wconf 87' lang='lat' dir='ltr'>et</span> <span class='ocrx_word' id='word_1_223' title='bbox 453 3760 573 3819; x_wconf 84' lang='lat' dir='ltr'>fructus</span> <span class='ocrx_word' id='word_1_224' title='bbox 596 3761 763 3819; x_wconf 88' lang='lat' dir='ltr'>earundem</span> <span class='ocrx_word' id='word_1_225' title='bbox 786 3778 848 3820; x_wconf 90' lang='lat' dir='ltr'>non</span> <span class='ocrx_word' id='word_1_226' title='bbox 870 3763 1056 3835; x_wconf 89' lang='lat' dir='ltr'>recepissent</span> <span class='ocrx_word' id='word_1_227' title='bbox 1087 3760 1227 3833; x_wconf 91' lang='lat' dir='ltr'>potencia</span> <span class='ocrx_word' id='word_1_228' title='bbox 1251 3759 1415 3830; x_wconf 86' lang='lat' dir='ltr'>mediante,</span> <span class='ocrx_word' id='word_1_229' title='bbox 1438 3759 1494 3818; x_wconf 86' lang='lat' dir='ltr'>sed</span> 
     </span>
     <span class='ocr_line' id='line_1_29' title="bbox 229 3867 1492 3941; baseline 0 -17"><span class='ocrx_word' id='word_1_230' title='bbox 229 3867 260 3924; x_wconf 90' lang='lat' dir='ltr'>in</span> <span class='ocrx_word' id='word_1_231' title='bbox 282 3867 372 3925; x_wconf 88' lang='lat' dir='ltr'>totali</span> <span class='ocrx_word' id='word_1_232' title='bbox 395 3868 546 3941; x_wconf 90' lang='lat' dir='ltr'>premissa</span> <span class='ocrx_word' id='word_1_233' title='bbox 570 3868 694 3926; x_wconf 89' lang='lat' dir='ltr'>accione</span> <span class='ocrx_word' id='word_1_234' title='bbox 716 3872 746 3925; x_wconf 90' lang='lat' dir='ltr'>et</span> <span class='ocrx_word' id='word_1_235' title='bbox 769 3867 975 3941; x_wconf 88' lang='lat' dir='ltr'>acquisicione</span> <span class='ocrx_word' id='word_1_236' title='bbox 997 3867 1072 3924; x_wconf 88' lang='lat' dir='ltr'>dicti</span> <span class='ocrx_word' id='word_1_237' title='bbox 1107 3867 1237 3940; x_wconf 90' lang='lat' dir='ltr'>capituli</span> <span class='ocrx_word' id='word_1_238' title='bbox 1257 3867 1384 3939; x_wconf 85' lang='lat' dir='ltr'>agentis,</span> <span class='ocrx_word' id='word_1_239' title='bbox 1408 3867 1492 3925; x_wconf 92' lang='lat' dir='ltr'>inno·</span> 
     </span>
     <span class='ocr_line' id='line_1_30' title="bbox 228 3971 1493 4048; baseline 0.002 -18"><span class='ocrx_word' id='word_1_240' title='bbox 228 3980 330 4030; x_wconf 90' lang='lat' dir='ltr'>centes</span> <span class='ocrx_word' id='word_1_241' title='bbox 353 3974 414 4031; x_wconf 88' lang='lat' dir='ltr'>sint</span> <span class='ocrx_word' id='word_1_242' title='bbox 437 3978 467 4031; x_wconf 90' lang='lat' dir='ltr'>et</span> <span class='ocrx_word' id='word_1_243' title='bbox 490 3974 622 4032; x_wconf 84' lang='lat' dir='ltr'>existant</span> <span class='ocrx_word' id='word_1_244' title='bbox 645 3974 767 4048; x_wconf 88' lang='lat' dir='ltr'>penitus</span> <span class='ocrx_word' id='word_1_245' title='bbox 791 3979 821 4032; x_wconf 92' lang='lat' dir='ltr'>et</span> <span class='ocrx_word' id='word_1_246' title='bbox 843 3975 999 4032; x_wconf 90' lang='lat' dir='ltr'>immunes</span> <span class='ocrx_word' id='word_1_247' title='bbox 1023 3973 1054 4030; x_wconf 92' lang='lat' dir='ltr'>in</span> <span class='ocrx_word' id='word_1_248' title='bbox 1077 3973 1219 4030; x_wconf 88' lang='lat' dir='ltr'>animum</span> <span class='ocrx_word' id='word_1_249' title='bbox 1242 3971 1356 4047; x_wconf 87' lang='lat' dir='ltr'>prefati</span> <span class='ocrx_word' id='word_1_250' title='bbox 1379 3973 1493 4032; x_wconf 90' lang='lat' dir='ltr'>Valen-</span> 
     </span>
     <span class='ocr_line' id='line_1_31' title="bbox 227 4077 1490 4155; baseline 0.002 -20"><span class='ocrx_word' id='word_1_251' title='bbox 227 4079 284 4137; x_wconf 91' lang='lat' dir='ltr'>tini</span> <span class='ocrx_word' id='word_1_252' title='bbox 307 4085 379 4138; x_wconf 90' lang='lat' dir='ltr'>tunc</span> <span class='ocrx_word' id='word_1_253' title='bbox 400 4078 513 4155; x_wconf 82' lang='lat' dir='ltr'>judicis</span> <span class='ocrx_word' id='word_1_254' title='bbox 535 4077 745 4155; x_wconf 86' lang='lat' dir='ltr'>juramentum</span> <span class='ocrx_word' id='word_1_255' title='bbox 770 4079 870 4138; x_wconf 88' lang='lat' dir='ltr'>facere</span> <span class='ocrx_word' id='word_1_256' title='bbox 892 4085 922 4136; x_wconf 90' lang='lat' dir='ltr'>et</span> <span class='ocrx_word' id='word_1_257' title='bbox 939 4084 1076 4152; x_wconf 89' lang='lat' dir='ltr'>prestare</span> <span class='ocrx_word' id='word_1_258' title='bbox 1092 4079 1255 4136; x_wconf 88' lang='lat' dir='ltr'>tenebatur</span> <span class='ocrx_word' id='word_1_259' title='bbox 1272 4093 1378 4136; x_wconf 91' lang='lat' dir='ltr'>coram</span> <span class='ocrx_word' id='word_1_260' title='bbox 1392 4079 1490 4138; x_wconf 87' lang='lat' dir='ltr'>nobis.</span> 
     </span>
     <span class='ocr_line' id='line_1_32' title="bbox 229 4181 1493 4268; baseline 0 -26"><span class='ocrx_word' id='word_1_261' title='bbox 229 4185 370 4243; x_wconf 87' lang='lat' dir='ltr'>Tandem</span> <span class='ocrx_word' id='word_1_262' title='bbox 394 4186 463 4260; x_wconf 90' lang='lat' dir='ltr'>ipso</span> <span class='ocrx_word' id='word_1_263' title='bbox 485 4187 618 4244; x_wconf 89' lang='lat' dir='ltr'>termino</span> <span class='ocrx_word' id='word_1_264' title='bbox 641 4186 824 4244; x_wconf 83' lang='lat' dir='ltr'>adveniente</span> <span class='ocrx_word' id='word_1_265' title='bbox 848 4186 931 4244; x_wconf 92' lang='lat' dir='ltr'>idem</span> <span class='ocrx_word' id='word_1_266' title='bbox 954 4186 1110 4268; x_wconf 89' lang='lat' dir='ltr'>Johannes</span> <span class='ocrx_word' id='word_1_267' title='bbox 1129 4181 1324 4243; x_wconf 89' lang='lat' dir='ltr'>Soldinarich</span> <span class='ocrx_word' id='word_1_268' title='bbox 1339 4184 1493 4259; x_wconf 89' lang='lat' dir='ltr'>prescrip·</span> 
     </span>
     <span class='ocr_line' id='line_1_33' title="bbox 228 4285 1492 4366; baseline 0 -17"><span class='ocrx_word' id='word_1_269' title='bbox 228 4295 294 4349; x_wconf 90' lang='lat' dir='ltr'>tum</span> <span class='ocrx_word' id='word_1_270' title='bbox 317 4289 527 4366; x_wconf 88' lang='lat' dir='ltr'>juramentum</span> <span class='ocrx_word' id='word_1_271' title='bbox 551 4308 623 4350; x_wconf 91' lang='lat' dir='ltr'>cum</span> <span class='ocrx_word' id='word_1_272' title='bbox 647 4285 794 4366; x_wconf 75' lang='lat' dir='ltr'>pretacds</span> <span class='ocrx_word' id='word_1_273' title='bbox 825 4292 1081 4362; x_wconf 90' lang='lat' dir='ltr'>coniuratoribus,</span> <span class='ocrx_word' id='word_1_274' title='bbox 1106 4297 1200 4364; x_wconf 92' lang='lat' dir='ltr'>prout</span> <span class='ocrx_word' id='word_1_275' title='bbox 1233 4291 1319 4349; x_wconf 87' lang='lat' dir='ltr'>iuxta</span> <span class='ocrx_word' id='word_1_276' title='bbox 1350 4295 1492 4349; x_wconf 90' lang='lat' dir='ltr'>contenta</span> 
     </span>
     <span class='ocr_line' id='line_1_34' title="bbox 227 4395 1488 4472; baseline 0.001 -19"><span class='ocrx_word' id='word_1_277' title='bbox 227 4396 381 4455; x_wconf 90' lang='lat' dir='ltr'>dictarum</span> <span class='ocrx_word' id='word_1_278' title='bbox 404 4397 579 4456; x_wconf 89' lang='lat' dir='ltr'>litterarum</span> <span class='ocrx_word' id='word_1_279' title='bbox 610 4399 740 4472; x_wconf 89' lang='lat' dir='ltr'>pretacti</span> <span class='ocrx_word' id='word_1_280' title='bbox 762 4397 880 4456; x_wconf 91' lang='lat' dir='ltr'>domini</span> <span class='ocrx_word' id='word_1_281' title='bbox 904 4397 1025 4455; x_wconf 88' lang='lat' dir='ltr'>comitis</span> <span class='ocrx_word' id='word_1_282' title='bbox 1057 4395 1207 4470; x_wconf 88' lang='lat' dir='ltr'>Stephani</span> <span class='ocrx_word' id='word_1_283' title='bbox 1231 4396 1270 4454; x_wconf 90' lang='lat' dir='ltr'>de</span> <span class='ocrx_word' id='word_1_284' title='bbox 1293 4396 1409 4454; x_wconf 89' lang='lat' dir='ltr'>Bathor</span> <span class='ocrx_word' id='word_1_285' title='bbox 1432 4401 1488 4454; x_wconf 89' lang='lat' dir='ltr'>etc.</span> 
     </span>
     <span class='ocr_line' id='line_1_35' title="bbox 227 4493 1492 4578; baseline 0 -18"><span class='ocrx_word' id='word_1_286' title='bbox 227 4503 392 4575; x_wconf 90' lang='lat' dir='ltr'>debuisset,</span> <span class='ocrx_word' id='word_1_287' title='bbox 415 4504 474 4562; x_wconf 90' lang='lat' dir='ltr'>rite</span> <span class='ocrx_word' id='word_1_288' title='bbox 498 4512 528 4562; x_wconf 88' lang='lat' dir='ltr'>et</span> <span class='ocrx_word' id='word_1_289' title='bbox 550 4505 702 4576; x_wconf 87' lang='lat' dir='ltr'>legittime</span> <span class='ocrx_word' id='word_1_290' title='bbox 719 4502 862 4578; x_wconf 91' lang='lat' dir='ltr'>deposuit</span> <span class='ocrx_word' id='word_1_291' title='bbox 878 4518 984 4561; x_wconf 91' lang='lat' dir='ltr'>coram</span> <span class='ocrx_word' id='word_1_292' title='bbox 999 4503 1090 4560; x_wconf 92' lang='lat' dir='ltr'>nobis</span> <span class='ocrx_word' id='word_1_293' title='bbox 1106 4503 1281 4561; x_wconf 90' lang='lat' dir='ltr'>testimonio</span> <span class='ocrx_word' id='word_1_294' title='bbox 1297 4493 1492 4576; x_wconf 90' lang='lat' dir='ltr'>presencium</span> 
     </span>
     <span class='ocr_line' id='line_1_36' title="bbox 226 4609 1491 4686; baseline 0 -21"><span class='ocrx_word' id='word_1_295' title='bbox 226 4609 391 4668; x_wconf 87' lang='lat' dir='ltr'>mediante.</span> <span class='ocrx_word' id='word_1_296' title='bbox 414 4610 531 4668; x_wconf 89' lang='lat' dir='ltr'>Datum</span> <span class='ocrx_word' id='word_1_297' title='bbox 555 4611 624 4684; x_wconf 90' lang='lat' dir='ltr'>ipso</span> <span class='ocrx_word' id='word_1_298' title='bbox 648 4610 699 4668; x_wconf 92' lang='lat' dir='ltr'>die</span> <span class='ocrx_word' id='word_1_299' title='bbox 721 4609 936 4686; x_wconf 84' lang='lat' dir='ltr'>juramentalis</span> <span class='ocrx_word' id='word_1_300' title='bbox 968 4609 1174 4684; x_wconf 90' lang='lat' dir='ltr'>deposicionis</span> <span class='ocrx_word' id='word_1_301' title='bbox 1197 4613 1368 4681; x_wconf 89' lang='lat' dir='ltr'>prenotate.</span> <span class='ocrx_word' id='word_1_302' title='bbox 1401 4609 1491 4666; x_wconf 87' lang='lat' dir='ltr'>Anno</span> 
     </span>
     <span class='ocr_line' id='line_1_37' title="bbox 227 4713 1266 4790; baseline 0.002 -20"><span class='ocrx_word' id='word_1_303' title='bbox 227 4713 346 4773; x_wconf 91' lang='lat' dir='ltr'>domini</span> <span class='ocrx_word' id='word_1_304' title='bbox 370 4715 540 4774; x_wconf 91' lang='lat' dir='ltr'>millesimo</span> <span class='ocrx_word' id='word_1_305' title='bbox 563 4716 871 4790; x_wconf 86' lang='lat' dir='ltr'>quadringentesimo</span> <span class='ocrx_word' id='word_1_306' title='bbox 893 4716 1123 4789; x_wconf 87' lang='lat' dir='ltr'>septuagesimo</span> <span class='ocrx_word' id='word_1_307' title='bbox 1147 4720 1266 4772; x_wconf 91' lang='lat' dir='ltr'>octavo.</span> 
     </span>
    </p>
   </div>
   <div class='ocr_carea' id='block_1_6' title="bbox 226 4901 1490 5055">
    <p class='ocr_par' dir='ltr' id='par_1_6' title="bbox 226 4901 1490 5055">
     <span class='ocr_line' id='line_1_38' title="bbox 332 4901 1490 4968; baseline -0.003 -17"><span class='ocrx_word' id='word_1_308' title='bbox 332 4903 467 4967; x_wconf 85' lang='lat' dir='ltr'>Originale</span> <span class='ocrx_word' id='word_1_309' title='bbox 485 4905 512 4953; x_wconf 89' lang='lat' dir='ltr'>in</span> <span class='ocrx_word' id='word_1_310' title='bbox 532 4904 627 4955; x_wconf 87' lang='lat' dir='ltr'>charta.</span> <span class='ocrx_word' id='word_1_311' title='bbox 647 4905 675 4953; x_wconf 84' lang='lat' dir='ltr'>A</span> <span class='ocrx_word' id='word_1_312' title='bbox 694 4913 767 4968; x_wconf 85' lang='lat' dir='ltr'>tergo</span> <span class='ocrx_word' id='word_1_313' title='bbox 786 4904 924 4968; x_wconf 83' lang='lat' dir='ltr'>vestigium</span> <span class='ocrx_word' id='word_1_314' title='bbox 942 4905 1060 4968; x_wconf 86' lang='lat' dir='ltr'>impressi</span> <span class='ocrx_word' id='word_1_315' title='bbox 1081 4901 1170 4966; x_wconf 79' lang='lat' dir='ltr'>sigilli.</span> <span class='ocrx_word' id='word_1_316' title='bbox 1189 4903 1222 4951; x_wconf 86' lang='lat' dir='ltr'>In</span> <span class='ocrx_word' id='word_1_317' title='bbox 1240 4902 1354 4952; x_wconf 84' lang='lat' dir='ltr'>archivio</span> <span class='ocrx_word' id='word_1_318' title='bbox 1372 4901 1418 4953; x_wconf 82' lang='lat' dir='ltr'>lib,</span> <span class='ocrx_word' id='word_1_319' title='bbox 1437 4919 1490 4966; x_wconf 83' lang='lat' dir='ltr'>reg.</span> 
     </span>
     <span class='ocr_line' id='line_1_39' title="bbox 226 4991 416 5055; baseline 0.021 -16"><span class='ocrx_word' id='word_1_320' title='bbox 226 4991 296 5043; x_wconf 90' lang='lat' dir='ltr'>civit.</span> <span class='ocrx_word' id='word_1_321' title='bbox 315 4993 416 5055; x_wconf 83' lang='lat' dir='ltr'>zagrab.</span> 
     </span>
    </p>
   </div>
   <div class='ocr_carea' id='block_1_7' title="bbox 0 0 1918 5822">
    <p class='ocr_par' dir='ltr' id='par_1_7' title="bbox 0 0 1918 5822">
     <span class='ocr_line' id='line_1_40' title="bbox 0 0 1918 5822; baseline 0 6"><span class='ocrx_word' id='word_1_322' title='bbox 0 0 1918 5822; x_wconf 95' lang='lat' dir='ltr'> </span> 
     </span>
    </p>
   </div>
  </div>
 </body>
</html>
