<?xml version="1.0" encoding="UTF-8"?>
<!DOCTYPE html PUBLIC "-//W3C//DTD XHTML 1.0 Transitional//EN"
    "http://www.w3.org/TR/xhtml1/DTD/xhtml1-transitional.dtd">
<html xmlns="http://www.w3.org/1999/xhtml" xml:lang="en" lang="en">
 <head>
  <title>
</title>
<meta http-equiv="Content-Type" content="text/html;charset=utf-8" />
  <meta name='ocr-system' content='tesseract 3.04.00' />
  <meta name='ocr-capabilities' content='ocr_page ocr_carea ocr_par ocr_line ocrx_word'/>
</head>
<body>
  <div class='ocr_page' id='page_1' title='image "./monumentahistor20laszgoog_0781.png"; bbox 0 0 3764 5924; ppageno 0'>
   <div class='ocr_carea' id='block_1_1' title="bbox 438 570 1281 648">
    <p class='ocr_par' dir='ltr' id='par_1_1' title="bbox 438 570 1281 648">
     <span class='ocr_line' id='line_1_1' title="bbox 438 570 1281 648; baseline -0.004 -18"><span class='ocrx_word' id='word_1_1' title='bbox 438 589 498 640; x_wconf 76' lang='lat' dir='ltr'>saa</span> <span class='ocrx_word' id='word_1_2' title='bbox 851 570 925 630; x_wconf 86' lang='lat' dir='ltr'>Doc.</span> <span class='ocrx_word' id='word_1_3' title='bbox 941 579 1019 647; x_wconf 78' lang='lat'><em>395.</em></span> <span class='ocrx_word' id='word_1_4' title='bbox 1043 603 1081 614; x_wconf 91' lang='grc'><strong>-</strong></span> <span class='ocrx_word' id='word_1_5' title='bbox 1107 570 1281 648; x_wconf 76' lang='lat' dir='ltr'>An.1499.</span> 
     </span>
    </p>
   </div>
   <div class='ocr_carea' id='block_1_2' title="bbox 444 677 630 684">
    <p class='ocr_par' dir='ltr' id='par_1_2' title="bbox 444 677 630 684">
     <span class='ocr_line' id='line_1_2' title="bbox 444 677 630 684; baseline -0.005 -1"><span class='ocrx_word' id='word_1_6' title='bbox 444 677 630 684; x_wconf 76' lang='lat'>——-...-..-.--—.</span> 
     </span>
    </p>
   </div>
   <div class='ocr_carea' id='block_1_3' title="bbox 437 775 1710 1286">
    <p class='ocr_par' dir='ltr' id='par_1_3' title="bbox 437 775 1710 1286">
     <span class='ocr_line' id='line_1_3' title="bbox 437 775 1709 857; baseline -0.002 -14"><span class='ocrx_word' id='word_1_7' title='bbox 437 785 560 857; x_wconf 83' lang='lat' dir='ltr'>czensis,</span> <span class='ocrx_word' id='word_1_8' title='bbox 585 785 714 843; x_wconf 86' lang='lat' dir='ltr'>alterius</span> <span class='ocrx_word' id='word_1_9' title='bbox 752 775 886 857; x_wconf 90' lang='lat' dir='ltr'>Andree,</span> <span class='ocrx_word' id='word_1_10' title='bbox 911 783 1055 844; x_wconf 89' lang='lat' dir='ltr'>similiter</span> <span class='ocrx_word' id='word_1_11' title='bbox 1090 784 1285 844; x_wconf 86' lang='lat' dir='ltr'>decretorum</span> <span class='ocrx_word' id='word_1_12' title='bbox 1321 781 1455 844; x_wconf 88' lang='lat' dir='ltr'>doctoris</span> <span class='ocrx_word' id='word_1_13' title='bbox 1485 783 1531 842; x_wconf 92' lang='lat' dir='ltr'>de</span> <span class='ocrx_word' id='word_1_14' title='bbox 1568 780 1709 854; x_wconf 82' lang='lat' dir='ltr'>Kemlela,</span> 
     </span>
     <span class='ocr_line' id='line_1_4' title="bbox 437 889 1710 976; baseline -0.002 -28"><span class='ocrx_word' id='word_1_15' title='bbox 437 889 735 966; x_wconf 87' lang='lat' dir='ltr'>archidiaconorum,</span> <span class='ocrx_word' id='word_1_16' title='bbox 758 907 795 950; x_wconf 93' lang='lat' dir='ltr'>ac</span> <span class='ocrx_word' id='word_1_17' title='bbox 829 891 958 950; x_wconf 87' lang='lat' dir='ltr'>alterius</span> <span class='ocrx_word' id='word_1_18' title='bbox 991 891 1140 976; x_wconf 91' lang='lat' dir='ltr'>Jobannis</span> <span class='ocrx_word' id='word_1_19' title='bbox 1163 891 1308 964; x_wconf 90' lang='lat' dir='ltr'>custodis,</span> <span class='ocrx_word' id='word_1_20' title='bbox 1332 891 1557 950; x_wconf 90' lang='lat' dir='ltr'>canonicorum</span> <span class='ocrx_word' id='word_1_21' title='bbox 1583 889 1710 948; x_wconf 78' lang='lat' dir='ltr'>ecclesie</span> 
     </span>
     <span class='ocr_line' id='line_1_5' title="bbox 437 993 1708 1071; baseline -0.001 -17"><span class='ocrx_word' id='word_1_22' title='bbox 437 995 664 1070; x_wconf 88' lang='lat' dir='ltr'>zagrabiensis;</span> <span class='ocrx_word' id='word_1_23' title='bbox 707 997 782 1056; x_wconf 91' lang='lat' dir='ltr'>item</span> <span class='ocrx_word' id='word_1_24' title='bbox 819 997 1017 1070; x_wconf 84' lang='lat' dir='ltr'>egregiorum</span> <span class='ocrx_word' id='word_1_25' title='bbox 1051 997 1179 1071; x_wconf 84' lang='lat' dir='ltr'>Georgii</span> <span class='ocrx_word' id='word_1_26' title='bbox 1210 996 1248 1056; x_wconf 91' lang='lat' dir='ltr'>de</span> <span class='ocrx_word' id='word_1_27' title='bbox 1284 997 1448 1071; x_wconf 86' lang='lat' dir='ltr'>Kerechyn</span> <span class='ocrx_word' id='word_1_28' title='bbox 1481 1003 1515 1055; x_wconf 90' lang='lat' dir='ltr'>et</span> <span class='ocrx_word' id='word_1_29' title='bbox 1554 993 1708 1054; x_wconf 90' lang='lat' dir='ltr'>Francisci</span> 
     </span>
     <span class='ocr_line' id='line_1_6' title="bbox 438 1099 1707 1176; baseline -0.002 -17"><span class='ocrx_word' id='word_1_30' title='bbox 438 1101 554 1160; x_wconf 87' lang='lat' dir='ltr'>Keczer</span> <span class='ocrx_word' id='word_1_31' title='bbox 576 1101 614 1161; x_wconf 93' lang='lat' dir='ltr'>de</span> <span class='ocrx_word' id='word_1_32' title='bbox 635 1101 784 1176; x_wconf 88' lang='lat' dir='ltr'>Radwan,</span> <span class='ocrx_word' id='word_1_33' title='bbox 809 1108 1010 1162; x_wconf 76' lang='lat' dir='ltr'>extentorum</span> <span class='ocrx_word' id='word_1_34' title='bbox 1026 1103 1144 1162; x_wconf 90' lang='lat' dir='ltr'>scilicet</span> <span class='ocrx_word' id='word_1_35' title='bbox 1161 1103 1334 1164; x_wconf 78' lang='lat' dir='ltr'><strong>testamenti</strong></span> <span class='ocrx_word' id='word_1_36' title='bbox 1349 1103 1514 1162; x_wconf 88' lang='lat' dir='ltr'>reverendi</span> <span class='ocrx_word' id='word_1_37' title='bbox 1532 1102 1567 1160; x_wconf 91' lang='lat' dir='ltr'>in</span> <span class='ocrx_word' id='word_1_38' title='bbox 1584 1099 1707 1159; x_wconf 87' lang='lat' dir='ltr'>Christo</span> 
     </span>
     <span class='ocr_line' id='line_1_7' title="bbox 437 1205 1707 1286; baseline -0.002 -20"><span class='ocrx_word' id='word_1_39' title='bbox 437 1207 544 1282; x_wconf 89' lang='lat' dir='ltr'>patris,</span> <span class='ocrx_word' id='word_1_40' title='bbox 566 1207 700 1268; x_wconf 91' lang='lat' dir='ltr'>condam</span> <span class='ocrx_word' id='word_1_41' title='bbox 721 1208 840 1268; x_wconf 90' lang='lat' dir='ltr'>domini</span> <span class='ocrx_word' id='word_1_42' title='bbox 862 1207 992 1268; x_wconf 91' lang='lat' dir='ltr'>Osualdi</span> <span class='ocrx_word' id='word_1_43' title='bbox 1014 1209 1153 1286; x_wconf 89' lang='lat' dir='ltr'><strong>episcopi</strong></span> <span class='ocrx_word' id='word_1_44' title='bbox 1176 1209 1315 1268; x_wconf 90' lang='lat' dir='ltr'>eiusdem</span> <span class='ocrx_word' id='word_1_45' title='bbox 1337 1209 1466 1267; x_wconf 85' lang='lat' dir='ltr'>ecclesie</span> <span class='ocrx_word' id='word_1_46' title='bbox 1480 1205 1707 1282; x_wconf 85' lang='lat' dir='ltr'>zagrabiensis,</span> 
     </span>
    </p>
   </div>
   <div class='ocr_carea' id='block_1_4' title="bbox 437 1309 1810 1389">
    <p class='ocr_par' dir='ltr' id='par_1_4' title="bbox 437 1309 1810 1389">
     <span class='ocr_line' id='line_1_8' title="bbox 437 1309 1810 1389; baseline -0.004 -18"><span class='ocrx_word' id='word_1_47' title='bbox 437 1313 644 1372; x_wconf 86' lang='lat' dir='ltr'>exhibuerunt</span> <span class='ocrx_word' id='word_1_48' title='bbox 666 1313 756 1374; x_wconf 90' lang='lat' dir='ltr'>nobis</span> <span class='ocrx_word' id='word_1_49' title='bbox 780 1319 810 1373; x_wconf 90' lang='lat' dir='ltr'>et</span> <span class='ocrx_word' id='word_1_50' title='bbox 846 1320 1101 1389; x_wconf 84' lang='lat' dir='ltr'>presentaverunt</span> <span class='ocrx_word' id='word_1_51' title='bbox 1124 1314 1282 1389; x_wconf 87' lang='lat' dir='ltr'>quoddam</span> <span class='ocrx_word' id='word_1_52' title='bbox 1308 1318 1531 1372; x_wconf 89' lang='lat' dir='ltr'>testamentum</span> <span class='ocrx_word' id='word_1_53' title='bbox 1566 1309 1706 1370; x_wconf 89' lang='lat' dir='ltr'>eiusdem</span> <span class='ocrx_word' id='word_1_54' title='bbox 1803 1309 1810 1332; x_wconf 84' lang='lat'>¹</span> 
     </span>
    </p>
   </div>
   <div class='ocr_carea' id='block_1_5' title="bbox 363 1415 1706 5112">
    <p class='ocr_par' dir='ltr' id='par_1_5' title="bbox 363 1415 1706 5112">
     <span class='ocr_line' id='line_1_9' title="bbox 437 1415 1706 1497; baseline -0.004 -19"><span class='ocrx_word' id='word_1_55' title='bbox 437 1419 569 1478; x_wconf 91' lang='lat' dir='ltr'>condam</span> <span class='ocrx_word' id='word_1_56' title='bbox 592 1417 711 1480; x_wconf 91' lang='lat' dir='ltr'>domini</span> <span class='ocrx_word' id='word_1_57' title='bbox 740 1420 880 1495; x_wconf 88' lang='lat' dir='ltr'>episcopi</span> <span class='ocrx_word' id='word_1_58' title='bbox 910 1421 969 1479; x_wconf 92' lang='lat' dir='ltr'>sub</span> <span class='ocrx_word' id='word_1_59' title='bbox 999 1422 1254 1497; x_wconf 77' lang='lat' dir='ltr'>oppressionibus</span> <span class='ocrx_word' id='word_1_60' title='bbox 1277 1422 1374 1480; x_wconf 89' lang='lat' dir='ltr'>trium</span> <span class='ocrx_word' id='word_1_61' title='bbox 1396 1418 1592 1492; x_wconf 87' lang='lat' dir='ltr'>sigillorum,</span> <span class='ocrx_word' id='word_1_62' title='bbox 1618 1415 1706 1474; x_wconf 87' lang='lat' dir='ltr'>unius</span> 
     </span>
     <span class='ocr_line' id='line_1_10' title="bbox 437 1522 1706 1602; baseline -0.005 -18"><span class='ocrx_word' id='word_1_63' title='bbox 437 1523 585 1585; x_wconf 85' lang='lat' dir='ltr'>videlicet</span> <span class='ocrx_word' id='word_1_64' title='bbox 607 1525 747 1586; x_wconf 75' lang='lat' dir='ltr'>eiusdem</span> <span class='ocrx_word' id='word_1_65' title='bbox 770 1525 903 1586; x_wconf 90' lang='lat' dir='ltr'>condam</span> <span class='ocrx_word' id='word_1_66' title='bbox 926 1526 1045 1586; x_wconf 90' lang='lat' dir='ltr'>domini</span> <span class='ocrx_word' id='word_1_67' title='bbox 1068 1527 1215 1602; x_wconf 89' lang='lat' dir='ltr'>episcopi,</span> <span class='ocrx_word' id='word_1_68' title='bbox 1238 1525 1368 1585; x_wconf 85' lang='lat' dir='ltr'>alterius</span> <span class='ocrx_word' id='word_1_69' title='bbox 1391 1539 1467 1584; x_wconf 90' lang='lat' dir='ltr'>vero</span> <span class='ocrx_word' id='word_1_70' title='bbox 1482 1522 1706 1598; x_wconf 88' lang='lat' dir='ltr'>zagrabiensis,</span> 
     </span>
     <span class='ocr_line' id='line_1_11' title="bbox 437 1626 1706 1708; baseline -0.005 -18"><span class='ocrx_word' id='word_1_71' title='bbox 437 1631 524 1690; x_wconf 84' lang='lat' dir='ltr'>tercii</span> <span class='ocrx_word' id='word_1_72' title='bbox 547 1637 650 1691; x_wconf 87' lang='lat' dir='ltr'>autem</span> <span class='ocrx_word' id='word_1_73' title='bbox 674 1633 863 1692; x_wconf 85' lang='lat' dir='ltr'>chasmensis</span> <span class='ocrx_word' id='word_1_74' title='bbox 885 1634 1094 1708; x_wconf 89' lang='lat' dir='ltr'>capitulorum</span> <span class='ocrx_word' id='word_1_75' title='bbox 1110 1633 1311 1693; x_wconf 90' lang='lat' dir='ltr'>ecclesiarum</span> <span class='ocrx_word' id='word_1_76' title='bbox 1329 1637 1360 1691; x_wconf 92' lang='lat' dir='ltr'>et</span> <span class='ocrx_word' id='word_1_77' title='bbox 1383 1631 1422 1691; x_wconf 90' lang='lat' dir='ltr'>de</span> <span class='ocrx_word' id='word_1_78' title='bbox 1445 1646 1543 1690; x_wconf 90' lang='lat' dir='ltr'>manu</span> <span class='ocrx_word' id='word_1_79' title='bbox 1568 1626 1706 1688; x_wconf 89' lang='lat' dir='ltr'>eiusdem</span> 
     </span>
     <span class='ocr_line' id='line_1_12' title="bbox 438 1733 1705 1814; baseline -0.004 -18"><span class='ocrx_word' id='word_1_80' title='bbox 438 1735 570 1796; x_wconf 90' lang='lat' dir='ltr'>condam</span> <span class='ocrx_word' id='word_1_81' title='bbox 593 1735 712 1798; x_wconf 90' lang='lat' dir='ltr'>domini</span> <span class='ocrx_word' id='word_1_82' title='bbox 733 1739 871 1814; x_wconf 88' lang='lat' dir='ltr'>episcopi</span> <span class='ocrx_word' id='word_1_83' title='bbox 882 1739 914 1798; x_wconf 91' lang='lat' dir='ltr'>in</span> <span class='ocrx_word' id='word_1_84' title='bbox 937 1739 1075 1799; x_wconf 85' lang='lat' dir='ltr'>inferiori</span> <span class='ocrx_word' id='word_1_85' title='bbox 1088 1741 1226 1813; x_wconf 79' lang='lat' dir='ltr'>margine</span> <span class='ocrx_word' id='word_1_86' title='bbox 1248 1739 1480 1812; x_wconf 87' lang='lat' dir='ltr'>consignatum,</span> <span class='ocrx_word' id='word_1_87' title='bbox 1503 1739 1584 1796; x_wconf 90' lang='lat' dir='ltr'>item</span> <span class='ocrx_word' id='word_1_88' title='bbox 1610 1733 1705 1793; x_wconf 87' lang='lat' dir='ltr'>eciam</span> 
     </span>
     <span class='ocr_line' id='line_1_13' title="bbox 438 1839 1701 1920; baseline -0.003 -20"><span class='ocrx_word' id='word_1_89' title='bbox 438 1842 594 1918; x_wconf 90' lang='lat' dir='ltr'>quandam</span> <span class='ocrx_word' id='word_1_90' title='bbox 626 1859 721 1904; x_wconf 89' lang='lat' dir='ltr'>unam</span> <span class='ocrx_word' id='word_1_91' title='bbox 749 1844 872 1904; x_wconf 86' lang='lat' dir='ltr'>scedam</span> <span class='ocrx_word' id='word_1_92' title='bbox 896 1861 992 1920; x_wconf 86' lang='lat' dir='ltr'>super</span> <span class='ocrx_word' id='word_1_93' title='bbox 1015 1845 1096 1905; x_wconf 84' lang='lat' dir='ltr'>iacto</span> <span class='ocrx_word' id='word_1_94' title='bbox 1121 1845 1234 1904; x_wconf 91' lang='lat' dir='ltr'>domus</span> <span class='ocrx_word' id='word_1_95' title='bbox 1258 1843 1398 1903; x_wconf 89' lang='lat' dir='ltr'>eiusdem</span> <span class='ocrx_word' id='word_1_96' title='bbox 1420 1842 1558 1902; x_wconf 90' lang='lat' dir='ltr'>condam</span> <span class='ocrx_word' id='word_1_97' title='bbox 1584 1839 1701 1900; x_wconf 87' lang='lat' dir='ltr'>domini</span> 
     </span>
     <span class='ocr_line' id='line_1_14' title="bbox 438 1946 1703 2025; baseline -0.003 -19"><span class='ocrx_word' id='word_1_98' title='bbox 438 1949 576 2024; x_wconf 88' lang='lat' dir='ltr'>episcopi</span> <span class='ocrx_word' id='word_1_99' title='bbox 599 1950 745 2025; x_wconf 89' lang='lat' dir='ltr'>empticie</span> <span class='ocrx_word' id='word_1_100' title='bbox 768 1951 798 2009; x_wconf 90' lang='lat' dir='ltr'>in</span> <span class='ocrx_word' id='word_1_101' title='bbox 831 1952 890 2009; x_wconf 88' lang='lat' dir='ltr'>hac</span> <span class='ocrx_word' id='word_1_102' title='bbox 920 1951 1045 2010; x_wconf 89' lang='lat' dir='ltr'>civitate</span> <span class='ocrx_word' id='word_1_103' title='bbox 1075 1956 1180 2010; x_wconf 87' lang='lat' dir='ltr'>nostra</span> <span class='ocrx_word' id='word_1_104' title='bbox 1212 1949 1344 2009; x_wconf 86' lang='lat' dir='ltr'>Budensi</span> <span class='ocrx_word' id='word_1_105' title='bbox 1367 1949 1400 2008; x_wconf 91' lang='lat' dir='ltr'>in</span> <span class='ocrx_word' id='word_1_106' title='bbox 1423 1949 1529 2025; x_wconf 87' lang='lat' dir='ltr'>platea</span> <span class='ocrx_word' id='word_1_107' title='bbox 1555 1946 1703 2006; x_wconf 91' lang='lat' dir='ltr'>Omnium</span> 
     </span>
     <span class='ocr_line' id='line_1_15' title="bbox 438 2053 1706 2130; baseline -0.003 -17"><span class='ocrx_word' id='word_1_108' title='bbox 438 2060 614 2113; x_wconf 90' lang='lat' dir='ltr'>sanctorum</span> <span class='ocrx_word' id='word_1_109' title='bbox 637 2053 752 2128; x_wconf 92' lang='lat' dir='ltr'>habite,</span> <span class='ocrx_word' id='word_1_110' title='bbox 783 2055 965 2130; x_wconf 82' lang='lat' dir='ltr'>confectam,</span> <span class='ocrx_word' id='word_1_111' title='bbox 989 2064 1020 2116; x_wconf 93' lang='lat' dir='ltr'>et</span> <span class='ocrx_word' id='word_1_112' title='bbox 1042 2055 1137 2116; x_wconf 90' lang='lat' dir='ltr'>modo</span> <span class='ocrx_word' id='word_1_113' title='bbox 1152 2056 1257 2128; x_wconf 89' lang='lat' dir='ltr'>simili,</span> <span class='ocrx_word' id='word_1_114' title='bbox 1281 2071 1375 2114; x_wconf 91' lang='lat' dir='ltr'>manu</span> <span class='ocrx_word' id='word_1_115' title='bbox 1398 2071 1454 2114; x_wconf 90' lang='lat' dir='ltr'>sua</span> <span class='ocrx_word' id='word_1_116' title='bbox 1477 2055 1615 2130; x_wconf 90' lang='lat' dir='ltr'>propria</span> <span class='ocrx_word' id='word_1_117' title='bbox 1637 2067 1706 2110; x_wconf 88' lang='lat' dir='ltr'>con·</span> 
     </span>
     <span class='ocr_line' id='line_1_16' title="bbox 438 2157 1702 2234; baseline -0.003 -16"><span class='ocrx_word' id='word_1_118' title='bbox 438 2161 599 2234; x_wconf 81' lang='lat' dir='ltr'>signatam,</span> <span class='ocrx_word' id='word_1_119' title='bbox 630 2167 730 2221; x_wconf 88' lang='lat' dir='ltr'>certos</span> <span class='ocrx_word' id='word_1_120' title='bbox 758 2163 918 2234; x_wconf 87' lang='lat' dir='ltr'>articulos,</span> <span class='ocrx_word' id='word_1_121' title='bbox 949 2162 1143 2222; x_wconf 90' lang='lat' dir='ltr'>condiciones</span> <span class='ocrx_word' id='word_1_122' title='bbox 1166 2170 1196 2225; x_wconf 91' lang='lat' dir='ltr'>et</span> <span class='ocrx_word' id='word_1_123' title='bbox 1218 2162 1374 2220; x_wconf 81' lang='lat' dir='ltr'>clausulas</span> <span class='ocrx_word' id='word_1_124' title='bbox 1397 2162 1509 2220; x_wconf 91' lang='lat' dir='ltr'>ultime</span> <span class='ocrx_word' id='word_1_125' title='bbox 1533 2157 1702 2220; x_wconf 87' lang='lat' dir='ltr'>voluntatis</span> 
     </span>
     <span class='ocr_line' id='line_1_17' title="bbox 437 2263 1702 2344; baseline 0 -20"><span class='ocrx_word' id='word_1_126' title='bbox 437 2265 576 2327; x_wconf 89' lang='lat' dir='ltr'>eiusdem</span> <span class='ocrx_word' id='word_1_127' title='bbox 598 2263 730 2326; x_wconf 90' lang='lat' dir='ltr'>condam</span> <span class='ocrx_word' id='word_1_128' title='bbox 753 2267 872 2328; x_wconf 90' lang='lat' dir='ltr'>domini</span> <span class='ocrx_word' id='word_1_129' title='bbox 894 2268 1032 2344; x_wconf 89' lang='lat' dir='ltr'>episcopi</span> <span class='ocrx_word' id='word_1_130' title='bbox 1054 2270 1085 2328; x_wconf 90' lang='lat' dir='ltr'>in</span> <span class='ocrx_word' id='word_1_131' title='bbox 1108 2285 1141 2328; x_wconf 90' lang='lat' dir='ltr'>se</span> <span class='ocrx_word' id='word_1_132' title='bbox 1164 2268 1343 2328; x_wconf 88' lang='lat' dir='ltr'>denotantes</span> <span class='ocrx_word' id='word_1_133' title='bbox 1366 2273 1508 2327; x_wconf 85' lang='lat' dir='ltr'>tenorum</span> <span class='ocrx_word' id='word_1_134' title='bbox 1523 2265 1702 2337; x_wconf 80' lang='lat' dir='ltr'>infrascrip</span> 
     </span>
     <span class='ocr_line' id='line_1_18' title="bbox 437 2359 1702 2468; baseline -0.003 -37"><span class='ocrx_word' id='word_1_135' title='bbox 437 2378 549 2468; x_wconf 71' lang='lat' dir='ltr'>torum.</span> <span class='ocrx_word' id='word_1_136' title='bbox 583 2372 799 2448; x_wconf 87' lang='lat' dir='ltr'>Supplicatum</span> <span class='ocrx_word' id='word_1_137' title='bbox 830 2375 934 2448; x_wconf 90' lang='lat' dir='ltr'>itaque</span> <span class='ocrx_word' id='word_1_138' title='bbox 957 2381 1003 2433; x_wconf 88' lang='lat' dir='ltr'>est</span> <span class='ocrx_word' id='word_1_139' title='bbox 1026 2375 1177 2434; x_wconf 91' lang='lat' dir='ltr'>maiestati</span> <span class='ocrx_word' id='word_1_140' title='bbox 1196 2381 1305 2456; x_wconf 87' lang='lat' dir='ltr'>nostre</span> <span class='ocrx_word' id='word_1_141' title='bbox 1320 2389 1393 2448; x_wconf 81' lang='lat' dir='ltr'>per</span> <span class='ocrx_word' id='word_1_142' title='bbox 1422 2359 1576 2451; x_wconf 85' lang='lat' dir='ltr'>prelatos</span> <span class='ocrx_word' id='word_1_143' title='bbox 1592 2372 1702 2458; x_wconf 91' lang='lat' dir='ltr'>Johan·</span> 
     </span>
     <span class='ocr_line' id='line_1_19' title="bbox 437 2479 1701 2556; baseline -0.001 -20"><span class='ocrx_word' id='word_1_144' title='bbox 437 2493 509 2536; x_wconf 89' lang='lat' dir='ltr'>nem</span> <span class='ocrx_word' id='word_1_145' title='bbox 541 2481 750 2553; x_wconf 90' lang='lat' dir='ltr'>goriczensem</span> <span class='ocrx_word' id='word_1_146' title='bbox 780 2485 811 2539; x_wconf 89' lang='lat' dir='ltr'>et</span> <span class='ocrx_word' id='word_1_147' title='bbox 840 2482 920 2540; x_wconf 90' lang='lat' dir='ltr'>alios</span> <span class='ocrx_word' id='word_1_148' title='bbox 949 2481 1106 2556; x_wconf 89' lang='lat' dir='ltr'>predictos</span> <span class='ocrx_word' id='word_1_149' title='bbox 1129 2481 1307 2540; x_wconf 88' lang='lat' dir='ltr'>nominibus</span> <span class='ocrx_word' id='word_1_150' title='bbox 1333 2485 1363 2540; x_wconf 90' lang='lat' dir='ltr'>et</span> <span class='ocrx_word' id='word_1_151' title='bbox 1394 2481 1426 2540; x_wconf 89' lang='lat' dir='ltr'>in</span> <span class='ocrx_word' id='word_1_152' title='bbox 1445 2479 1591 2556; x_wconf 89' lang='lat' dir='ltr'>personis</span> <span class='ocrx_word' id='word_1_153' title='bbox 1614 2482 1701 2538; x_wconf 90' lang='lat' dir='ltr'>testa·</span> 
     </span>
     <span class='ocr_line' id='line_1_20' title="bbox 439 2585 1700 2660; baseline 0 -18"><span class='ocrx_word' id='word_1_154' title='bbox 439 2585 661 2644; x_wconf 90' lang='lat' dir='ltr'>mentariorum</span> <span class='ocrx_word' id='word_1_155' title='bbox 693 2586 904 2660; x_wconf 90' lang='lat' dir='ltr'>predictorum</span> <span class='ocrx_word' id='word_1_156' title='bbox 939 2587 1101 2646; x_wconf 89' lang='lat' dir='ltr'>humiliter</span> <span class='ocrx_word' id='word_1_157' title='bbox 1132 2594 1162 2646; x_wconf 89' lang='lat' dir='ltr'>et</span> <span class='ocrx_word' id='word_1_158' title='bbox 1184 2585 1304 2660; x_wconf 90' lang='lat' dir='ltr'>devote,</span> <span class='ocrx_word' id='word_1_159' title='bbox 1335 2593 1370 2646; x_wconf 94' lang='lat' dir='ltr'>ut</span> <span class='ocrx_word' id='word_1_160' title='bbox 1399 2585 1584 2646; x_wconf 91' lang='lat' dir='ltr'>huiusmodi</span> <span class='ocrx_word' id='word_1_161' title='bbox 1616 2589 1700 2643; x_wconf 90' lang='lat' dir='ltr'>testa·</span> 
     </span>
     <span class='ocr_line' id='line_1_21' title="bbox 437 2691 1700 2766; baseline -0.002 -19"><span class='ocrx_word' id='word_1_162' title='bbox 437 2696 577 2749; x_wconf 88' lang='lat' dir='ltr'>mentum</span> <span class='ocrx_word' id='word_1_163' title='bbox 612 2691 724 2751; x_wconf 91' lang='lat' dir='ltr'>litteris</span> <span class='ocrx_word' id='word_1_164' title='bbox 758 2693 871 2752; x_wconf 90' lang='lat' dir='ltr'>nostris</span> <span class='ocrx_word' id='word_1_165' title='bbox 905 2695 999 2753; x_wconf 87' lang='lat' dir='ltr'>inseri</span> <span class='ocrx_word' id='word_1_166' title='bbox 1030 2700 1061 2752; x_wconf 89' lang='lat' dir='ltr'>ct</span> <span class='ocrx_word' id='word_1_167' title='bbox 1094 2691 1333 2766; x_wconf 82' lang='lat' dir='ltr'>inscribifacere,</span> <span class='ocrx_word' id='word_1_168' title='bbox 1364 2700 1458 2766; x_wconf 88' lang='lat' dir='ltr'>atque</span> <span class='ocrx_word' id='word_1_169' title='bbox 1492 2693 1523 2752; x_wconf 93' lang='lat' dir='ltr'>in</span> <span class='ocrx_word' id='word_1_170' title='bbox 1558 2691 1700 2751; x_wconf 87' lang='lat' dir='ltr'>omnibus</span> 
     </span>
     <span class='ocr_line' id='line_1_22' title="bbox 438 2791 1699 2874; baseline -0.002 -21"><span class='ocrx_word' id='word_1_171' title='bbox 438 2791 569 2870; x_wconf 83' lang='lat' dir='ltr'>punctis,</span> <span class='ocrx_word' id='word_1_172' title='bbox 593 2797 742 2857; x_wconf 89' lang='lat' dir='ltr'>clausulis</span> <span class='ocrx_word' id='word_1_173' title='bbox 763 2805 793 2858; x_wconf 93' lang='lat' dir='ltr'>et</span> <span class='ocrx_word' id='word_1_174' title='bbox 814 2799 952 2859; x_wconf 87' lang='lat' dir='ltr'>articulis</span> <span class='ocrx_word' id='word_1_175' title='bbox 968 2805 1139 2874; x_wconf 87' lang='lat' dir='ltr'>acceptare,</span> <span class='ocrx_word' id='word_1_176' title='bbox 1163 2800 1341 2874; x_wconf 89' lang='lat' dir='ltr'>approbare</span> <span class='ocrx_word' id='word_1_177' title='bbox 1363 2803 1394 2858; x_wconf 90' lang='lat' dir='ltr'>et</span> <span class='ocrx_word' id='word_1_178' title='bbox 1416 2799 1585 2858; x_wconf 85' lang='lat' dir='ltr'>admittere</span> <span class='ocrx_word' id='word_1_179' title='bbox 1601 2803 1632 2857; x_wconf 89' lang='lat' dir='ltr'>et</span> <span class='ocrx_word' id='word_1_180' title='bbox 1646 2807 1699 2870; x_wconf 92' lang='lat' dir='ltr'>pro</span> 
     </span>
     <span class='ocr_line' id='line_1_23' title="bbox 437 2901 1697 2981; baseline -0.001 -22"><span class='ocrx_word' id='word_1_181' title='bbox 437 2901 549 2961; x_wconf 91' lang='lat' dir='ltr'>ultima</span> <span class='ocrx_word' id='word_1_182' title='bbox 584 2904 743 2962; x_wconf 90' lang='lat' dir='ltr'>voluntate</span> <span class='ocrx_word' id='word_1_183' title='bbox 775 2905 913 2964; x_wconf 91' lang='lat' dir='ltr'>eiusdem</span> <span class='ocrx_word' id='word_1_184' title='bbox 943 2905 1076 2965; x_wconf 90' lang='lat' dir='ltr'>condam</span> <span class='ocrx_word' id='word_1_185' title='bbox 1106 2906 1224 2964; x_wconf 88' lang='lat' dir='ltr'>domini</span> <span class='ocrx_word' id='word_1_186' title='bbox 1258 2905 1389 2965; x_wconf 91' lang='lat' dir='ltr'>Osualdi</span> <span class='ocrx_word' id='word_1_187' title='bbox 1423 2907 1574 2981; x_wconf 91' lang='lat' dir='ltr'>episcopi,</span> <span class='ocrx_word' id='word_1_188' title='bbox 1598 2909 1697 2964; x_wconf 89' lang='lat' dir='ltr'>nostro</span> 
     </span>
     <span class='ocr_line' id='line_1_24' title="bbox 438 3007 1700 3087; baseline -0.002 -21"><span class='ocrx_word' id='word_1_189' title='bbox 438 3007 605 3083; x_wconf 90' lang='lat' dir='ltr'>privilegio</span> <span class='ocrx_word' id='word_1_190' title='bbox 622 3009 807 3070; x_wconf 87' lang='lat' dir='ltr'>confirmare</span> <span class='ocrx_word' id='word_1_191' title='bbox 819 3014 917 3071; x_wconf 92' lang='lat' dir='ltr'>eciam</span> <span class='ocrx_word' id='word_1_192' title='bbox 933 3013 1144 3087; x_wconf 86' lang='lat' dir='ltr'>dignaremur.</span> <span class='ocrx_word' id='word_1_193' title='bbox 1166 3011 1391 3086; x_wconf 91' lang='lat' dir='ltr'>Cuiusquidem</span> <span class='ocrx_word' id='word_1_194' title='bbox 1414 3013 1594 3071; x_wconf 86' lang='lat' dir='ltr'>testamenti</span> <span class='ocrx_word' id='word_1_195' title='bbox 1617 3015 1700 3068; x_wconf 90' lang='lat' dir='ltr'>tenor</span> 
     </span>
     <span class='ocr_line' id='line_1_25' title="bbox 437 3109 1697 3199; baseline -0.001 -26"><span class='ocrx_word' id='word_1_196' title='bbox 437 3115 579 3188; x_wconf 88' lang='lat' dir='ltr'>sequitur</span> <span class='ocrx_word' id='word_1_197' title='bbox 601 3122 630 3173; x_wconf 91' lang='lat' dir='ltr'>et</span> <span class='ocrx_word' id='word_1_198' title='bbox 653 3122 700 3176; x_wconf 87' lang='lat' dir='ltr'>est</span> <span class='ocrx_word' id='word_1_199' title='bbox 723 3118 809 3177; x_wconf 89' lang='lat' dir='ltr'>talis:</span> <span class='ocrx_word' id='word_1_200' title='bbox 832 3113 926 3199; x_wconf 84' lang='lat' dir='ltr'>(Vide</span> <span class='ocrx_word' id='word_1_201' title='bbox 948 3118 1025 3178; x_wconf 88' lang='lat' dir='ltr'>Doc.</span> <span class='ocrx_word' id='word_1_202' title='bbox 1045 3134 1119 3196; x_wconf 82' lang='lat'><strong>394.</strong></span> <span class='ocrx_word' id='word_1_203' title='bbox 1136 3119 1175 3178; x_wconf 93' lang='lat' dir='ltr'>de</span> <span class='ocrx_word' id='word_1_204' title='bbox 1198 3133 1278 3178; x_wconf 89' lang='lat' dir='ltr'>anno</span> <span class='ocrx_word' id='word_1_205' title='bbox 1306 3135 1397 3195; x_wconf 85' lang='lat'>1499.</span> <span class='ocrx_word' id='word_1_206' title='bbox 1425 3132 1472 3188; x_wconf 86' lang='lat'>15.</span> <span class='ocrx_word' id='word_1_207' title='bbox 1488 3109 1624 3197; x_wconf 87' lang='lat' dir='ltr'>aprilis).</span> <span class='ocrx_word' id='word_1_208' title='bbox 1639 3111 1697 3172; x_wconf 83' lang='lat' dir='ltr'>Nos</span> 
     </span>
     <span class='ocr_line' id='line_1_26' title="bbox 437 3221 1698 3300; baseline -0.001 -21"><span class='ocrx_word' id='word_1_209' title='bbox 437 3221 533 3293; x_wconf 91' lang='lat' dir='ltr'>igitur</span> <span class='ocrx_word' id='word_1_210' title='bbox 567 3222 795 3283; x_wconf 88' lang='lat' dir='ltr'>considerantes</span> <span class='ocrx_word' id='word_1_211' title='bbox 829 3225 1013 3285; x_wconf 87' lang='lat' dir='ltr'>fidelitatem</span> <span class='ocrx_word' id='word_1_212' title='bbox 1045 3231 1075 3285; x_wconf 89' lang='lat' dir='ltr'>et</span> <span class='ocrx_word' id='word_1_213' title='bbox 1108 3225 1285 3300; x_wconf 90' lang='lat' dir='ltr'>gratissima</span> <span class='ocrx_word' id='word_1_214' title='bbox 1319 3223 1462 3284; x_wconf 89' lang='lat' dir='ltr'>fidelium</span> <span class='ocrx_word' id='word_1_215' title='bbox 1496 3225 1698 3284; x_wconf 88' lang='lat' dir='ltr'>serviciorum</span> 
     </span>
     <span class='ocr_line' id='line_1_27' title="bbox 440 3327 1697 3406; baseline -0.002 -21"><span class='ocrx_word' id='word_1_216' title='bbox 440 3328 550 3386; x_wconf 89' lang='lat' dir='ltr'>merita</span> <span class='ocrx_word' id='word_1_217' title='bbox 575 3327 713 3387; x_wconf 89' lang='lat' dir='ltr'>eiusdem</span> <span class='ocrx_word' id='word_1_218' title='bbox 752 3329 884 3389; x_wconf 91' lang='lat' dir='ltr'>condam</span> <span class='ocrx_word' id='word_1_219' title='bbox 922 3331 1040 3391; x_wconf 89' lang='lat' dir='ltr'>domini</span> <span class='ocrx_word' id='word_1_220' title='bbox 1074 3331 1203 3390; x_wconf 91' lang='lat' dir='ltr'>Osualdi</span> <span class='ocrx_word' id='word_1_221' title='bbox 1237 3331 1385 3406; x_wconf 90' lang='lat' dir='ltr'>episcopi,</span> <span class='ocrx_word' id='word_1_222' title='bbox 1417 3347 1478 3406; x_wconf 90' lang='lat' dir='ltr'>que</span> <span class='ocrx_word' id='word_1_223' title='bbox 1511 3331 1581 3406; x_wconf 89' lang='lat' dir='ltr'>ipse</span> <span class='ocrx_word' id='word_1_224' title='bbox 1617 3337 1697 3386; x_wconf 85' lang='lat' dir='ltr'>sacre</span> 
     </span>
     <span class='ocr_line' id='line_1_28' title="bbox 437 3429 1696 3512; baseline -0.004 -21"><span class='ocrx_word' id='word_1_225' title='bbox 437 3434 594 3508; x_wconf 89' lang='lat' dir='ltr'>imprimis</span> <span class='ocrx_word' id='word_1_226' title='bbox 618 3433 710 3492; x_wconf 91' lang='lat' dir='ltr'>huius</span> <span class='ocrx_word' id='word_1_227' title='bbox 733 3433 820 3509; x_wconf 85' lang='lat' dir='ltr'>regni</span> <span class='ocrx_word' id='word_1_228' title='bbox 844 3439 941 3496; x_wconf 90' lang='lat' dir='ltr'>nostri</span> <span class='ocrx_word' id='word_1_229' title='bbox 964 3438 1122 3512; x_wconf 89' lang='lat' dir='ltr'>Hungarie</span> <span class='ocrx_word' id='word_1_230' title='bbox 1145 3452 1266 3510; x_wconf 86' lang='lat' dir='ltr'>corone,</span> <span class='ocrx_word' id='word_1_231' title='bbox 1290 3437 1402 3496; x_wconf 88' lang='lat' dir='ltr'>deinde</span> <span class='ocrx_word' id='word_1_232' title='bbox 1424 3438 1523 3496; x_wconf 90' lang='lat' dir='ltr'>eciam</span> <span class='ocrx_word' id='word_1_233' title='bbox 1546 3429 1696 3496; x_wconf 87' lang='lat' dir='ltr'>maiestati</span> 
     </span>
     <span class='ocr_line' id='line_1_29' title="bbox 438 3536 1693 3619; baseline -0.003 -21"><span class='ocrx_word' id='word_1_234' title='bbox 438 3545 543 3599; x_wconf 91' lang='lat' dir='ltr'>nostre</span> <span class='ocrx_word' id='word_1_235' title='bbox 565 3541 606 3598; x_wconf 91' lang='lat' dir='ltr'>ab</span> <span class='ocrx_word' id='word_1_236' title='bbox 629 3556 666 3599; x_wconf 88' lang='lat' dir='ltr'>eo</span> <span class='ocrx_word' id='word_1_237' title='bbox 690 3557 815 3616; x_wconf 89' lang='lat' dir='ltr'>semper</span> <span class='ocrx_word' id='word_1_238' title='bbox 839 3548 989 3619; x_wconf 90' lang='lat' dir='ltr'>tempore,</span> <span class='ocrx_word' id='word_1_239' title='bbox 1013 3544 1137 3619; x_wconf 91' lang='lat' dir='ltr'>quoad</span> <span class='ocrx_word' id='word_1_240' title='bbox 1161 3543 1320 3618; x_wconf 86' lang='lat' dir='ltr'>fastigium</span> <span class='ocrx_word' id='word_1_241' title='bbox 1344 3544 1437 3602; x_wconf 89' lang='lat' dir='ltr'>buius</span> <span class='ocrx_word' id='word_1_242' title='bbox 1459 3545 1576 3616; x_wconf 89' lang='lat' dir='ltr'>regatis</span> <span class='ocrx_word' id='word_1_243' title='bbox 1600 3536 1693 3614; x_wconf 91' lang='lat' dir='ltr'>digni·</span> 
     </span>
     <span class='ocr_line' id='line_1_30' title="bbox 439 3635 1695 3726; baseline 0 -20"><span class='ocrx_word' id='word_1_244' title='bbox 439 3649 510 3706; x_wconf 89' lang='lat' dir='ltr'>tatis</span> <span class='ocrx_word' id='word_1_245' title='bbox 540 3655 645 3706; x_wconf 87' lang='lat' dir='ltr'>nostre</span> <span class='ocrx_word' id='word_1_246' title='bbox 679 3650 777 3708; x_wconf 90' lang='lat' dir='ltr'>evecti</span> <span class='ocrx_word' id='word_1_247' title='bbox 809 3635 924 3724; x_wconf 85' lang='lat' dir='ltr'>sumus,</span> <span class='ocrx_word' id='word_1_248' title='bbox 949 3667 1020 3710; x_wconf 91' lang='lat' dir='ltr'>cum</span> <span class='ocrx_word' id='word_1_249' title='bbox 1044 3667 1167 3710; x_wconf 90' lang='lat' dir='ltr'>summa</span> <span class='ocrx_word' id='word_1_250' title='bbox 1190 3666 1315 3726; x_wconf 89' lang='lat' dir='ltr'>semper</span> <span class='ocrx_word' id='word_1_251' title='bbox 1336 3649 1496 3709; x_wconf 87' lang='lat' dir='ltr'>fidelitatis</span> <span class='ocrx_word' id='word_1_252' title='bbox 1520 3657 1551 3710; x_wconf 92' lang='lat' dir='ltr'>et</span> <span class='ocrx_word' id='word_1_253' title='bbox 1575 3643 1695 3720; x_wconf 85' lang='lat' dir='ltr'>integri·</span> 
     </span>
     <span class='ocr_line' id='line_1_31' title="bbox 438 3753 1695 3832; baseline 0.002 -21"><span class='ocrx_word' id='word_1_254' title='bbox 438 3753 509 3812; x_wconf 92' lang='lat' dir='ltr'>tatis</span> <span class='ocrx_word' id='word_1_255' title='bbox 545 3755 781 3829; x_wconf 84' lang='lat' dir='ltr'>perseverancia</span> <span class='ocrx_word' id='word_1_256' title='bbox 809 3773 907 3832; x_wconf 91' lang='lat' dir='ltr'>usque</span> <span class='ocrx_word' id='word_1_257' title='bbox 937 3758 976 3816; x_wconf 88' lang='lat' dir='ltr'>ad</span> <span class='ocrx_word' id='word_1_258' title='bbox 1001 3765 1175 3818; x_wconf 83' lang='lat' dir='ltr'>extremum</span> <span class='ocrx_word' id='word_1_259' title='bbox 1192 3757 1263 3816; x_wconf 90' lang='lat' dir='ltr'>vite</span> <span class='ocrx_word' id='word_1_260' title='bbox 1285 3773 1339 3816; x_wconf 93' lang='lat' dir='ltr'>sue</span> <span class='ocrx_word' id='word_1_261' title='bbox 1362 3755 1503 3815; x_wconf 82' lang='lat' dir='ltr'>exhibuit</span> <span class='ocrx_word' id='word_1_262' title='bbox 1525 3761 1557 3815; x_wconf 86' lang='lat' dir='ltr'>et</span> <span class='ocrx_word' id='word_1_263' title='bbox 1581 3758 1695 3828; x_wconf 86' lang='lat' dir='ltr'>impen-</span> 
     </span>
     <span class='ocr_line' id='line_1_32' title="bbox 437 3860 1695 3938; baseline -0.002 -20"><span class='ocrx_word' id='word_1_264' title='bbox 437 3860 491 3932; x_wconf 75' lang='lat' dir='ltr'>dit,</span> <span class='ocrx_word' id='word_1_265' title='bbox 523 3876 658 3935; x_wconf 87' lang='lat' dir='ltr'>quorum</span> <span class='ocrx_word' id='word_1_266' title='bbox 689 3869 874 3938; x_wconf 90' lang='lat' dir='ltr'>respectum,</span> <span class='ocrx_word' id='word_1_267' title='bbox 907 3865 998 3925; x_wconf 91' lang='lat' dir='ltr'>sicuti</span> <span class='ocrx_word' id='word_1_268' title='bbox 1020 3865 1137 3924; x_wconf 90' lang='lat' dir='ltr'>viventi</span> <span class='ocrx_word' id='word_1_269' title='bbox 1160 3864 1298 3938; x_wconf 88' lang='lat' dir='ltr'>graciam</span> <span class='ocrx_word' id='word_1_270' title='bbox 1322 3869 1352 3922; x_wconf 87' lang='lat' dir='ltr'>et</span> <span class='ocrx_word' id='word_1_271' title='bbox 1375 3863 1625 3922; x_wconf 84' lang='lat' dir='ltr'>benivolenciam</span> <span class='ocrx_word' id='word_1_272' title='bbox 1645 3871 1695 3916; x_wconf 91' lang='lat' dir='ltr'>no·</span> 
     </span>
     <span class='ocr_line' id='line_1_33' title="bbox 437 3967 1693 4045; baseline -0.001 -21"><span class='ocrx_word' id='word_1_273' title='bbox 437 3972 534 4025; x_wconf 89' lang='lat' dir='ltr'>stram</span> <span class='ocrx_word' id='word_1_274' title='bbox 557 3981 618 4025; x_wconf 92' lang='lat' dir='ltr'>non</span> <span class='ocrx_word' id='word_1_275' title='bbox 649 3971 841 4044; x_wconf 90' lang='lat' dir='ltr'>negavimus,</span> <span class='ocrx_word' id='word_1_276' title='bbox 863 3971 905 4030; x_wconf 90' lang='lat' dir='ltr'>ita</span> <span class='ocrx_word' id='word_1_277' title='bbox 937 3972 1034 4030; x_wconf 90' lang='lat' dir='ltr'>eciam</span> <span class='ocrx_word' id='word_1_278' title='bbox 1058 3972 1242 4030; x_wconf 89' lang='lat' dir='ltr'>morientem</span> <span class='ocrx_word' id='word_1_279' title='bbox 1264 3972 1322 4032; x_wconf 91' lang='lat' dir='ltr'>bac</span> <span class='ocrx_word' id='word_1_280' title='bbox 1344 3975 1409 4028; x_wconf 90' lang='lat' dir='ltr'>tam</span> <span class='ocrx_word' id='word_1_281' title='bbox 1433 3971 1485 4045; x_wconf 91' lang='lat' dir='ltr'>pia</span> <span class='ocrx_word' id='word_1_282' title='bbox 1507 3967 1693 4039; x_wconf 86' lang='lat' dir='ltr'>salutarique</span> 
     </span>
     <span class='ocr_line' id='line_1_34' title="bbox 438 4069 1689 4153; baseline -0.002 -21"><span class='ocrx_word' id='word_1_283' title='bbox 438 4079 577 4132; x_wconf 86' lang='lat' dir='ltr'>extrema</span> <span class='ocrx_word' id='word_1_284' title='bbox 600 4074 760 4134; x_wconf 90' lang='lat' dir='ltr'>voluntate</span> <span class='ocrx_word' id='word_1_285' title='bbox 783 4093 836 4135; x_wconf 92' lang='lat' dir='ltr'>sua</span> <span class='ocrx_word' id='word_1_286' title='bbox 860 4077 1003 4137; x_wconf 77' lang='lat' dir='ltr'>frustrari</span> <span class='ocrx_word' id='word_1_287' title='bbox 1026 4078 1175 4153; x_wconf 90' lang='lat' dir='ltr'>nolentes,</span> <span class='ocrx_word' id='word_1_288' title='bbox 1198 4082 1324 4152; x_wconf 90' lang='lat' dir='ltr'>accepta</span> <span class='ocrx_word' id='word_1_289' title='bbox 1348 4075 1581 4151; x_wconf 87' lang='lat' dir='ltr'>supplicacione</span> <span class='ocrx_word' id='word_1_290' title='bbox 1604 4069 1689 4134; x_wconf 83' lang='lat' dir='ltr'>nobis</span> 
     </span>
     <span class='ocr_line' id='line_1_35' title="bbox 438 4181 1692 4260; baseline -0.004 -22"><span class='ocrx_word' id='word_1_291' title='bbox 438 4186 603 4255; x_wconf 89' lang='lat' dir='ltr'>propterea</span> <span class='ocrx_word' id='word_1_292' title='bbox 627 4181 720 4240; x_wconf 91' lang='lat' dir='ltr'>modo</span> <span class='ocrx_word' id='word_1_293' title='bbox 744 4184 896 4256; x_wconf 89' lang='lat' dir='ltr'>premisso</span> <span class='ocrx_word' id='word_1_294' title='bbox 920 4183 1009 4252; x_wconf 83' lang='lat' dir='ltr'>sacta,</span> <span class='ocrx_word' id='word_1_295' title='bbox 1027 4185 1214 4260; x_wconf 89' lang='lat' dir='ltr'>prescriptas</span> <span class='ocrx_word' id='word_1_296' title='bbox 1229 4185 1349 4243; x_wconf 89' lang='lat' dir='ltr'>litteras</span> <span class='ocrx_word' id='word_1_297' title='bbox 1365 4183 1611 4242; x_wconf 81' lang='lat' dir='ltr'>testamentarias</span> <span class='ocrx_word' id='word_1_298' title='bbox 1626 4189 1692 4238; x_wconf 90' lang='lat' dir='ltr'>cum</span> 
     </span>
     <span class='ocr_line' id='line_1_36' title="bbox 437 4283 1691 4368; baseline -0.011 -14"><span class='ocrx_word' id='word_1_299' title='bbox 437 4295 529 4354; x_wconf 88' lang='lat' dir='ltr'>sceda</span> <span class='ocrx_word' id='word_1_300' title='bbox 552 4296 583 4353; x_wconf 94' lang='lat' dir='ltr'>in</span> <span class='ocrx_word' id='word_1_301' title='bbox 607 4291 821 4368; x_wconf 88' lang='lat' dir='ltr'>superioribus</span> <span class='ocrx_word' id='word_1_302' title='bbox 844 4290 997 4363; x_wconf 90' lang='lat' dir='ltr'>denotata,</span> <span class='ocrx_word' id='word_1_303' title='bbox 1031 4305 1092 4349; x_wconf 91' lang='lat' dir='ltr'>non</span> <span class='ocrx_word' id='word_1_304' title='bbox 1126 4291 1261 4361; x_wconf 88' lang='lat' dir='ltr'>abrasas,</span> <span class='ocrx_word' id='word_1_305' title='bbox 1285 4303 1347 4348; x_wconf 91' lang='lat' dir='ltr'>non</span> <span class='ocrx_word' id='word_1_306' title='bbox 1370 4289 1563 4361; x_wconf 89' lang='lat' dir='ltr'>cancellatas,</span> <span class='ocrx_word' id='word_1_307' title='bbox 1587 4303 1642 4348; x_wconf 88' lang='lat' dir='ltr'>nec</span> <span class='ocrx_word' id='word_1_308' title='bbox 1662 4283 1691 4340; x_wconf 91' lang='lat' dir='ltr'>in</span> 
     </span>
     <span class='ocr_line' id='line_1_37' title="bbox 438 4390 1689 4476; baseline -0.008 -16"><span class='ocrx_word' id='word_1_309' title='bbox 438 4403 544 4476; x_wconf 90' lang='lat' dir='ltr'>aliqua</span> <span class='ocrx_word' id='word_1_310' title='bbox 576 4401 624 4460; x_wconf 92' lang='lat' dir='ltr'>sui</span> <span class='ocrx_word' id='word_1_311' title='bbox 658 4405 747 4474; x_wconf 88' lang='lat' dir='ltr'>parte</span> <span class='ocrx_word' id='word_1_312' title='bbox 778 4403 945 4472; x_wconf 91' lang='lat' dir='ltr'>suspectas,</span> <span class='ocrx_word' id='word_1_313' title='bbox 969 4397 1226 4472; x_wconf 90' lang='lat' dir='ltr'>presentibusque</span> <span class='ocrx_word' id='word_1_314' title='bbox 1249 4395 1360 4454; x_wconf 90' lang='lat' dir='ltr'>litteris</span> <span class='ocrx_word' id='word_1_315' title='bbox 1382 4396 1495 4454; x_wconf 88' lang='lat' dir='ltr'>nostris</span> <span class='ocrx_word' id='word_1_316' title='bbox 1517 4390 1689 4469; x_wconf 81' lang='lat' dir='ltr'>privilegia·</span> 
     </span>
     <span class='ocr_line' id='line_1_38' title="bbox 435 4490 1690 4575; baseline -0.009 -9"><span class='ocrx_word' id='word_1_317' title='bbox 435 4507 520 4566; x_wconf 89' lang='lat' dir='ltr'>libus</span> <span class='ocrx_word' id='word_1_318' title='bbox 544 4506 582 4566; x_wconf 92' lang='lat' dir='ltr'>de</span> <span class='ocrx_word' id='word_1_319' title='bbox 604 4506 703 4564; x_wconf 89' lang='lat' dir='ltr'>verbo</span> <span class='ocrx_word' id='word_1_320' title='bbox 726 4503 766 4562; x_wconf 89' lang='lat' dir='ltr'>ad</span> <span class='ocrx_word' id='word_1_321' title='bbox 790 4505 922 4562; x_wconf 89' lang='lat' dir='ltr'>verbum</span> <span class='ocrx_word' id='word_1_322' title='bbox 945 4503 1010 4562; x_wconf 89' lang='lat' dir='ltr'>sine</span> <span class='ocrx_word' id='word_1_323' title='bbox 1033 4503 1241 4561; x_wconf 90' lang='lat' dir='ltr'>diminucione</span> <span class='ocrx_word' id='word_1_324' title='bbox 1264 4507 1293 4559; x_wconf 91' lang='lat' dir='ltr'>et</span> <span class='ocrx_word' id='word_1_325' title='bbox 1316 4507 1481 4574; x_wconf 89' lang='lat' dir='ltr'>augmento</span> <span class='ocrx_word' id='word_1_326' title='bbox 1504 4500 1634 4575; x_wconf 85' lang='lat' dir='ltr'>aliquali</span> <span class='ocrx_word' id='word_1_327' title='bbox 1648 4490 1690 4555; x_wconf 58' lang='lat' dir='ltr'>in*</span> 
     </span>
     <span class='ocr_line' id='line_1_39' title="bbox 436 4607 1689 4685; baseline -0.01 -11"><span class='ocrx_word' id='word_1_328' title='bbox 436 4620 541 4685; x_wconf 88' lang='lat' dir='ltr'>sertas,-</span> <span class='ocrx_word' id='word_1_329' title='bbox 565 4613 765 4684; x_wconf 89' lang='lat' dir='ltr'>ratificamus,</span> <span class='ocrx_word' id='word_1_330' title='bbox 779 4616 976 4685; x_wconf 86' lang='lat' dir='ltr'>acceptamus</span> <span class='ocrx_word' id='word_1_331' title='bbox 998 4617 1028 4668; x_wconf 91' lang='lat' dir='ltr'>et</span> <span class='ocrx_word' id='word_1_332' title='bbox 1051 4610 1273 4684; x_wconf 88' lang='lat' dir='ltr'>approbamus,</span> <span class='ocrx_word' id='word_1_333' title='bbox 1290 4624 1403 4683; x_wconf 91' lang='lat' dir='ltr'>easque</span> <span class='ocrx_word' id='word_1_334' title='bbox 1426 4607 1521 4667; x_wconf 89' lang='lat' dir='ltr'>simul</span> <span class='ocrx_word' id='word_1_335' title='bbox 1537 4621 1610 4665; x_wconf 90' lang='lat' dir='ltr'>cum</span> <span class='ocrx_word' id='word_1_336' title='bbox 1630 4614 1689 4662; x_wconf 87' lang='lat' dir='ltr'>om·</span> 
     </span>
     <span class='ocr_line' id='line_1_40' title="bbox 363 4709 1687 4798; baseline -0.011 -17"><span class='ocrx_word' id='word_1_337' title='bbox 363 4787 368 4798; x_wconf 56' lang='grc'>,</span> <span class='ocrx_word' id='word_1_338' title='bbox 435 4721 527 4781; x_wconf 90' lang='lat' dir='ltr'>nibus</span> <span class='ocrx_word' id='word_1_339' title='bbox 543 4719 699 4792; x_wconf 91' lang='lat' dir='ltr'>clausulis,</span> <span class='ocrx_word' id='word_1_340' title='bbox 716 4719 863 4789; x_wconf 88' lang='lat' dir='ltr'>articulis,</span> <span class='ocrx_word' id='word_1_341' title='bbox 888 4715 1120 4775; x_wconf 90' lang='lat' dir='ltr'>condicionibus</span> <span class='ocrx_word' id='word_1_342' title='bbox 1135 4723 1165 4775; x_wconf 91' lang='lat' dir='ltr'>et</span> <span class='ocrx_word' id='word_1_343' title='bbox 1180 4715 1302 4792; x_wconf 90' lang='lat' dir='ltr'>punctis</span> <span class='ocrx_word' id='word_1_344' title='bbox 1314 4715 1346 4774; x_wconf 91' lang='lat' dir='ltr'>in</span> <span class='ocrx_word' id='word_1_345' title='bbox 1359 4715 1518 4774; x_wconf 90' lang='lat' dir='ltr'>tenoribus</span> <span class='ocrx_word' id='word_1_346' title='bbox 1530 4709 1687 4773; x_wconf 81' lang='lat' dir='ltr'>eanmdem</span> 
     </span>
     <span class='ocr_line' id='line_1_41' title="bbox 436 4813 1689 4896; baseline -0.006 -12"><span class='ocrx_word' id='word_1_347' title='bbox 436 4829 611 4886; x_wconf 89' lang='lat' dir='ltr'>litterarum</span> <span class='ocrx_word' id='word_1_348' title='bbox 641 4825 944 4884; x_wconf 89' lang='lat' dir='ltr'>testamentariarum</span> <span class='ocrx_word' id='word_1_349' title='bbox 975 4829 1069 4896; x_wconf 91' lang='lat' dir='ltr'>atque</span> <span class='ocrx_word' id='word_1_350' title='bbox 1091 4823 1191 4881; x_wconf 92' lang='lat' dir='ltr'>eciam</span> <span class='ocrx_word' id='word_1_351' title='bbox 1214 4819 1304 4880; x_wconf 91' lang='lat' dir='ltr'>scede</span> <span class='ocrx_word' id='word_1_352' title='bbox 1327 4820 1466 4896; x_wconf 89' lang='lat' dir='ltr'>predicte</span> <span class='ocrx_word' id='word_1_353' title='bbox 1496 4818 1643 4879; x_wconf 84' lang='lat' dir='ltr'>contentis</span> <span class='ocrx_word' id='word_1_354' title='bbox 1663 4813 1689 4868; x_wconf 73' lang='lat' dir='ltr'>et</span> 
     </span>
     <span class='ocr_line' id='line_1_42' title="bbox 436 4923 1687 5007; baseline -0.012 -16"><span class='ocrx_word' id='word_1_355' title='bbox 436 4933 619 5007; x_wconf 88' lang='lat' dir='ltr'>specificatis</span> <span class='ocrx_word' id='word_1_356' title='bbox 643 4931 863 4990; x_wconf 88' lang='lat' dir='ltr'>confirmamus</span> <span class='ocrx_word' id='word_1_357' title='bbox 889 4931 1000 4988; x_wconf 90' lang='lat' dir='ltr'>harum</span> <span class='ocrx_word' id='word_1_358' title='bbox 1031 4934 1218 5000; x_wconf 85' lang='lat' dir='ltr'>nostrarum,</span> <span class='ocrx_word' id='word_1_359' title='bbox 1242 4929 1356 5002; x_wconf 90' lang='lat' dir='ltr'>quibus</span> <span class='ocrx_word' id='word_1_360' title='bbox 1379 4933 1534 4986; x_wconf 79' lang='lat' dir='ltr'>secretum</span> <span class='ocrx_word' id='word_1_361' title='bbox 1557 4923 1687 4999; x_wconf 88' lang='lat' dir='ltr'>sigillum</span> 
     </span>
     <span class='ocr_line' id='line_1_43' title="bbox 436 5024 1687 5112; baseline -0.008 -14"><span class='ocrx_word' id='word_1_362' title='bbox 436 5043 585 5110; x_wconf 81' lang='lat' dir='ltr'>nostrum,</span> <span class='ocrx_word' id='word_1_363' title='bbox 608 5051 672 5112; x_wconf 89' lang='lat' dir='ltr'>quo</span> <span class='ocrx_word' id='word_1_364' title='bbox 694 5042 728 5096; x_wconf 92' lang='lat' dir='ltr'>ut</span> <span class='ocrx_word' id='word_1_365' title='bbox 751 5051 806 5095; x_wconf 84' lang='lat' dir='ltr'>rex</span> <span class='ocrx_word' id='word_1_366' title='bbox 829 5034 987 5109; x_wconf 87' lang='lat' dir='ltr'>Hungarie</span> <span class='ocrx_word' id='word_1_367' title='bbox 1007 5035 1134 5103; x_wconf 90' lang='lat' dir='ltr'>utimur,</span> <span class='ocrx_word' id='word_1_368' title='bbox 1156 5038 1209 5093; x_wconf 85' lang='lat' dir='ltr'>est·</span> <span class='ocrx_word' id='word_1_369' title='bbox 1225 5047 1407 5108; x_wconf 91' lang='lat' dir='ltr'>appensum,</span> <span class='ocrx_word' id='word_1_370' title='bbox 1432 5033 1540 5106; x_wconf 88' lang='lat' dir='ltr'>vigore</span> <span class='ocrx_word' id='word_1_371' title='bbox 1563 5038 1593 5091; x_wconf 90' lang='lat' dir='ltr'>et</span> <span class='ocrx_word' id='word_1_372' title='bbox 1614 5024 1687 5090; x_wconf 83' lang='lat' dir='ltr'>testi·</span> 
     </span>
    </p>
   </div>
   <div class='ocr_carea' id='block_1_6' title="bbox 0 0 1886 5924">
    <p class='ocr_par' dir='ltr' id='par_1_6' title="bbox 0 0 1886 5924">
     <span class='ocr_line' id='line_1_44' title="bbox 0 0 1886 5924; baseline 0 0"><span class='ocrx_word' id='word_1_373' title='bbox 0 0 1886 5924; x_wconf 95' lang='lat' dir='ltr'> </span> 
     </span>
    </p>
   </div>
  </div>
 </body>
</html>
