3948 5804
428 581 486 626 rra
850 568 922 626 Doc.
948 562 1002 629 86.
1028 601 1068 612 -
1094 576 1150 630 An.
1174 581 1264 648 1435.

424 779 511 838 cuius
531 783 720 840 contrarium
737 783 887 842 memoria
903 783 1066 842 hominum
1081 799 1142 842 non
1158 783 1427 859 comprehenderit
1443 783 1635 859 perstitisset,
1651 785 1691 842 ab

425 885 535 944 eodem
557 887 694 962 capitulo
718 903 797 947 anno
820 890 852 946 in
875 890 1011 964 presenti
1027 890 1171 963 indebite,
1195 892 1294 949 immo
1309 891 1531 966 potencialiter,
1546 905 1692 966 occupas·

423 995 490 1049 sent
513 997 543 1050 et
565 994 723 1068 occupatis
755 999 914 1054 uterentur
936 996 1030 1054 etiam
1054 994 1092 1054 de
1115 997 1260 1070 presenti,
1282 996 1424 1071 potencia
1455 1010 1564 1055 eorum
1593 995 1693 1056 medi·

423 1103 505 1170 ante,
525 1097 557 1156 in
580 1098 786 1172 preiudicium
810 1106 840 1158 et
863 1099 1044 1176 dampnum,
1067 1100 1205 1179 jurisque
1229 1102 1418 1176 derogamen
1441 1101 1538 1178 ipsius
1561 1102 1691 1176 capituli

423 1203 516 1262 valde
539 1219 695 1277 magnum.
719 1204 757 1263 Et
779 1206 853 1279 quia
874 1221 930 1264 nos
952 1207 1058 1282 ipsum
1092 1208 1267 1283 capitulum
1297 1208 1477 1267 huiusmodi
1507 1209 1571 1266 suis
1602 1205 1691 1286 justis

422 1307 544 1386 juribus
577 1311 679 1368 minus
708 1308 787 1386 juste
817 1317 847 1370 et
869 1311 1006 1372 indebite
1037 1330 1094 1388 per
1124 1315 1305 1389 quempiam
1335 1313 1460 1372 destitui
1490 1313 1637 1372 nolumus
1661 1319 1690 1370 et

423 1415 551 1490 privari,
583 1416 655 1475 ideo
691 1415 836 1476 fidelitati
870 1422 972 1477 vestre
1005 1419 1185 1480 firmissime
1219 1420 1411 1496 precipimus
1434 1425 1464 1478 et
1497 1419 1691 1490 mandamus,

424 1528 577 1595 quatenus
601 1521 706 1580 statim
728 1524 861 1596 receptis
884 1526 1082 1600 presentibus
1105 1528 1272 1600 premissas
1294 1531 1393 1585 terras
1424 1529 1453 1584 et
1476 1525 1582 1587 senilia
1604 1525 1692 1598 Krog

422 1628 607 1703 appellatas,
630 1627 669 1687 de
696 1644 835 1702 quarum
857 1629 976 1689 scilicet
999 1611 1136 1690 dominio
1152 1633 1256 1706 ipsum
1272 1632 1445 1706 capitulum
1468 1647 1525 1706 per
1540 1621 1690 1690 antefatos

422 1731 558 1810 judicem
582 1739 612 1794 et
635 1735 719 1794 cives
740 1741 862 1822 nostros
892 1735 1045 1796 demone
1068 1737 1214 1797 Grecensi
1236 1738 1331 1798 modo
1362 1739 1516 1812 premisso
1548 1738 1690 1797 exclusos

423 1839 491 1898 iore
512 1841 718 1916 comperietis,
741 1858 848 1900 rursus
871 1849 901 1901 et
923 1845 1037 1902 iterum
1060 1843 1161 1902 eidem
1184 1845 1321 1918 capitulo
1349 1850 1517 1903 restatuere
1541 1843 1691 1920 debeatis,

422 1945 561 2022 prefatos
582 1945 717 2023 judicem
739 1953 769 2007 et
792 1950 875 2007 cives
899 1947 939 2007 de
964 1947 1102 2008 dominio
1134 1949 1314 2009 earumdem
1345 1949 1555 2021 excludendo;
1585 1951 1690 2025 ipsum

422 2053 521 2112 eciam
543 2055 717 2129 capitulum
739 2056 770 2113 in
805 2055 921 2114 eisdem
946 2061 1056 2115 contra
1080 2056 1208 2130 quosvis
1230 2057 1412 2129 illegitimos
1434 2057 1627 2130 impetitores
1661 2063 1690 2114 et

421 2159 577 2233 signanter
599 2159 748 2220 adversus
778 2161 923 2221 iamfatos
956 2160 1090 2238 judicem
1121 2167 1152 2221 et
1175 2163 1257 2221 cives
1286 2168 1409 2221 nostros
1442 2162 1474 2220 in
1505 2176 1637 2236 persona
1660 2167 1690 2220 et

421 2267 603 2325 auctoritate
625 2274 729 2326 nostre
752 2269 922 2327 maiestatis
945 2269 1141 2344 presentibus
1163 2269 1255 2328 uobis
1277 2269 1310 2328 in
1339 2269 1397 2328 hac
1420 2278 1508 2343 parte
1539 2269 1689 2327 attributa

422 2371 577 2431 mediante
600 2387 792 2448 conservare,
814 2380 978 2448 protegere
1011 2380 1041 2434 et
1071 2375 1281 2450 indempniter
1312 2379 1511 2434 manutenere
1542 2375 1689 2445 debeatis,

420 2479 646 2538 committentes
658 2479 787 2554 pretatis
809 2477 905 2556 judici
921 2485 951 2538 et
966 2481 1087 2539 civibus
1101 2482 1223 2554 nostris,
1239 2485 1273 2539 ut
1288 2481 1315 2538 si
1329 2480 1425 2538 iidem
1440 2481 1472 2539 in
1487 2480 1570 2538 facto
1584 2481 1689 2538 huius·

420 2582 507 2642 modi
535 2590 690 2643 terrarum
723 2590 753 2644 et
783 2584 925 2644 senilium
962 2587 1049 2660 Krog
1089 2592 1339 2662 nuncupatarum
1370 2587 1533 2660 quitquam
1551 2582 1629 2660 juris
1656 2600 1688 2642 se

419 2689 535 2750 habere
557 2691 752 2766 pretendunt,
773 2691 806 2750 id
829 2707 935 2751 coram
957 2697 1062 2751 nostra
1086 2693 1245 2750 maiestate
1274 2680 1328 2750 a‘ut
1354 2692 1418 2750 alio
1447 2688 1549 2767 judice
1580 2705 1688 2750 eorum

419 2797 576 2856 ordinario
598 2795 728 2874 juridice
751 2803 782 2856 et
804 2797 973 2856 secundum
995 2799 1099 2873 legem
1121 2813 1157 2856 ac
1191 2797 1444 2857 consuetudinem
1473 2798 1561 2871 regni
1591 2798 1688 2856 nostri

419 2903 571 2976 legittime
592 2909 821 2978 prosequantur
843 2919 948 2988 super¹
964 2905 1136 2979 capitulum
1159 2909 1366 2978 prenotatum,
1389 2909 1530 2979 exparte
1554 2919 1688 2977 quorum

419 3025 475 3069 nos
500 3015 553 3069 aut
579 3010 659 3069 alter
681 3007 776 3086 judex
806 3024 913 3068 eorum
948 3010 1122 3070 ordinarius
1156 3011 1282 3069 omnino
1306 3016 1411 3069 contra
1443 3025 1495 3068 eos
1518 3010 1687 3083 querelam,

418 3114 568 3193 judicium
592 3121 622 3176 et
644 3113 796 3192 justiciam
820 3097 1038 3191 impendemus
1059 3123 1112 3174 aut
1127 3117 1287 3190 impendet
1309 3122 1404 3191 prout
1424 3116 1587 3175 dictaverit
1610 3116 1687 3175 ordo

417 3221 505 3299 juris.
527 3222 622 3282 Secus
645 3237 719 3297 ergo
741 3238 804 3281 non
834 3221 944 3281 facturi
966 3225 1068 3296 gracie
1098 3229 1203 3282 nostre
1234 3224 1293 3280 sub
1324 3224 1459 3282 obtentu.
1489 3222 1687 3281 Presentibus

419 3329 572 3403 perlectis,
596 3329 755 3388 exhibenti
776 3329 933 3388 restitutis.
957 3329 1073 3387 Datum
1097 3328 1218 3386 Brunne
1234 3329 1376 3404 parcium
1399 3329 1537 3386 Morauie
1559 3329 1590 3386 in
1606 3327 1685 3387 sesto

417 3435 501 3492 beati
516 3435 677 3493 Laurencii
690 3435 833 3494 martiris.
850 3435 940 3493 Anno
953 3434 1072 3494 domini
1087 3435 1258 3494 millesimo
1274 3434 1578 3509 quadringentesimo
1594 3435 1685 3493 trice-

417 3541 498 3598 simo
521 3541 639 3614 quinto.
663 3541 842 3614 Regnorum
865 3545 1045 3600 nostrorum
1070 3556 1151 3599 armo
1173 3542 1331 3614 Hungarie
1355 3547 1402 3600 etc
1432 3541 1538 3598 XLIX.
1569 3541 1682 3599 Roma·

417 3661 530 3705 norum
553 3647 649 3706 XXV.
672 3647 819 3706 Bohemie
842 3647 922 3706 XVI.
946 3648 1074 3722 Imperii
1097 3662 1172 3706 vero
1196 3648 1298 3707 tercio,

522 3799 656 3864 Originale
674 3801 702 3850 in
720 3799 816 3853 charta.
834 3801 868 3850 In
885 3801 1000 3865 margine
1017 3802 1092 3852 inser.
1111 3801 1264 3866 impressum
1282 3805 1321 3850 est
1339 3799 1461 3866 sigillum.
1487 3801 1519 3851 In
1538 3799 1606 3850 arch.
1628 3816 1684 3854 ven.

417 3889 501 3955 Capit.
521 3889 582 3942 eccl.
602 3890 703 3956 zagrab.
722 3891 785 3942 Act.
806 3891 868 3955 Cap.
890 3896 941 3942 ant.
961 3891 1022 3943 fasc.
1043 3890 1068 3942 6.
1087 3906 1117 3939 nr
1145 3902 1187 3954 24.

520 4067 554 4116 In
571 4066 679 4130 regestis
693 4067 799 4131 Georgii
812 4065 971 4116 Marcelovid
995 4073 1054 4132 post
1072 4067 1228 4116 mentionem
1246 4065 1324 4116 huius
1343 4065 1407 4130 regii
1425 4065 1549 4124 mandati,
1567 4064 1683 4113 additur:

416 4157 528 4218 Litteras
541 4156 726 4222 suprascriptas
743 4155 902 4220 sigismundi
915 4155 1112 4213 remissiouales,
1126 4157 1258 4205 Hermann
1270 4156 1338 4204 bano
1351 4155 1522 4220 praesentavit
1536 4159 1684 4219 procurator

416 4245 523 4310 capituli
535 4246 666 4295 Fabianus
679 4245 711 4294 de
724 4245 811 4296 Streza
823 4247 960 4296 canonicus
973 4245 1153 4310 zagrabiensis,
1168 4244 1296 4308 simulque
1313 4243 1377 4293 alias
1391 4244 1508 4293 Mathiae
1523 4243 1555 4292 de
1574 4241 1684 4300 Paloch,

414 4334 509 4399 judicis
526 4335 619 4394 curiae,
632 4333 802 4400 proclamatus
819 4335 1019 4398 ann01433.in
1037 4333 1134 4382 octavis
1152 4349 1172 4384 s.
1188 4333 1290 4397 Jacobi,
1301 4332 1463 4382 informando
1482 4347 1549 4389 eum,
1564 4331 1603 4380 uti
1621 4329 1684 4379 olim

415 4423 513 4472 Paloch
532 4439 547 4472 a
566 4423 680 4486 Georgio
695 4423 818 4472 canonico
836 4423 998 4487 zagrabiensi
1013 4421 1198 4471 informabatur
1216 4422 1248 4470 de
1267 4421 1418 4470 crudelitato
1436 4420 1531 4470 civium
1544 4435 1584 4470 an.
1606 4429 1684 4481 1422.

415 4511 533 4570 exercita,
553 4511 631 4575 idque
650 4512 768 4576 probavit
786 4512 957 4576 inquisicione
970 4511 1135 4564 chasmensis,
1149 4510 1272 4575 posegani
1284 4517 1309 4559 et
1325 4509 1442 4574 judicum
1462 4509 1588 4558 nobilium
1603 4507 1680 4556 comi·

416 4607 485 4650 tatus
503 4601 690 4664 aagrabiensis;
708 4599 814 4665 insuper
836 4601 871 4650 ad
895 4615 1055 4650 communem
1080 4599 1277 4662 inquisicionem
1301 4614 1355 4648 rem
1383 4597 1501 4656 offerens,
1527 4597 1595 4645 cives
1614 4611 1681 4644 com-

414 4705 517 4739 munem
535 4689 730 4752 inquisitionem
748 4703 801 4740 non
819 4697 990 4754 acceptantes,
1010 4695 1147 4754 reponunt,
1166 4689 1348 4752 inquisitorum
1364 4688 1501 4753 productas
1521 4701 1573 4736 non
1597 4685 1684 4734 valere

414 4785 606 4844 praesentantes
625 4777 724 4828 litteras
743 4777 902 4842 Sigismundi
914 4795 954 4829 an.
969 4790 1044 4844 1405.
1057 4779 1120 4828 v11.
1134 4777 1258 4828 kalendas
1271 4778 1340 4836 maii,
1353 4778 1381 4827 in
1393 4777 1488 4841 quibus
1508 4782 1576 4826 eat:
1596 4775 1682 4824 decre·

414 4869 505 4927 vimus,
524 4867 594 4931 quod
612 4866 699 4916 nuilus
723 4866 843 4932 publicus
867 4867 981 4918 notarius
999 4867 1027 4917 in
1051 4867 1143 4927 causis,
1162 4883 1228 4931 quae
1252 4869 1319 4918 inter
1343 4867 1407 4916 duos
1432 4865 1513 4916 laicos
1537 4871 1678 4923 vertuntur,

413 4957 468 5008 siue
486 4973 570 5007 coram
586 4957 674 5022 jndice
692 4955 868 5007 ecclesiastico
886 4956 941 5007 sive
953 4955 1076 5005 saeculari
1089 4972 1224 5021 procurare
1242 4957 1335 5006 audeat
1348 4954 1389 5005 rel
1402 4953 1533 5005 ullatenus
1551 4952 1679 5012 advocari,

414 5049 458 5097 sed
478 5063 524 5096 nec
549 5053 698 5096 extraneum
723 5047 898 5096 testimonium
924 5046 992 5095 inter
1020 5045 1087 5094 cives
1115 5043 1200 5095 locum
1225 5045 1328 5104 habeat,
1357 5061 1403 5094 nec
1431 5043 1532 5094 nobiles
1559 5057 1604 5092 sen
1634 5041 1682 5091 viri
