<?xml version="1.0" encoding="UTF-8"?>
<!DOCTYPE html PUBLIC "-//W3C//DTD XHTML 1.0 Transitional//EN"
    "http://www.w3.org/TR/xhtml1/DTD/xhtml1-transitional.dtd">
<html xmlns="http://www.w3.org/1999/xhtml" xml:lang="en" lang="en">
 <head>
  <title>
</title>
<meta http-equiv="Content-Type" content="text/html;charset=utf-8" />
  <meta name='ocr-system' content='tesseract 3.04.00' />
  <meta name='ocr-capabilities' content='ocr_page ocr_carea ocr_par ocr_line ocrx_word'/>
</head>
<body>
  <div class='ocr_page' id='page_1' title='image "./monumentahistor20laszgoog_0317.png"; bbox 0 0 3948 5804; ppageno 0'>
   <div class='ocr_carea' id='block_1_1' title="bbox 420 554 1251 636">
    <p class='ocr_par' dir='ltr' id='par_1_1' title="bbox 420 554 1251 636">
     <span class='ocr_line' id='line_1_1' title="bbox 420 554 1251 636; baseline 0.001 -21"><span class='ocrx_word' id='word_1_1' title='bbox 420 556 462 616; x_wconf 88' lang='lat'><strong>60</strong></span> <span class='ocrx_word' id='word_1_2' title='bbox 845 559 920 616; x_wconf 80' lang='lat' dir='ltr'><strong>Dor.</strong></span> <span class='ocrx_word' id='word_1_3' title='bbox 943 554 997 636; x_wconf 71' lang='lat'><strong>48.</strong></span> <span class='ocrx_word' id='word_1_4' title='bbox 1020 592 1060 602; x_wconf 94' lang='lat'><em>-</em></span> <span class='ocrx_word' id='word_1_5' title='bbox 1085 558 1141 617; x_wconf 87' lang='lat' dir='ltr'><strong>An.</strong></span> <span class='ocrx_word' id='word_1_6' title='bbox 1162 569 1251 636; x_wconf 78' lang='lat'><em>1427.</em></span> 
     </span>
    </p>
   </div>
   <div class='ocr_carea' id='block_1_2' title="bbox 368 771 1755 5107">
    <p class='ocr_par' dir='ltr' id='par_1_2' title="bbox 368 771 1755 5107">
     <span class='ocr_line' id='line_1_2' title="bbox 418 771 1680 849; baseline 0.003 -21"><span class='ocrx_word' id='word_1_7' title='bbox 418 771 634 830; x_wconf 88' lang='lat' dir='ltr'><strong>commorandi</strong></span> <span class='ocrx_word' id='word_1_8' title='bbox 656 771 848 832; x_wconf 88' lang='lat' dir='ltr'><strong>advenientis</strong></span> <span class='ocrx_word' id='word_1_9' title='bbox 873 789 932 849; x_wconf 90' lang='lat' dir='ltr'><strong>pro</strong></span> <span class='ocrx_word' id='word_1_10' title='bbox 955 776 1046 834; x_wconf 91' lang='lat' dir='ltr'><strong>nobis</strong></span> <span class='ocrx_word' id='word_1_11' title='bbox 1068 789 1276 834; x_wconf 81' lang='lat' dir='ltr'><strong>reservamus.</strong></span> <span class='ocrx_word' id='word_1_12' title='bbox 1299 775 1337 833; x_wconf 92' lang='lat' dir='ltr'><strong>Et</strong></span> <span class='ocrx_word' id='word_1_13' title='bbox 1360 775 1516 846; x_wconf 90' lang='lat' dir='ltr'><strong>volumus,</strong></span> <span class='ocrx_word' id='word_1_14' title='bbox 1540 773 1625 848; x_wconf 90' lang='lat' dir='ltr'><strong>quod</strong></span> <span class='ocrx_word' id='word_1_15' title='bbox 1648 775 1680 833; x_wconf 93' lang='lat' dir='ltr'><strong>in</strong></span> 
     </span>
     <span class='ocr_line' id='line_1_3' title="bbox 419 877 1684 957; baseline 0.002 -22"><span class='ocrx_word' id='word_1_16' title='bbox 419 877 543 951; x_wconf 89' lang='lat' dir='ltr'><strong>signum</strong></span> <span class='ocrx_word' id='word_1_17' title='bbox 566 877 697 937; x_wconf 91' lang='lat' dir='ltr'><strong>dominii</strong></span> <span class='ocrx_word' id='word_1_18' title='bbox 721 881 819 938; x_wconf 88' lang='lat' dir='ltr'><strong>nostri</strong></span> <span class='ocrx_word' id='word_1_19' title='bbox 841 879 937 957; x_wconf 88' lang='lat' dir='ltr'><strong>judex</strong></span> <span class='ocrx_word' id='word_1_20' title='bbox 967 887 1070 940; x_wconf 90' lang='lat' dir='ltr'><strong>nostre</strong></span> <span class='ocrx_word' id='word_1_21' title='bbox 1101 883 1332 941; x_wconf 84' lang='lat' dir='ltr'><strong>communitatis</strong></span> <span class='ocrx_word' id='word_1_22' title='bbox 1361 881 1531 940; x_wconf 86' lang='lat' dir='ltr'><strong>secundum</strong></span> <span class='ocrx_word' id='word_1_23' title='bbox 1561 885 1684 954; x_wconf 88' lang='lat' dir='ltr'><strong>statuta,</strong></span> 
     </span>
     <span class='ocr_line' id='line_1_4' title="bbox 419 983 1684 1060; baseline 0.003 -20"><span class='ocrx_word' id='word_1_24' title='bbox 419 997 527 1042; x_wconf 86' lang='lat' dir='ltr'><strong>causas</strong></span> <span class='ocrx_word' id='word_1_25' title='bbox 542 983 727 1058; x_wconf 86' lang='lat' dir='ltr'><strong>criminales,</strong></span> <span class='ocrx_word' id='word_1_26' title='bbox 743 985 892 1045; x_wconf 81' lang='lat' dir='ltr'><strong>duntaxat</strong></span> <span class='ocrx_word' id='word_1_27' title='bbox 915 988 1118 1046; x_wconf 84' lang='lat' dir='ltr'><strong>criminaliter</strong></span> <span class='ocrx_word' id='word_1_28' title='bbox 1140 992 1250 1060; x_wconf 86' lang='lat' dir='ltr'><strong>motas,</strong></span> <span class='ocrx_word' id='word_1_29' title='bbox 1273 1003 1344 1046; x_wconf 91' lang='lat' dir='ltr'><strong>curn</strong></span> <span class='ocrx_word' id='word_1_30' title='bbox 1361 985 1491 1045; x_wconf 86' lang='lat' dir='ltr'><strong>officiali</strong></span> <span class='ocrx_word' id='word_1_31' title='bbox 1506 1001 1560 1043; x_wconf 92' lang='lat' dir='ltr'><strong>seu</strong></span> <span class='ocrx_word' id='word_1_32' title='bbox 1576 985 1684 1044; x_wconf 94' lang='lat' dir='ltr'><strong>villico</strong></span> 
     </span>
     <span class='ocr_line' id='line_1_5' title="bbox 420 1089 1682 1169; baseline 0 -22"><span class='ocrx_word' id='word_1_33' title='bbox 420 1089 549 1164; x_wconf 85' lang='lat' dir='ltr'><strong>plebani</strong></span> <span class='ocrx_word' id='word_1_34' title='bbox 571 1091 669 1164; x_wconf 89' lang='lat' dir='ltr'><strong>ipsius</strong></span> <span class='ocrx_word' id='word_1_35' title='bbox 693 1092 821 1150; x_wconf 85' lang='lat' dir='ltr'><strong>ecclesie</strong></span> <span class='ocrx_word' id='word_1_36' title='bbox 844 1094 941 1152; x_wconf 89' lang='lat' dir='ltr'><strong>sancti</strong></span> <span class='ocrx_word' id='word_1_37' title='bbox 968 1095 1091 1169; x_wconf 78' lang='lat' dir='ltr'><strong>loannis</strong></span> <span class='ocrx_word' id='word_1_38' title='bbox 1114 1093 1250 1168; x_wconf 90' lang='lat' dir='ltr'><strong>Baptiste</strong></span> <span class='ocrx_word' id='word_1_39' title='bbox 1280 1094 1396 1152; x_wconf 89' lang='lat' dir='ltr'><strong>habent</strong></span> <span class='ocrx_word' id='word_1_40' title='bbox 1424 1091 1682 1151; x_wconf 65' lang='lat' dir='ltr'><strong>determinandas.</strong></span> 
     </span>
     <span class='ocr_line' id='line_1_6' title="bbox 420 1194 1684 1273; baseline 0.002 -20"><span class='ocrx_word' id='word_1_41' title='bbox 420 1194 568 1268; x_wconf 89' lang='lat' dir='ltr'><strong>Stybram</strong></span> <span class='ocrx_word' id='word_1_42' title='bbox 604 1212 728 1270; x_wconf 88' lang='lat' dir='ltr'><strong>quoque</strong></span> <span class='ocrx_word' id='word_1_43' title='bbox 763 1197 802 1256; x_wconf 95' lang='lat' dir='ltr'><strong>de</strong></span> <span class='ocrx_word' id='word_1_44' title='bbox 833 1199 909 1272; x_wconf 90' lang='lat' dir='ltr'><strong>ipsis</strong></span> <span class='ocrx_word' id='word_1_45' title='bbox 940 1199 1066 1273; x_wconf 90' lang='lat' dir='ltr'><strong>prediis,</strong></span> <span class='ocrx_word' id='word_1_46' title='bbox 1090 1200 1168 1257; x_wconf 90' lang='lat' dir='ltr'><strong>alias</strong></span> <span class='ocrx_word' id='word_1_47' title='bbox 1190 1200 1281 1258; x_wconf 93' lang='lat' dir='ltr'><strong>nobis</strong></span> <span class='ocrx_word' id='word_1_48' title='bbox 1304 1199 1547 1273; x_wconf 82' lang='lat' dir='ltr'><strong>provenientem,</strong></span> <span class='ocrx_word' id='word_1_49' title='bbox 1582 1196 1684 1256; x_wconf 90' lang='lat' dir='ltr'><strong>eidem</strong></span> 
     </span>
     <span class='ocr_line' id='line_1_7' title="bbox 421 1301 1685 1378; baseline 0.002 -19"><span class='ocrx_word' id='word_1_50' title='bbox 421 1301 549 1360; x_wconf 86' lang='lat' dir='ltr'><strong>ecclesie</strong></span> <span class='ocrx_word' id='word_1_51' title='bbox 572 1302 778 1376; x_wconf 89' lang='lat' dir='ltr'><strong>relinquimus</strong></span> <span class='ocrx_word' id='word_1_52' title='bbox 801 1308 831 1362; x_wconf 90' lang='lat' dir='ltr'><strong>et</strong></span> <span class='ocrx_word' id='word_1_53' title='bbox 854 1305 1048 1378; x_wconf 85' lang='lat' dir='ltr'><strong>dimittimus,</strong></span> <span class='ocrx_word' id='word_1_54' title='bbox 1073 1305 1225 1377; x_wconf 90' lang='lat' dir='ltr'><strong>dedimus,</strong></span> <span class='ocrx_word' id='word_1_55' title='bbox 1242 1304 1427 1363; x_wconf 90' lang='lat' dir='ltr'><strong>donavimus</strong></span> <span class='ocrx_word' id='word_1_56' title='bbox 1442 1309 1472 1362; x_wconf 95' lang='lat' dir='ltr'><strong>et</strong></span> <span class='ocrx_word' id='word_1_57' title='bbox 1487 1303 1685 1375; x_wconf 88' lang='lat' dir='ltr'><strong>contulimus,</strong></span> 
     </span>
     <span class='ocr_line' id='line_1_8' title="bbox 420 1407 1685 1486; baseline 0.002 -21"><span class='ocrx_word' id='word_1_58' title='bbox 420 1408 519 1466; x_wconf 92' lang='lat' dir='ltr'><strong>immo</strong></span> <span class='ocrx_word' id='word_1_59' title='bbox 543 1407 662 1482; x_wconf 89' lang='lat' dir='ltr'><strong>damus,</strong></span> <span class='ocrx_word' id='word_1_60' title='bbox 687 1409 839 1469; x_wconf 88' lang='lat' dir='ltr'><strong>donamus</strong></span> <span class='ocrx_word' id='word_1_61' title='bbox 863 1417 893 1469; x_wconf 91' lang='lat' dir='ltr'><strong>et</strong></span> <span class='ocrx_word' id='word_1_62' title='bbox 912 1411 1109 1470; x_wconf 86' lang='lat' dir='ltr'><strong>concedimus</strong></span> <span class='ocrx_word' id='word_1_63' title='bbox 1132 1411 1226 1486; x_wconf 91' lang='lat' dir='ltr'><strong>pleno</strong></span> <span class='ocrx_word' id='word_1_64' title='bbox 1249 1409 1316 1486; x_wconf 87' lang='lat' dir='ltr'><strong>jure</strong></span> <span class='ocrx_word' id='word_1_65' title='bbox 1340 1410 1473 1484; x_wconf 90' lang='lat' dir='ltr'><strong>tenendi,</strong></span> <span class='ocrx_word' id='word_1_66' title='bbox 1506 1408 1685 1484; x_wconf 91' lang='lat' dir='ltr'><strong>possidendi</strong></span> 
     </span>
     <span class='ocr_line' id='line_1_9' title="bbox 423 1511 1686 1601; baseline 0.001 -29"><span class='ocrx_word' id='word_1_67' title='bbox 423 1515 541 1589; x_wconf 88' lang='lat' dir='ltr'><strong>pariter</strong></span> <span class='ocrx_word' id='word_1_68' title='bbox 564 1520 595 1572; x_wconf 88' lang='lat' dir='ltr'><strong>et</strong></span> <span class='ocrx_word' id='word_1_69' title='bbox 617 1511 762 1587; x_wconf 86' lang='lat' dir='ltr'><strong>habendi,</strong></span> <span class='ocrx_word' id='word_1_70' title='bbox 786 1519 1001 1591; x_wconf 87' lang='lat' dir='ltr'><strong>promittentes</strong></span> <span class='ocrx_word' id='word_1_71' title='bbox 1033 1517 1207 1592; x_wconf 87' lang='lat' dir='ltr'><strong>predictam</strong></span> <span class='ocrx_word' id='word_1_72' title='bbox 1241 1517 1404 1575; x_wconf 89' lang='lat' dir='ltr'><strong>ecclesiam</strong></span> <span class='ocrx_word' id='word_1_73' title='bbox 1436 1517 1534 1574; x_wconf 89' lang='lat' dir='ltr'><strong>saneti</strong></span> <span class='ocrx_word' id='word_1_74' title='bbox 1562 1516 1686 1601; x_wconf 84' lang='lat' dir='ltr'><strong>Joannis</strong></span> 
     </span>
     <span class='ocr_line' id='line_1_10' title="bbox 421 1619 1695 1697; baseline 0.001 -19"><span class='ocrx_word' id='word_1_75' title='bbox 421 1619 560 1694; x_wconf 89' lang='lat' dir='ltr'><strong>Baptiste</strong></span> <span class='ocrx_word' id='word_1_76' title='bbox 584 1625 614 1679; x_wconf 93' lang='lat' dir='ltr'><strong>et</strong></span> <span class='ocrx_word' id='word_1_77' title='bbox 637 1635 710 1678; x_wconf 91' lang='lat' dir='ltr'><strong>suos</strong></span> <span class='ocrx_word' id='word_1_78' title='bbox 733 1629 868 1681; x_wconf 90' lang='lat' dir='ltr'><strong>rectores</strong></span> <span class='ocrx_word' id='word_1_79' title='bbox 892 1623 922 1681; x_wconf 88' lang='lat' dir='ltr'><strong>in</strong></span> <span class='ocrx_word' id='word_1_80' title='bbox 947 1623 1077 1697; x_wconf 88' lang='lat' dir='ltr'><strong>pacifico</strong></span> <span class='ocrx_word' id='word_1_81' title='bbox 1100 1631 1129 1681; x_wconf 91' lang='lat' dir='ltr'><strong>et</strong></span> <span class='ocrx_word' id='word_1_82' title='bbox 1154 1624 1259 1696; x_wconf 91' lang='lat' dir='ltr'><strong>quieto</strong></span> <span class='ocrx_word' id='word_1_83' title='bbox 1283 1621 1422 1680; x_wconf 92' lang='lat' dir='ltr'><strong>dominio</strong></span> <span class='ocrx_word' id='word_1_84' title='bbox 1451 1623 1593 1695; x_wconf 88' lang='lat' dir='ltr'><strong>ipsomm</strong></span> <span class='ocrx_word' id='word_1_85' title='bbox 1617 1637 1695 1696; x_wconf 84' lang='lat' dir='ltr'><strong>pre-</strong></span> 
     </span>
     <span class='ocr_line' id='line_1_11' title="bbox 422 1725 1687 1804; baseline 0.001 -20"><span class='ocrx_word' id='word_1_86' title='bbox 422 1725 581 1786; x_wconf 91' lang='lat' dir='ltr'><strong>diolorum</strong></span> <span class='ocrx_word' id='word_1_87' title='bbox 604 1741 797 1800; x_wconf 87' lang='lat' dir='ltr'><strong>conservare,</strong></span> <span class='ocrx_word' id='word_1_88' title='bbox 822 1734 985 1804; x_wconf 82' lang='lat' dir='ltr'><strong>protegere</strong></span> <span class='ocrx_word' id='word_1_89' title='bbox 1008 1736 1038 1788; x_wconf 91' lang='lat' dir='ltr'><strong>et</strong></span> <span class='ocrx_word' id='word_1_90' title='bbox 1069 1729 1230 1788; x_wconf 85' lang='lat' dir='ltr'><strong>defensare</strong></span> <span class='ocrx_word' id='word_1_91' title='bbox 1261 1733 1367 1787; x_wconf 88' lang='lat' dir='ltr'><strong>contra</strong></span> <span class='ocrx_word' id='word_1_92' title='bbox 1398 1727 1556 1801; x_wconf 88' lang='lat' dir='ltr'><strong>quoslibet</strong></span> <span class='ocrx_word' id='word_1_93' title='bbox 1586 1727 1687 1800; x_wconf 88' lang='lat' dir='ltr'><strong>illegi-</strong></span> 
     </span>
     <span class='ocr_line' id='line_1_12' title="bbox 422 1833 1687 1910; baseline 0.001 -19"><span class='ocrx_word' id='word_1_94' title='bbox 422 1833 516 1892; x_wconf 92' lang='lat' dir='ltr'><strong>timos</strong></span> <span class='ocrx_word' id='word_1_95' title='bbox 538 1834 733 1908; x_wconf 88' lang='lat' dir='ltr'><strong>impetitores</strong></span> <span class='ocrx_word' id='word_1_96' title='bbox 757 1841 787 1894; x_wconf 93' lang='lat' dir='ltr'><strong>et</strong></span> <span class='ocrx_word' id='word_1_97' title='bbox 810 1837 967 1910; x_wconf 84' lang='lat' dir='ltr'><strong>signanter</strong></span> <span class='ocrx_word' id='word_1_98' title='bbox 990 1843 1096 1894; x_wconf 91' lang='lat' dir='ltr'><strong>contra</strong></span> <span class='ocrx_word' id='word_1_99' title='bbox 1120 1835 1258 1910; x_wconf 84' lang='lat' dir='ltr'><strong>prefatos</strong></span> <span class='ocrx_word' id='word_1_100' title='bbox 1281 1839 1410 1909; x_wconf 91' lang='lat' dir='ltr'><strong>nepotes</strong></span> <span class='ocrx_word' id='word_1_101' title='bbox 1434 1833 1549 1908; x_wconf 81' lang='lat' dir='ltr'><strong>prefati</strong></span> <span class='ocrx_word' id='word_1_102' title='bbox 1578 1833 1687 1892; x_wconf 91' lang='lat' dir='ltr'><strong>Domi·</strong></span> 
     </span>
     <span class='ocr_line' id='line_1_13' title="bbox 423 1939 1684 2016; baseline 0.002 -20"><span class='ocrx_word' id='word_1_103' title='bbox 423 1939 484 1996; x_wconf 92' lang='lat' dir='ltr'><strong>nici</strong></span> <span class='ocrx_word' id='word_1_104' title='bbox 507 1941 658 2013; x_wconf 89' lang='lat' dir='ltr'><strong>prepositi</strong></span> <span class='ocrx_word' id='word_1_105' title='bbox 680 1943 899 2016; x_wconf 76' lang='lat' dir='ltr'><strong>etmagistros</strong></span> <span class='ocrx_word' id='word_1_106' title='bbox 922 1943 1103 2002; x_wconf 87' lang='lat' dir='ltr'><strong>Ladislaum</strong></span> <span class='ocrx_word' id='word_1_107' title='bbox 1127 1949 1157 2001; x_wconf 95' lang='lat' dir='ltr'><strong>et</strong></span> <span class='ocrx_word' id='word_1_108' title='bbox 1181 1943 1327 2013; x_wconf 87' lang='lat' dir='ltr'><strong>Blasium,</strong></span> <span class='ocrx_word' id='word_1_109' title='bbox 1343 1958 1400 2000; x_wconf 89' lang='lat' dir='ltr'><strong>nec</strong></span> <span class='ocrx_word' id='word_1_110' title='bbox 1415 1957 1477 2000; x_wconf 92' lang='lat' dir='ltr'><strong>non</strong></span> <span class='ocrx_word' id='word_1_111' title='bbox 1492 1940 1684 2015; x_wconf 89' lang='lat' dir='ltr'><strong>Stephanum</strong></span> 
     </span>
     <span class='ocr_line' id='line_1_14' title="bbox 422 2044 1686 2125; baseline 0.002 -23"><span class='ocrx_word' id='word_1_112' title='bbox 422 2045 461 2103; x_wconf 90' lang='lat' dir='ltr'><strong>de</strong></span> <span class='ocrx_word' id='word_1_113' title='bbox 483 2045 679 2105; x_wconf 87' lang='lat' dir='ltr'><strong>Milrcheuecz</strong></span> <span class='ocrx_word' id='word_1_114' title='bbox 694 2049 808 2108; x_wconf 88' lang='lat' dir='ltr'><strong>nostris</strong></span> <span class='ocrx_word' id='word_1_115' title='bbox 824 2050 960 2125; x_wconf 92' lang='lat' dir='ltr'><strong>propriis</strong></span> <span class='ocrx_word' id='word_1_116' title='bbox 990 2050 1153 2109; x_wconf 90' lang='lat' dir='ltr'><strong>laboribus</strong></span> <span class='ocrx_word' id='word_1_117' title='bbox 1176 2056 1206 2108; x_wconf 95' lang='lat' dir='ltr'><strong>et</strong></span> <span class='ocrx_word' id='word_1_118' title='bbox 1228 2049 1380 2124; x_wconf 85' lang='lat' dir='ltr'><strong>expensis,</strong></span> <span class='ocrx_word' id='word_1_119' title='bbox 1411 2049 1577 2121; x_wconf 88' lang='lat' dir='ltr'><strong>omniaque</strong></span> <span class='ocrx_word' id='word_1_120' title='bbox 1607 2044 1686 2123; x_wconf 85' lang='lat' dir='ltr'><strong>jura,</strong></span> 
     </span>
     <span class='ocr_line' id='line_1_15' title="bbox 423 2151 1687 2231; baseline 0.002 -22"><span class='ocrx_word' id='word_1_121' title='bbox 423 2151 552 2224; x_wconf 88' lang='lat' dir='ltr'><strong>litteras,</strong></span> <span class='ocrx_word' id='word_1_122' title='bbox 576 2154 742 2228; x_wconf 89' lang='lat' dir='ltr'><strong>privilegia</strong></span> <span class='ocrx_word' id='word_1_123' title='bbox 766 2171 860 2230; x_wconf 90' lang='lat' dir='ltr'><strong>super</strong></span> <span class='ocrx_word' id='word_1_124' title='bbox 883 2157 959 2230; x_wconf 91' lang='lat' dir='ltr'><strong>ipsis</strong></span> <span class='ocrx_word' id='word_1_125' title='bbox 983 2157 1140 2230; x_wconf 72' lang='lat' dir='ltr'><strong>mediolis,</strong></span> <span class='ocrx_word' id='word_1_126' title='bbox 1164 2172 1223 2231; x_wconf 90' lang='lat' dir='ltr'><strong>pro</strong></span> <span class='ocrx_word' id='word_1_127' title='bbox 1246 2157 1322 2231; x_wconf 91' lang='lat' dir='ltr'><strong>ipsis</strong></span> <span class='ocrx_word' id='word_1_128' title='bbox 1346 2155 1511 2214; x_wconf 92' lang='lat' dir='ltr'><strong>Dominico</strong></span> <span class='ocrx_word' id='word_1_129' title='bbox 1527 2155 1687 2230; x_wconf 90' lang='lat' dir='ltr'><strong>preposito</strong></span> 
     </span>
     <span class='ocr_line' id='line_1_16' title="bbox 423 2259 1686 2337; baseline 0.001 -21"><span class='ocrx_word' id='word_1_130' title='bbox 423 2265 454 2316; x_wconf 90' lang='lat' dir='ltr'><strong>et</strong></span> <span class='ocrx_word' id='word_1_131' title='bbox 475 2259 538 2316; x_wconf 92' lang='lat' dir='ltr'><strong>suis</strong></span> <span class='ocrx_word' id='word_1_132' title='bbox 561 2261 727 2334; x_wconf 90' lang='lat' dir='ltr'><strong>nepotibus</strong></span> <span class='ocrx_word' id='word_1_133' title='bbox 750 2268 907 2320; x_wconf 86' lang='lat' dir='ltr'><strong>emanatas</strong></span> <span class='ocrx_word' id='word_1_134' title='bbox 931 2269 961 2321; x_wconf 91' lang='lat' dir='ltr'><strong>et</strong></span> <span class='ocrx_word' id='word_1_135' title='bbox 984 2269 1134 2335; x_wconf 88' lang='lat' dir='ltr'><strong>emanata,</strong></span> <span class='ocrx_word' id='word_1_136' title='bbox 1159 2277 1293 2337; x_wconf 88' lang='lat' dir='ltr'><strong>quorum</strong></span> <span class='ocrx_word' id='word_1_137' title='bbox 1325 2277 1422 2320; x_wconf 92' lang='lat' dir='ltr'><strong>unum</strong></span> <span class='ocrx_word' id='word_1_138' title='bbox 1455 2262 1487 2318; x_wconf 91' lang='lat' dir='ltr'><strong>in</strong></span> <span class='ocrx_word' id='word_1_139' title='bbox 1521 2259 1686 2334; x_wconf 89' lang='lat' dir='ltr'><strong>superficie</strong></span> 
     </span>
     <span class='ocr_line' id='line_1_17' title="bbox 423 2365 1687 2442; baseline 0.001 -21"><span class='ocrx_word' id='word_1_140' title='bbox 423 2380 477 2422; x_wconf 93' lang='lat' dir='ltr'><strong>seu</strong></span> <span class='ocrx_word' id='word_1_141' title='bbox 511 2366 651 2438; x_wconf 85' lang='lat' dir='ltr'><strong>margine</strong></span> <span class='ocrx_word' id='word_1_142' title='bbox 685 2369 838 2442; x_wconf 89' lang='lat' dir='ltr'><strong>superiori</strong></span> <span class='ocrx_word' id='word_1_143' title='bbox 874 2369 1049 2442; x_wconf 90' lang='lat' dir='ltr'><strong>insignum</strong></span> <span class='ocrx_word' id='word_1_144' title='bbox 1085 2375 1114 2426; x_wconf 91' lang='lat' dir='ltr'><strong>et</strong></span> <span class='ocrx_word' id='word_1_145' title='bbox 1148 2369 1359 2428; x_wconf 90' lang='lat' dir='ltr'><strong>testimonium</strong></span> <span class='ocrx_word' id='word_1_146' title='bbox 1390 2365 1626 2426; x_wconf 89' lang='lat' dir='ltr'><strong>annihilacionis</strong></span> <span class='ocrx_word' id='word_1_147' title='bbox 1657 2369 1687 2423; x_wconf 91' lang='lat' dir='ltr'><strong>et</strong></span> 
     </span>
     <span class='ocr_line' id='line_1_18' title="bbox 422 2471 1687 2544; baseline 0.001 -17"><span class='ocrx_word' id='word_1_148' title='bbox 422 2471 574 2529; x_wconf 89' lang='lat' dir='ltr'><strong>nullitatis</strong></span> <span class='ocrx_word' id='word_1_149' title='bbox 597 2471 736 2531; x_wconf 91' lang='lat' dir='ltr'><strong>eiusdem</strong></span> <span class='ocrx_word' id='word_1_150' title='bbox 758 2474 889 2532; x_wconf 91' lang='lat' dir='ltr'><strong>cultello</strong></span> <span class='ocrx_word' id='word_1_151' title='bbox 910 2475 988 2533; x_wconf 91' lang='lat' dir='ltr'><strong>scidi</strong></span> <span class='ocrx_word' id='word_1_152' title='bbox 1018 2483 1047 2533; x_wconf 91' lang='lat' dir='ltr'><strong>et</strong></span> <span class='ocrx_word' id='word_1_153' title='bbox 1077 2475 1208 2533; x_wconf 86' lang='lat' dir='ltr'><strong>lacerari</strong></span> <span class='ocrx_word' id='word_1_154' title='bbox 1238 2474 1367 2533; x_wconf 83' lang='lat' dir='ltr'><strong>fecimus</strong></span> <span class='ocrx_word' id='word_1_155' title='bbox 1405 2479 1435 2532; x_wconf 94' lang='lat' dir='ltr'><strong>et</strong></span> <span class='ocrx_word' id='word_1_156' title='bbox 1464 2473 1687 2544; x_wconf 90' lang='lat' dir='ltr'><strong>commisimus,</strong></span> 
     </span>
     <span class='ocr_line' id='line_1_19' title="bbox 424 2578 1688 2658; baseline 0.001 -23"><span class='ocrx_word' id='word_1_157' title='bbox 424 2592 639 2637; x_wconf 79' lang='lat' dir='ltr'><strong>concessamus</strong></span> <span class='ocrx_word' id='word_1_158' title='bbox 662 2585 692 2637; x_wconf 92' lang='lat' dir='ltr'><strong>et</strong></span> <span class='ocrx_word' id='word_1_159' title='bbox 714 2581 924 2640; x_wconf 88' lang='lat' dir='ltr'><strong>annihilamus</strong></span> <span class='ocrx_word' id='word_1_160' title='bbox 947 2583 978 2640; x_wconf 91' lang='lat' dir='ltr'><strong>in</strong></span> <span class='ocrx_word' id='word_1_161' title='bbox 1001 2580 1177 2658; x_wconf 89' lang='lat' dir='ltr'><strong>judicioque</strong></span> <span class='ocrx_word' id='word_1_162' title='bbox 1201 2587 1231 2640; x_wconf 91' lang='lat' dir='ltr'><strong>et</strong></span> <span class='ocrx_word' id='word_1_163' title='bbox 1259 2586 1346 2639; x_wconf 90' lang='lat' dir='ltr'><strong>extra</strong></span> <span class='ocrx_word' id='word_1_164' title='bbox 1375 2579 1602 2638; x_wconf 89' lang='lat' dir='ltr'><strong>exhibitoribus</strong></span> <span class='ocrx_word' id='word_1_165' title='bbox 1624 2578 1688 2636; x_wconf 89' lang='lat' dir='ltr'><strong>suis</strong></span> 
     </span>
     <span class='ocr_line' id='line_1_20' title="bbox 424 2684 1688 2762; baseline 0.002 -21"><span class='ocrx_word' id='word_1_166' title='bbox 424 2684 579 2743; x_wconf 88' lang='lat' dir='ltr'><strong>nocituras</strong></span> <span class='ocrx_word' id='word_1_167' title='bbox 599 2689 630 2744; x_wconf 93' lang='lat' dir='ltr'><strong>et</strong></span> <span class='ocrx_word' id='word_1_168' title='bbox 652 2687 791 2746; x_wconf 90' lang='lat' dir='ltr'><strong>nocitura</strong></span> <span class='ocrx_word' id='word_1_169' title='bbox 814 2687 881 2746; x_wconf 86' lang='lat' dir='ltr'><strong>fore</strong></span> <span class='ocrx_word' id='word_1_170' title='bbox 905 2687 1099 2746; x_wconf 89' lang='lat' dir='ltr'><strong>declaramus</strong></span> <span class='ocrx_word' id='word_1_171' title='bbox 1121 2689 1298 2746; x_wconf 87' lang='lat' dir='ltr'><strong>testimonio</strong></span> <span class='ocrx_word' id='word_1_172' title='bbox 1314 2687 1509 2762; x_wconf 90' lang='lat' dir='ltr'><strong>presencium</strong></span> <span class='ocrx_word' id='word_1_173' title='bbox 1525 2685 1688 2744; x_wconf 89' lang='lat' dir='ltr'><strong>mediante.</strong></span> 
     </span>
     <span class='ocr_line' id='line_1_21' title="bbox 423 2790 1688 2870; baseline 0.001 -22"><span class='ocrx_word' id='word_1_174' title='bbox 423 2790 492 2848; x_wconf 89' lang='lat' dir='ltr'><strong>Hoc</strong></span> <span class='ocrx_word' id='word_1_175' title='bbox 514 2807 574 2850; x_wconf 92' lang='lat' dir='ltr'><strong>non</strong></span> <span class='ocrx_word' id='word_1_176' title='bbox 597 2794 806 2868; x_wconf 88' lang='lat' dir='ltr'><strong>pretermisso,</strong></span> <span class='ocrx_word' id='word_1_177' title='bbox 830 2794 884 2853; x_wconf 92' lang='lat' dir='ltr'><strong>sed</strong></span> <span class='ocrx_word' id='word_1_178' title='bbox 908 2809 1063 2870; x_wconf 88' lang='lat' dir='ltr'><strong>expresso,</strong></span> <span class='ocrx_word' id='word_1_179' title='bbox 1087 2794 1171 2869; x_wconf 92' lang='lat' dir='ltr'><strong>quod</strong></span> <span class='ocrx_word' id='word_1_180' title='bbox 1203 2795 1230 2852; x_wconf 91' lang='lat' dir='ltr'><strong>si</strong></span> <span class='ocrx_word' id='word_1_181' title='bbox 1262 2800 1441 2868; x_wconf 89' lang='lat' dir='ltr'><strong>temporum</strong></span> <span class='ocrx_word' id='word_1_182' title='bbox 1474 2793 1506 2851; x_wconf 93' lang='lat' dir='ltr'><strong>in</strong></span> <span class='ocrx_word' id='word_1_183' title='bbox 1540 2806 1688 2867; x_wconf 88' lang='lat' dir='ltr'><strong>processu</strong></span> 
     </span>
     <span class='ocr_line' id='line_1_22' title="bbox 426 2897 1687 2986; baseline 0.002 -32"><span class='ocrx_word' id='word_1_184' title='bbox 426 2897 528 2971; x_wconf 86' lang='lat' dir='ltr'><strong>ipsam</strong></span> <span class='ocrx_word' id='word_1_185' title='bbox 552 2900 716 2958; x_wconf 90' lang='lat' dir='ltr'><strong>ecclesiam</strong></span> <span class='ocrx_word' id='word_1_186' title='bbox 739 2903 838 2960; x_wconf 89' lang='lat' dir='ltr'><strong>sancti</strong></span> <span class='ocrx_word' id='word_1_187' title='bbox 859 2902 987 2986; x_wconf 88' lang='lat' dir='ltr'><strong>Joannis</strong></span> <span class='ocrx_word' id='word_1_188' title='bbox 1011 2901 1146 2977; x_wconf 89' lang='lat' dir='ltr'><strong>Baptiste</strong></span> <span class='ocrx_word' id='word_1_189' title='bbox 1171 2903 1203 2959; x_wconf 90' lang='lat' dir='ltr'><strong>in</strong></span> <span class='ocrx_word' id='word_1_190' title='bbox 1232 2900 1361 2975; x_wconf 88' lang='lat' dir='ltr'><strong>pacifico</strong></span> <span class='ocrx_word' id='word_1_191' title='bbox 1394 2899 1533 2958; x_wconf 92' lang='lat' dir='ltr'><strong>dominio</strong></span> <span class='ocrx_word' id='word_1_192' title='bbox 1568 2897 1687 2972; x_wconf 90' lang='lat' dir='ltr'><strong>predic·</strong></span> 
     </span>
     <span class='ocr_line' id='line_1_23' title="bbox 368 3005 1688 3086; baseline 0.002 -27"><span class='ocrx_word' id='word_1_193' title='bbox 368 3069 375 3081; x_wconf 44' lang='lat'><strong>,</strong></span> <span class='ocrx_word' id='word_1_194' title='bbox 424 3006 530 3060; x_wconf 90' lang='lat' dir='ltr'><strong>torum</strong></span> <span class='ocrx_word' id='word_1_195' title='bbox 552 3005 768 3079; x_wconf 91' lang='lat' dir='ltr'><strong>prediolorum</strong></span> <span class='ocrx_word' id='word_1_196' title='bbox 791 3022 975 3067; x_wconf 89' lang='lat' dir='ltr'><strong>conservare</strong></span> <span class='ocrx_word' id='word_1_197' title='bbox 998 3008 1266 3066; x_wconf 90' lang='lat' dir='ltr'><strong>dissimularemus</strong></span> <span class='ocrx_word' id='word_1_198' title='bbox 1289 3011 1343 3064; x_wconf 93' lang='lat' dir='ltr'><strong>aut</strong></span> <span class='ocrx_word' id='word_1_199' title='bbox 1372 3005 1603 3086; x_wconf 85' lang='lat' dir='ltr'><strong>negligeremus</strong></span> <span class='ocrx_word' id='word_1_200' title='bbox 1634 3019 1688 3062; x_wconf 91' lang='lat' dir='ltr'><strong>seu</strong></span> 
     </span>
     <span class='ocr_line' id='line_1_24' title="bbox 425 3109 1746 3195; baseline 0.001 -29"><span class='ocrx_word' id='word_1_201' title='bbox 425 3123 486 3166; x_wconf 93' lang='lat' dir='ltr'><strong>non</strong></span> <span class='ocrx_word' id='word_1_202' title='bbox 510 3125 697 3185; x_wconf 89' lang='lat' dir='ltr'><strong>curaremus,</strong></span> <span class='ocrx_word' id='word_1_203' title='bbox 720 3114 773 3171; x_wconf 91' lang='lat' dir='ltr'><strong>vel</strong></span> <span class='ocrx_word' id='word_1_204' title='bbox 795 3119 898 3172; x_wconf 86' lang='lat' dir='ltr'><strong>rector</strong></span> <span class='ocrx_word' id='word_1_205' title='bbox 926 3113 1065 3173; x_wconf 92' lang='lat' dir='ltr'><strong>eiusdem</strong></span> <span class='ocrx_word' id='word_1_206' title='bbox 1101 3114 1229 3172; x_wconf 87' lang='lat' dir='ltr'><strong>ecclesie</strong></span> <span class='ocrx_word' id='word_1_207' title='bbox 1263 3113 1360 3170; x_wconf 90' lang='lat' dir='ltr'><strong>sancti</strong></span> <span class='ocrx_word' id='word_1_208' title='bbox 1389 3111 1516 3195; x_wconf 87' lang='lat' dir='ltr'><strong>Joannis</strong></span> <span class='ocrx_word' id='word_1_209' title='bbox 1551 3109 1688 3184; x_wconf 90' lang='lat' dir='ltr'><strong>Baptiste</strong></span> <span class='ocrx_word' id='word_1_210' title='bbox 1745 3171 1746 3176; x_wconf 55' lang='grc'>,</span> 
     </span>
     <span class='ocr_line' id='line_1_25' title="bbox 425 3215 1689 3294; baseline 0 -22"><span class='ocrx_word' id='word_1_211' title='bbox 425 3230 485 3290; x_wconf 90' lang='lat' dir='ltr'><strong>pro</strong></span> <span class='ocrx_word' id='word_1_212' title='bbox 507 3219 648 3292; x_wconf 90' lang='lat' dir='ltr'><strong>tempore</strong></span> <span class='ocrx_word' id='word_1_213' title='bbox 672 3221 856 3278; x_wconf 89' lang='lat' dir='ltr'><strong>constitutus</strong></span> <span class='ocrx_word' id='word_1_214' title='bbox 877 3227 907 3279; x_wconf 89' lang='lat' dir='ltr'><strong>et</strong></span> <span class='ocrx_word' id='word_1_215' title='bbox 930 3220 1162 3279; x_wconf 90' lang='lat' dir='ltr'><strong>constituendus</strong></span> <span class='ocrx_word' id='word_1_216' title='bbox 1186 3235 1243 3293; x_wconf 92' lang='lat' dir='ltr'><strong>pro</strong></span> <span class='ocrx_word' id='word_1_217' title='bbox 1267 3217 1414 3294; x_wconf 86' lang='lat' dir='ltr'><strong>predictis</strong></span> <span class='ocrx_word' id='word_1_218' title='bbox 1430 3215 1570 3274; x_wconf 91' lang='lat' dir='ltr'><strong>ducentis</strong></span> <span class='ocrx_word' id='word_1_219' title='bbox 1585 3221 1689 3274; x_wconf 90' lang='lat' dir='ltr'><strong>octua-</strong></span> 
     </span>
     <span class='ocr_line' id='line_1_26' title="bbox 425 3321 1689 3402; baseline -0.002 -22"><span class='ocrx_word' id='word_1_220' title='bbox 425 3323 510 3396; x_wconf 88' lang='lat' dir='ltr'><strong>ginta</strong></span> <span class='ocrx_word' id='word_1_221' title='bbox 531 3329 561 3382; x_wconf 94' lang='lat' dir='ltr'><strong>et</strong></span> <span class='ocrx_word' id='word_1_222' title='bbox 583 3326 685 3384; x_wconf 89' lang='lat' dir='ltr'><strong>tribus</strong></span> <span class='ocrx_word' id='word_1_223' title='bbox 708 3325 827 3385; x_wconf 92' lang='lat' dir='ltr'><strong>ducatis</strong></span> <span class='ocrx_word' id='word_1_224' title='bbox 856 3329 929 3402; x_wconf 92' lang='lat' dir='ltr'><strong>puri</strong></span> <span class='ocrx_word' id='word_1_225' title='bbox 963 3329 1039 3400; x_wconf 88' lang='lat' dir='ltr'><strong>auri,</strong></span> <span class='ocrx_word' id='word_1_226' title='bbox 1074 3341 1208 3401; x_wconf 91' lang='lat' dir='ltr'><strong>quorum</strong></span> <span class='ocrx_word' id='word_1_227' title='bbox 1240 3325 1380 3382; x_wconf 89' lang='lat' dir='ltr'><strong>valorem</strong></span> <span class='ocrx_word' id='word_1_228' title='bbox 1411 3337 1521 3381; x_wconf 92' lang='lat' dir='ltr'><strong>revera</strong></span> <span class='ocrx_word' id='word_1_229' title='bbox 1550 3321 1689 3396; x_wconf 86' lang='lat' dir='ltr'><strong>predicta</strong></span> 
     </span>
     <span class='ocr_line' id='line_1_27' title="bbox 426 3428 1690 3508; baseline -0.002 -21"><span class='ocrx_word' id='word_1_230' title='bbox 426 3428 569 3502; x_wconf 87' lang='lat' dir='ltr'><strong>prediola</strong></span> <span class='ocrx_word' id='word_1_231' title='bbox 590 3445 652 3491; x_wconf 91' lang='lat' dir='ltr'><strong>non</strong></span> <span class='ocrx_word' id='word_1_232' title='bbox 674 3433 837 3507; x_wconf 88' lang='lat' dir='ltr'><strong>attingunt,</strong></span> <span class='ocrx_word' id='word_1_233' title='bbox 861 3433 970 3492; x_wconf 90' lang='lat' dir='ltr'><strong>eadem</strong></span> <span class='ocrx_word' id='word_1_234' title='bbox 992 3433 1134 3508; x_wconf 89' lang='lat' dir='ltr'><strong>prediola</strong></span> <span class='ocrx_word' id='word_1_235' title='bbox 1157 3431 1254 3491; x_wconf 89' lang='lat' dir='ltr'><strong>modo</strong></span> <span class='ocrx_word' id='word_1_236' title='bbox 1285 3431 1439 3506; x_wconf 87' lang='lat' dir='ltr'><strong>premisso</strong></span> <span class='ocrx_word' id='word_1_237' title='bbox 1471 3435 1573 3487; x_wconf 89' lang='lat' dir='ltr'><strong>tenere</strong></span> <span class='ocrx_word' id='word_1_238' title='bbox 1604 3443 1690 3485; x_wconf 92' lang='lat' dir='ltr'><strong>recu·</strong></span> 
     </span>
     <span class='ocr_line' id='line_1_28' title="bbox 425 3535 1687 3613; baseline -0.002 -20"><span class='ocrx_word' id='word_1_239' title='bbox 425 3541 515 3608; x_wconf 79' lang='lat' dir='ltr'><strong>seret,</strong></span> <span class='ocrx_word' id='word_1_240' title='bbox 536 3537 590 3596; x_wconf 91' lang='lat' dir='ltr'><strong>sed</strong></span> <span class='ocrx_word' id='word_1_241' title='bbox 614 3539 699 3613; x_wconf 93' lang='lat' dir='ltr'><strong>ipsos</strong></span> <span class='ocrx_word' id='word_1_242' title='bbox 722 3539 870 3598; x_wconf 85' lang='lat' dir='ltr'><strong>ducentos</strong></span> <span class='ocrx_word' id='word_1_243' title='bbox 893 3541 1069 3613; x_wconf 89' lang='lat' dir='ltr'><strong>octuaginta</strong></span> <span class='ocrx_word' id='word_1_244' title='bbox 1093 3544 1123 3597; x_wconf 87' lang='lat' dir='ltr'><strong>et</strong></span> <span class='ocrx_word' id='word_1_245' title='bbox 1145 3545 1208 3598; x_wconf 92' lang='lat' dir='ltr'><strong>tres</strong></span> <span class='ocrx_word' id='word_1_246' title='bbox 1232 3539 1363 3595; x_wconf 85' lang='lat' dir='ltr'><strong>florenos</strong></span> <span class='ocrx_word' id='word_1_247' title='bbox 1386 3537 1455 3594; x_wconf 88' lang='lat' dir='ltr'><strong>auri</strong></span> <span class='ocrx_word' id='word_1_248' title='bbox 1484 3535 1633 3592; x_wconf 88' lang='lat' dir='ltr'><strong>rehabere</strong></span> <span class='ocrx_word' id='word_1_249' title='bbox 1656 3537 1687 3591; x_wconf 93' lang='lat' dir='ltr'><strong>et</strong></span> 
     </span>
     <span class='ocr_line' id='line_1_29' title="bbox 425 3639 1686 3721; baseline -0.002 -21"><span class='ocrx_word' id='word_1_250' title='bbox 425 3641 556 3718; x_wconf 90' lang='lat' dir='ltr'><strong>imponi,</strong></span> <span class='ocrx_word' id='word_1_251' title='bbox 578 3645 633 3704; x_wconf 92' lang='lat' dir='ltr'><strong>ubi</strong></span> <span class='ocrx_word' id='word_1_252' title='bbox 657 3651 686 3703; x_wconf 91' lang='lat' dir='ltr'><strong>et</strong></span> <span class='ocrx_word' id='word_1_253' title='bbox 710 3651 803 3720; x_wconf 92' lang='lat' dir='ltr'><strong>prout</strong></span> <span class='ocrx_word' id='word_1_254' title='bbox 826 3647 921 3721; x_wconf 89' lang='lat' dir='ltr'><strong>prius,</strong></span> <span class='ocrx_word' id='word_1_255' title='bbox 946 3647 998 3705; x_wconf 90' lang='lat' dir='ltr'><strong>vel</strong></span> <span class='ocrx_word' id='word_1_256' title='bbox 1020 3661 1079 3720; x_wconf 88' lang='lat' dir='ltr'><strong>pro</strong></span> <span class='ocrx_word' id='word_1_257' title='bbox 1103 3645 1226 3703; x_wconf 90' lang='lat' dir='ltr'><strong>meliori</strong></span> <span class='ocrx_word' id='word_1_258' title='bbox 1258 3643 1451 3719; x_wconf 89' lang='lat' dir='ltr'><strong>possessione</strong></span> <span class='ocrx_word' id='word_1_259' title='bbox 1473 3639 1604 3699; x_wconf 86' lang='lat' dir='ltr'><strong>eruenda</strong></span> <span class='ocrx_word' id='word_1_260' title='bbox 1626 3640 1686 3698; x_wconf 91' lang='lat' dir='ltr'><strong>sol·</strong></span> 
     </span>
     <span class='ocr_line' id='line_1_30' title="bbox 427 3747 1689 3826; baseline -0.003 -19"><span class='ocrx_word' id='word_1_261' title='bbox 427 3765 499 3807; x_wconf 88' lang='lat' dir='ltr'><strong>vere</strong></span> <span class='ocrx_word' id='word_1_262' title='bbox 522 3758 552 3809; x_wconf 90' lang='lat' dir='ltr'><strong>et</strong></span> <span class='ocrx_word' id='word_1_263' title='bbox 574 3751 649 3809; x_wconf 90' lang='lat' dir='ltr'><strong>dare</strong></span> <span class='ocrx_word' id='word_1_264' title='bbox 673 3752 817 3825; x_wconf 91' lang='lat' dir='ltr'><strong>voluerit,</strong></span> <span class='ocrx_word' id='word_1_265' title='bbox 840 3759 893 3810; x_wconf 92' lang='lat' dir='ltr'><strong>aut</strong></span> <span class='ocrx_word' id='word_1_266' title='bbox 917 3768 1044 3826; x_wconf 86' lang='lat' dir='ltr'><strong>presens</strong></span> <span class='ocrx_word' id='word_1_267' title='bbox 1067 3758 1172 3810; x_wconf 90' lang='lat' dir='ltr'><strong>nostra</strong></span> <span class='ocrx_word' id='word_1_268' title='bbox 1195 3751 1362 3825; x_wconf 91' lang='lat' dir='ltr'><strong>disposicio</strong></span> <span class='ocrx_word' id='word_1_269' title='bbox 1381 3749 1472 3807; x_wconf 92' lang='lat' dir='ltr'><strong>nobis</strong></span> <span class='ocrx_word' id='word_1_270' title='bbox 1495 3747 1547 3805; x_wconf 91' lang='lat' dir='ltr'><strong>vel</strong></span> <span class='ocrx_word' id='word_1_271' title='bbox 1570 3761 1689 3804; x_wconf 89' lang='lat' dir='ltr'><strong>succes·</strong></span> 
     </span>
     <span class='ocr_line' id='line_1_31' title="bbox 426 3853 1689 3934; baseline -0.002 -21"><span class='ocrx_word' id='word_1_272' title='bbox 426 3857 549 3915; x_wconf 90' lang='lat' dir='ltr'><strong>soribus</strong></span> <span class='ocrx_word' id='word_1_273' title='bbox 572 3859 686 3918; x_wconf 89' lang='lat' dir='ltr'><strong>nostris</strong></span> <span class='ocrx_word' id='word_1_274' title='bbox 708 3874 770 3918; x_wconf 91' lang='lat' dir='ltr'><strong>non</strong></span> <span class='ocrx_word' id='word_1_275' title='bbox 793 3859 955 3934; x_wconf 90' lang='lat' dir='ltr'><strong>placuerit,</strong></span> <span class='ocrx_word' id='word_1_276' title='bbox 978 3859 1033 3917; x_wconf 89' lang='lat' dir='ltr'><strong>sed</strong></span> <span class='ocrx_word' id='word_1_277' title='bbox 1056 3860 1124 3933; x_wconf 90' lang='lat' dir='ltr'><strong>ipsa</strong></span> <span class='ocrx_word' id='word_1_278' title='bbox 1148 3857 1290 3932; x_wconf 90' lang='lat' dir='ltr'><strong>prediola</strong></span> <span class='ocrx_word' id='word_1_279' title='bbox 1321 3857 1470 3914; x_wconf 90' lang='lat' dir='ltr'><strong>rehabere</strong></span> <span class='ocrx_word' id='word_1_280' title='bbox 1493 3853 1689 3912; x_wconf 90' lang='lat' dir='ltr'><strong>voluerimus</strong></span> 
     </span>
     <span class='ocr_line' id='line_1_32' title="bbox 426 3959 1755 4039; baseline 0.002 -21"><span class='ocrx_word' id='word_1_281' title='bbox 426 3977 480 4020; x_wconf 87' lang='lat' dir='ltr'><strong>seu</strong></span> <span class='ocrx_word' id='word_1_282' title='bbox 504 3965 669 4038; x_wconf 89' lang='lat' dir='ltr'><strong>voluerint,</strong></span> <span class='ocrx_word' id='word_1_283' title='bbox 700 3971 773 4024; x_wconf 92' lang='lat' dir='ltr'><strong>tunc</strong></span> <span class='ocrx_word' id='word_1_284' title='bbox 804 3966 950 4024; x_wconf 90' lang='lat' dir='ltr'><strong>omnibus</strong></span> <span class='ocrx_word' id='word_1_285' title='bbox 981 3965 1111 4024; x_wconf 85' lang='lat' dir='ltr'><strong>edificiis</strong></span> <span class='ocrx_word' id='word_1_286' title='bbox 1142 3963 1278 4039; x_wconf 88' lang='lat' dir='ltr'><strong>cujusvis</strong></span> <span class='ocrx_word' id='word_1_287' title='bbox 1300 3962 1434 4020; x_wconf 91' lang='lat' dir='ltr'><strong>nominis</strong></span> <span class='ocrx_word' id='word_1_288' title='bbox 1457 3959 1613 4019; x_wconf 87' lang='lat' dir='ltr'><strong>vocabulo</strong></span> <span class='ocrx_word' id='word_1_289' title='bbox 1636 3973 1692 4016; x_wconf 93' lang='lat' dir='ltr'><strong>vo·</strong></span> <span class='ocrx_word' id='word_1_290' title='bbox 1746 4001 1755 4020; x_wconf 91' lang='lat'><strong>.</strong></span> 
     </span>
     <span class='ocr_line' id='line_1_33' title="bbox 427 4068 1689 4154; baseline -0.002 -29"><span class='ocrx_word' id='word_1_291' title='bbox 427 4068 535 4143; x_wconf 89' lang='lat' dir='ltr'><strong>citatis,</strong></span> <span class='ocrx_word' id='word_1_292' title='bbox 561 4087 621 4144; x_wconf 91' lang='lat' dir='ltr'><strong>que</strong></span> <span class='ocrx_word' id='word_1_293' title='bbox 646 4077 748 4130; x_wconf 90' lang='lat' dir='ltr'><strong>rector</strong></span> <span class='ocrx_word' id='word_1_294' title='bbox 770 4074 868 4148; x_wconf 92' lang='lat' dir='ltr'><strong>ipsius</strong></span> <span class='ocrx_word' id='word_1_295' title='bbox 891 4071 1020 4130; x_wconf 89' lang='lat' dir='ltr'><strong>ecclesie</strong></span> <span class='ocrx_word' id='word_1_296' title='bbox 1043 4071 1140 4130; x_wconf 90' lang='lat' dir='ltr'><strong>sancti</strong></span> <span class='ocrx_word' id='word_1_297' title='bbox 1173 4069 1301 4154; x_wconf 88' lang='lat' dir='ltr'><strong>Joannis</strong></span> <span class='ocrx_word' id='word_1_298' title='bbox 1333 4069 1469 4143; x_wconf 90' lang='lat' dir='ltr'><strong>Baptiste</strong></span> <span class='ocrx_word' id='word_1_299' title='bbox 1492 4081 1587 4140; x_wconf 89' lang='lat' dir='ltr'><strong>super</strong></span> <span class='ocrx_word' id='word_1_300' title='bbox 1620 4080 1689 4139; x_wconf 91' lang='lat' dir='ltr'><strong>pre·</strong></span> 
     </span>
     <span class='ocr_line' id='line_1_34' title="bbox 428 4173 1693 4254; baseline -0.003 -22"><span class='ocrx_word' id='word_1_301' title='bbox 428 4175 518 4234; x_wconf 89' lang='lat' dir='ltr'><strong>dictis</strong></span> <span class='ocrx_word' id='word_1_302' title='bbox 542 4179 693 4251; x_wconf 92' lang='lat' dir='ltr'><strong>prediolis</strong></span> <span class='ocrx_word' id='word_1_303' title='bbox 716 4180 780 4238; x_wconf 91' lang='lat' dir='ltr'><strong>suis</strong></span> <span class='ocrx_word' id='word_1_304' title='bbox 804 4179 982 4254; x_wconf 89' lang='lat' dir='ltr'><strong>sumptibus</strong></span> <span class='ocrx_word' id='word_1_305' title='bbox 1006 4185 1035 4236; x_wconf 93' lang='lat' dir='ltr'><strong>et</strong></span> <span class='ocrx_word' id='word_1_306' title='bbox 1059 4177 1201 4252; x_wconf 85' lang='lat' dir='ltr'><strong>expensis</strong></span> <span class='ocrx_word' id='word_1_307' title='bbox 1231 4175 1300 4234; x_wconf 88' lang='lat' dir='ltr'><strong>fieri</strong></span> <span class='ocrx_word' id='word_1_308' title='bbox 1332 4175 1446 4244; x_wconf 85' lang='lat' dir='ltr'><strong>fecerit,</strong></span> <span class='ocrx_word' id='word_1_309' title='bbox 1479 4173 1630 4232; x_wconf 89' lang='lat' dir='ltr'><strong>estimatis</strong></span> <span class='ocrx_word' id='word_1_310' title='bbox 1662 4175 1693 4228; x_wconf 92' lang='lat' dir='ltr'><strong>et</strong></span> 
     </span>
     <span class='ocr_line' id='line_1_35' title="bbox 427 4277 1692 4360; baseline -0.003 -21"><span class='ocrx_word' id='word_1_311' title='bbox 427 4283 545 4356; x_wconf 89' lang='lat' dir='ltr'><strong>solutis,</strong></span> <span class='ocrx_word' id='word_1_312' title='bbox 567 4285 658 4344; x_wconf 90' lang='lat' dir='ltr'><strong>dictis</strong></span> <span class='ocrx_word' id='word_1_313' title='bbox 681 4302 805 4360; x_wconf 92' lang='lat' dir='ltr'><strong>quoque</strong></span> <span class='ocrx_word' id='word_1_314' title='bbox 829 4286 968 4344; x_wconf 89' lang='lat' dir='ltr'><strong>ducentis</strong></span> <span class='ocrx_word' id='word_1_315' title='bbox 991 4286 1168 4358; x_wconf 91' lang='lat' dir='ltr'><strong>octuaginta</strong></span> <span class='ocrx_word' id='word_1_316' title='bbox 1190 4289 1220 4341; x_wconf 91' lang='lat' dir='ltr'><strong>et</strong></span> <span class='ocrx_word' id='word_1_317' title='bbox 1243 4284 1343 4342; x_wconf 91' lang='lat' dir='ltr'><strong>tribus</strong></span> <span class='ocrx_word' id='word_1_318' title='bbox 1366 4281 1486 4338; x_wconf 87' lang='lat' dir='ltr'><strong>ducatis</strong></span> <span class='ocrx_word' id='word_1_319' title='bbox 1517 4279 1589 4352; x_wconf 91' lang='lat' dir='ltr'><strong>puri</strong></span> <span class='ocrx_word' id='word_1_320' title='bbox 1612 4277 1692 4352; x_wconf 90' lang='lat' dir='ltr'><strong>auri,</strong></span> 
     </span>
     <span class='ocr_line' id='line_1_36' title="bbox 428 4383 1693 4476; baseline -0.006 -29"><span class='ocrx_word' id='word_1_321' title='bbox 428 4390 521 4462; x_wconf 92' lang='lat' dir='ltr'><strong>plane</strong></span> <span class='ocrx_word' id='word_1_322' title='bbox 543 4393 604 4466; x_wconf 91' lang='lat' dir='ltr'><strong>ipsi</strong></span> <span class='ocrx_word' id='word_1_323' title='bbox 627 4393 756 4452; x_wconf 90' lang='lat' dir='ltr'><strong>ecclesie</strong></span> <span class='ocrx_word' id='word_1_324' title='bbox 778 4393 862 4450; x_wconf 88' lang='lat' dir='ltr'><strong>beati</strong></span> <span class='ocrx_word' id='word_1_325' title='bbox 886 4393 1013 4476; x_wconf 88' lang='lat' dir='ltr'><strong>Joannis</strong></span> <span class='ocrx_word' id='word_1_326' title='bbox 1036 4391 1174 4465; x_wconf 90' lang='lat' dir='ltr'><strong>Baptiste</strong></span> <span class='ocrx_word' id='word_1_327' title='bbox 1198 4389 1374 4463; x_wconf 90' lang='lat' dir='ltr'><strong>persolutis,</strong></span> <span class='ocrx_word' id='word_1_328' title='bbox 1397 4385 1520 4462; x_wconf 87' lang='lat' dir='ltr'><strong>prefata</strong></span> <span class='ocrx_word' id='word_1_329' title='bbox 1551 4383 1693 4458; x_wconf 86' lang='lat' dir='ltr'><strong>prediola</strong></span> 
     </span>
     <span class='ocr_line' id='line_1_37' title="bbox 429 4491 1693 4574; baseline -0.004 -22"><span class='ocrx_word' id='word_1_330' title='bbox 429 4497 579 4556; x_wconf 87' lang='lat' dir='ltr'><strong>rehabere</strong></span> <span class='ocrx_word' id='word_1_331' title='bbox 601 4501 758 4574; x_wconf 87' lang='lat' dir='ltr'><strong>possimus</strong></span> <span class='ocrx_word' id='word_1_332' title='bbox 782 4505 812 4556; x_wconf 92' lang='lat' dir='ltr'><strong>et</strong></span> <span class='ocrx_word' id='word_1_333' title='bbox 835 4501 962 4573; x_wconf 89' lang='lat' dir='ltr'><strong>possint,</strong></span> <span class='ocrx_word' id='word_1_334' title='bbox 988 4499 1149 4556; x_wconf 88' lang='lat' dir='ltr'><strong>valeamus</strong></span> <span class='ocrx_word' id='word_1_335' title='bbox 1171 4501 1264 4569; x_wconf 91' lang='lat' dir='ltr'><strong>atque</strong></span> <span class='ocrx_word' id='word_1_336' title='bbox 1287 4495 1422 4552; x_wconf 89' lang='lat' dir='ltr'><strong>valeant.</strong></span> <span class='ocrx_word' id='word_1_337' title='bbox 1447 4491 1497 4549; x_wconf 85' lang='lat' dir='ltr'><strong>Ad</strong></span> <span class='ocrx_word' id='word_1_338' title='bbox 1512 4507 1573 4565; x_wconf 91' lang='lat' dir='ltr'><strong>que</strong></span> <span class='ocrx_word' id='word_1_339' title='bbox 1589 4491 1693 4549; x_wconf 91' lang='lat' dir='ltr'><strong>omnia</strong></span> 
     </span>
     <span class='ocr_line' id='line_1_38' title="bbox 429 4601 1692 4682; baseline -0.01 -17"><span class='ocrx_word' id='word_1_340' title='bbox 429 4611 460 4665; x_wconf 89' lang='lat' dir='ltr'><strong>et</strong></span> <span class='ocrx_word' id='word_1_341' title='bbox 483 4607 605 4678; x_wconf 89' lang='lat' dir='ltr'><strong>singula</strong></span> <span class='ocrx_word' id='word_1_342' title='bbox 627 4621 684 4666; x_wconf 91' lang='lat' dir='ltr'><strong>nos</strong></span> <span class='ocrx_word' id='word_1_343' title='bbox 707 4611 817 4682; x_wconf 91' lang='lat' dir='ltr'><strong>sponte</strong></span> <span class='ocrx_word' id='word_1_344' title='bbox 841 4607 1053 4679; x_wconf 86' lang='lat' dir='ltr'><strong>obligavimus</strong></span> <span class='ocrx_word' id='word_1_345' title='bbox 1077 4605 1175 4662; x_wconf 91' lang='lat' dir='ltr'><strong>immo</strong></span> <span class='ocrx_word' id='word_1_346' title='bbox 1192 4603 1370 4674; x_wconf 89' lang='lat' dir='ltr'><strong>obligamus</strong></span> <span class='ocrx_word' id='word_1_347' title='bbox 1386 4601 1499 4656; x_wconf 90' lang='lat' dir='ltr'><strong>harum</strong></span> <span class='ocrx_word' id='word_1_348' title='bbox 1514 4605 1692 4656; x_wconf 90' lang='lat' dir='ltr'><strong>nostrarum</strong></span> 
     </span>
     <span class='ocr_line' id='line_1_39' title="bbox 429 4703 1693 4779; baseline -0.009 -7"><span class='ocrx_word' id='word_1_349' title='bbox 429 4714 606 4772; x_wconf 91' lang='lat' dir='ltr'><strong>testimonio</strong></span> <span class='ocrx_word' id='word_1_350' title='bbox 629 4715 814 4771; x_wconf 89' lang='lat' dir='ltr'><strong>litterarum.</strong></span> <span class='ocrx_word' id='word_1_351' title='bbox 839 4713 871 4770; x_wconf 92' lang='lat' dir='ltr'><strong>ln</strong></span> <span class='ocrx_word' id='word_1_352' title='bbox 890 4713 976 4769; x_wconf 90' lang='lat' dir='ltr'><strong>cuius</strong></span> <span class='ocrx_word' id='word_1_353' title='bbox 989 4712 1035 4770; x_wconf 92' lang='lat' dir='ltr'><strong>rei</strong></span> <span class='ocrx_word' id='word_1_354' title='bbox 1051 4709 1245 4779; x_wconf 89' lang='lat' dir='ltr'><strong>memoriam,</strong></span> <span class='ocrx_word' id='word_1_355' title='bbox 1261 4707 1505 4778; x_wconf 86' lang='lat' dir='ltr'><strong>firmitatemque</strong></span> <span class='ocrx_word' id='word_1_356' title='bbox 1521 4703 1693 4774; x_wconf 89' lang='lat' dir='ltr'><strong>indubiam,</strong></span> 
     </span>
     <span class='ocr_line' id='line_1_40' title="bbox 430 4811 1694 4896; baseline -0.01 -17"><span class='ocrx_word' id='word_1_357' title='bbox 430 4821 626 4896; x_wconf 88' lang='lat' dir='ltr'><strong>presentibus</strong></span> <span class='ocrx_word' id='word_1_358' title='bbox 650 4821 790 4894; x_wconf 90' lang='lat' dir='ltr'><strong>sigillum</strong></span> <span class='ocrx_word' id='word_1_359' title='bbox 815 4826 957 4878; x_wconf 88' lang='lat' dir='ltr'><strong>nostrum</strong></span> <span class='ocrx_word' id='word_1_360' title='bbox 974 4817 1121 4875; x_wconf 88' lang='lat' dir='ltr'><strong>duximus</strong></span> <span class='ocrx_word' id='word_1_361' title='bbox 1137 4813 1386 4890; x_wconf 88' lang='lat' dir='ltr'><strong>appendendum,</strong></span> <span class='ocrx_word' id='word_1_362' title='bbox 1403 4811 1606 4886; x_wconf 89' lang='lat' dir='ltr'><strong>predictaque</strong></span> <span class='ocrx_word' id='word_1_363' title='bbox 1622 4825 1694 4883; x_wconf 91' lang='lat' dir='ltr'><strong>pre·</strong></span> 
     </span>
     <span class='ocr_line' id='line_1_41' title="bbox 430 4917 1694 5008; baseline -0.011 -22"><span class='ocrx_word' id='word_1_364' title='bbox 430 4929 514 4987; x_wconf 86' lang='lat' dir='ltr'><strong>diola</strong></span> <span class='ocrx_word' id='word_1_365' title='bbox 538 4929 642 4986; x_wconf 91' lang='lat' dir='ltr'><strong>eidem</strong></span> <span class='ocrx_word' id='word_1_366' title='bbox 673 4929 801 4986; x_wconf 90' lang='lat' dir='ltr'><strong>ecclesie</strong></span> <span class='ocrx_word' id='word_1_367' title='bbox 824 4927 920 4984; x_wconf 89' lang='lat' dir='ltr'><strong>sancti</strong></span> <span class='ocrx_word' id='word_1_368' title='bbox 943 4925 1070 5008; x_wconf 86' lang='lat' dir='ltr'><strong>Joannis</strong></span> <span class='ocrx_word' id='word_1_369' title='bbox 1095 4920 1230 4996; x_wconf 88' lang='lat' dir='ltr'><strong>Baptiste</strong></span> <span class='ocrx_word' id='word_1_370' title='bbox 1253 4928 1283 4979; x_wconf 92' lang='lat' dir='ltr'><strong>et</strong></span> <span class='ocrx_word' id='word_1_371' title='bbox 1307 4920 1370 4977; x_wconf 91' lang='lat' dir='ltr'><strong>suis</strong></span> <span class='ocrx_word' id='word_1_372' title='bbox 1393 4919 1537 4993; x_wconf 89' lang='lat' dir='ltr'><strong>plebanis</strong></span> <span class='ocrx_word' id='word_1_373' title='bbox 1561 4932 1617 4990; x_wconf 93' lang='lat' dir='ltr'><strong>per</strong></span> <span class='ocrx_word' id='word_1_374' title='bbox 1639 4917 1694 4973; x_wconf 92' lang='lat' dir='ltr'><strong>ho·</strong></span> 
     </span>
     <span class='ocr_line' id='line_1_42' title="bbox 429 5023 1694 5107; baseline -0.013 -11"><span class='ocrx_word' id='word_1_375' title='bbox 429 5035 587 5096; x_wconf 89' lang='lat' dir='ltr'><strong>uorabiles</strong></span> <span class='ocrx_word' id='word_1_376' title='bbox 622 5035 714 5107; x_wconf 89' lang='lat' dir='ltr'><strong>viros,</strong></span> <span class='ocrx_word' id='word_1_377' title='bbox 752 5033 894 5091; x_wconf 90' lang='lat' dir='ltr'><strong>dominos</strong></span> <span class='ocrx_word' id='word_1_378' title='bbox 930 5031 1111 5089; x_wconf 90' lang='lat' dir='ltr'><strong>Ladislaum</strong></span> <span class='ocrx_word' id='word_1_379' title='bbox 1141 5027 1393 5086; x_wconf 89' lang='lat' dir='ltr'><strong>archidiaconum</strong></span> <span class='ocrx_word' id='word_1_380' title='bbox 1428 5023 1640 5082; x_wconf 88' lang='lat' dir='ltr'><strong>cathedralem</strong></span> <span class='ocrx_word' id='word_1_381' title='bbox 1664 5027 1694 5079; x_wconf 92' lang='lat' dir='ltr'><strong>et</strong></span> 
     </span>
    </p>
   </div>
   <div class='ocr_carea' id='block_1_3' title="bbox 0 0 1994 5804">
    <p class='ocr_par' dir='ltr' id='par_1_3' title="bbox 0 0 1994 5804">
     <span class='ocr_line' id='line_1_43' title="bbox 0 0 1994 5804; baseline 0 0"><span class='ocrx_word' id='word_1_382' title='bbox 0 0 1994 5804; x_wconf 95' lang='lat' dir='ltr'><strong> </strong></span> 
     </span>
    </p>
   </div>
  </div>
 </body>
</html>
