3932 5806
750 556 822 614 θοι.
847 565 911 632 173.
937 567 1002 633 174.
1032 589 1071 600 —
1095 557 1151 615 An.
1176 569 1264 652 1453.

975 769 1055 837 173.

482 909 563 958 Anno
585 919 659 974 1453,
681 921 721 971 24.
742 909 865 973 Augusti.
886 910 1019 1003 Viennae.⁸

482 1035 609 1095 Ulricus
633 1036 730 1097 Ciliae
753 1053 856 1097 comes
881 1045 936 1098 etc.
968 1039 1132 1098 Slavoniae
1161 1041 1270 1114 banus,
1302 1045 1386 1100 tutor
1416 1045 1447 1100 et
1474 1040 1644 1101 advocatus

273 1153 275 1158 ·
378 1143 525 1202 ecclesiae
548 1145 766 1218 zagrabiensis,
798 1145 917 1204 litteras
950 1146 1100 1229 Johannis
1135 1147 1274 1221 episcopi
1307 1149 1514 1221 zagrabiensis
1548 1149 1644 1208 conti-

376 1255 481 1308 nentes
502 1251 622 1310 litteras
643 1251 818 1310 Eberhardi
852 1268 946 1326 super
968 1251 1096 1311 decimis
1121 1254 1224 1327 campi
1253 1254 1469 1326 zagrabiensis,
1500 1269 1649 1328 praesen·

377 1361 455 1415 tatas
479 1357 540 1416 sibi
566 1373 622 1432 per
644 1359 771 1416 Petrum
793 1359 942 1417 lectorem
973 1358 1226 1416 varasdinensem
1256 1365 1286 1418 et
1309 1361 1491 1418 canonicum
1520 1360 1643 1418 saradi-

376 1479 503 1521 nensem
528 1469 558 1521 et
580 1464 812 1537 zagrabiensem
835 1470 865 1522 et
886 1465 1038 1548 Joannem
1063 1469 1220 1523 cantorem
1244 1467 1456 1524 chasmensem
1479 1465 1643 1525 confirmat

377 1569 522 1642 Viennae,
545 1570 670 1628 festos.
693 1569 930 1629 Bartholomaei.

482 1706 589 1772 Georgii
608 1707 779 1765 Marcelovid;
800 1709 926 1772 Regem,
945 1714 973 1758 ut
993 1723 1078 1773 supra.

969 1939 1052 2007 174.

484 2097 565 2146 Anno
587 2109 633 2162 145
638 2110 661 2160 3,
681 2097 706 2149 6.
726 2097 845 2148 octobris.
866 2096 1012 2160 Zagrabiae.

379 2225 408 2282 A
429 2225 580 2296 Mathaeo,
614 2224 714 2283 abbate
750 2225 868 2300 cisterc.
898 2225 1026 2298 zagrab,
1054 2231 1165 2283 statuta
1194 2226 1344 2300 hospitalis
1373 2245 1394 2284 s.
1418 2225 1571 2286 Elisabeth
1594 2245 1643 2284 no·

799 2332 875 2388 mine
894 2338 992 2404 papae
1014 2330 1219 2404 approbantur.

482 2471 643 2532 Universis
666 2479 696 2531 et
708 2474 838 2546 singulis
854 2472 970 2531 Christi
983 2473 1141 2546 fidelibus,
1157 2475 1380 2548 cuiuscumque
1395 2479 1501 2548 status,
1517 2473 1643 2548 gradus,

377 2578 538 2652 dignitatis
563 2586 593 2638 et
616 2580 842 2654 preeminencie
865 2580 1064 2638 ecclesiastici
1095 2579 1242 2639 videlicet
1276 2585 1307 2638 et
1340 2581 1488 2639 secularis
1522 2597 1579 2656 per
1613 2585 1643 2640 et

376 2685 457 2744 inira
480 2687 638 2745 civitatem
661 2691 692 2745 et
715 2686 862 2744 diocesim
889 2686 1120 2759 zagrabiensem
1134 2691 1187 2744 aut
1203 2686 1280 2744 alias
1296 2687 1486 2760 ubicumque
1501 2687 1643 2745 locorum

376 2792 436 2849 sint
460 2797 490 2850 et
513 2793 653 2865 existant,
676 2797 835 2866 presentes
858 2792 977 2850 litteras
992 2796 1115 2850 nostras
1130 2808 1184 2850 seu
1200 2807 1327 2866 presens
1344 2792 1509 2867 publicum
1531 2793 1644 2850 instru-

376 2903 516 2956 mentum
537 2898 660 2970 visuris,
683 2899 875 2972 inspecturis,
897 2898 1014 2971 pariter
1040 2902 1071 2956 et
1085 2897 1237 2956 audituris
1260 2899 1392 2957 Mathias
1415 2898 1513 2956 abbas
1534 2912 1642 2957 mona·

379 3004 466 3062 sterii
490 3005 578 3062 beate
614 3005 711 3062 Marie
736 3004 876 3077 virginis,
910 3003 1027 3062 ordinis
1062 3004 1292 3078 Cysterciensis,
1326 3005 1359 3064 in
1381 3019 1452 3064 area
1479 3005 1644 3080 capitulari

375 3111 572 3184 zagrabiensi
596 3109 725 3183 fundati,
749 3111 979 3169 commissarius
1003 3115 1033 3170 et
1056 3116 1201 3170 executor
1224 3110 1270 3169 ad'
1286 3111 1484 3186 infrascripta
1517 3127 1535 3170 a
1569 3111 1642 3171 sede

374 3218 548 3291 apostolica
571 3218 748 3292 specialiter
771 3217 945 3292 deputatus,
969 3218 1102 3276 salutem
1125 3218 1157 3276 in
1192 3217 1318 3276 domino
1353 3219 1575 3292 sempitemam
1611 3223 1642 3277 et

375 3323 574 3398 presentibus
597 3322 693 3381 fidem
717 3323 882 3381 indubiam
904 3323 1058 3383 exhibere.
1081 3323 1213 3382 Litteras
1235 3325 1421 3382 sanctissimi
1450 3325 1483 3382 in
1513 3324 1638 3383 Christo

375 3429 474 3505 patris
496 3435 527 3487 et
549 3429 669 3488 domini
680 3430 786 3502 nostri,
807 3429 926 3488 domini
941 3429 1069 3503 Nicolai,
1083 3429 1189 3488 divina
1205 3429 1405 3503 providencia
1428 3445 1510 3504 pape
1533 3431 1642 3504 quinti,

376 3537 441 3595 eius
465 3551 539 3594 vera
553 3535 644 3595 bulla
660 3536 811 3611 plumbea
834 3535 866 3594 in
883 3535 1011 3594 cordula
1027 3537 1153 3609 canapis
1169 3550 1256 3594 more
1271 3549 1399 3594 romane
1415 3536 1498 3594 curie
1521 3536 1642 3610 impen-

375 3641 460 3700 denti
482 3642 627 3713 bullatas,
650 3657 739 3701 sanas
758 3648 789 3700 et
810 3642 955 3716 integras,
978 3657 1041 3700 non
1075 3642 1211 3714 viciatas,
1246 3656 1309 3700 non
1343 3642 1539 3715 cancellatas,
1578 3656 1639 3700 non

375 3750 511 3822 abrasas,
532 3765 588 3806 nec
611 3749 643 3807 in
666 3748 772 3822 aliqua
795 3749 841 3806 sui
864 3753 953 3822 parte
976 3753 1143 3822 suspectas,
1167 3747 1222 3806 sed
1245 3749 1331 3807 omni
1353 3763 1483 3823 prorsus
1506 3748 1587 3807 vicio
1609 3753 1640 3807 et

375 3855 550 3928 suspicione
572 3861 718 3926 carentes,
734 3855 825 3913 nobis
840 3870 897 3928 per
911 3853 1118 3912 reverendum
1133 3855 1164 3914 in
1193 3853 1318 3913 Christo
1330 3859 1460 3928 patrem,
1478 3854 1642 3913 dominum

378 3960 587 4034 Benedictum,
611 3961 661 4020 dei
684 3967 713 4020 et
736 3961 906 4034 apostolice
936 3960 1018 4019 sedis
1041 3961 1146 4034 gracia
1180 3961 1363 4034 episcopum
1397 3959 1640 4034 zagrabiensem,

379 4067 587 4142 principalem
629 4067 662 4126 in
697 4067 773 4142 ipsis
807 4067 919 4126 litteris
953 4066 1168 4141 principaliter
1200 4067 1403 4138 nominatum,
1439 4065 1489 4125 die
1524 4067 1640 4139 Martis,

375 4179 463 4233 sexta
485 4175 601 4232 mensis
623 4173 768 4246 octobris,
792 4188 899 4232 coram
921 4173 1042 4232 notario
1066 4174 1194 4247 publico
1218 4179 1249 4230 et
1271 4174 1401 4232 testibus
1432 4172 1640 4249 infrascriptis

377 4283 578 4355 presentatas,
601 4295 658 4338 nos
681 4295 753 4338 cum
776 4294 819 4351 ea,
851 4295 912 4353 qua
943 4279 1043 4340 decuit
1081 4281 1267 4352 reverencia,
1301 4279 1449 4338 noveritis
1485 4261 1639 4353 recepisse

374 4385 553 4446 huiusmodi
568 4389 627 4445 sub
644 4393 765 4445 tenore:
782 4381 874 4466 (Vide
888 4386 963 4445 Doc.
989 4400 1059 4456 1⁷2·
1075 4401 1125 4446 an.
1152 4400 1242 4461 1453.
1266 4385 1316 4445 die
1335 4400 1382 4455 15.
1402 4379 1554 4464 Augusti).
1567 4385 1640 4444 Post

375 4493 637 4568 quarumquidem
660 4493 835 4552 litterarum
866 4493 1108 4567 apostolicarum
1138 4493 1403 4566 presentacionem
1436 4507 1472 4550 ac
1504 4493 1639 4567 recepci·
1749 4489 1752 4498 ‘

375 4617 476 4674 onem,
499 4602 615 4660 suimus
639 4617 696 4675 per
729 4600 886 4675 prelatum
911 4599 1073 4658 dominum
1096 4598 1294 4657 Benedictum
1329 4599 1513 4672 episcopum
1536 4613 1640 4672 ragra-

376 4709 518 4767 blensem
541 4723 577 4767 ac
607 4715 761 4767 rectorem
783 4708 947 4781 hospitalis
970 4707 1059 4765 beate
1082 4707 1221 4764 Elisabet
1243 4705 1337 4764 vidue
1360 4705 1391 4764 in
1414 4719 1487 4764 area
1521 4706 1638 4779 capitu·

378 4816 440 4874 lari
462 4813 591 4886 fundati,
615 4815 720 4873 debita
743 4830 815 4872 cum
838 4814 986 4872 instancia
1008 4813 1157 4886 requisiti,
1181 4819 1332 4886 quatenus
1355 4812 1395 4870 ad
1418 4812 1637 4871 execucionem

376 4921 530 4982 dictarum
553 4923 729 4982 litterarum
752 4921 995 4996 apostolicarum
1018 4927 1048 4978 et
1069 4925 1283 4978 contentorum
1306 4921 1337 4978 in
1360 4919 1476 4980 eisdem
1490 4921 1577 4980 iuxta
1592 4921 1640 4994 ip·

375 5045 482 5089 sarum
505 5029 572 5088 vim
595 5034 624 5087 et
648 5027 783 5087 sormam
807 5035 837 5086 et
860 5032 1002 5086 tenorem
1025 5027 1193 5103 procedere
1217 5027 1425 5100 dignaremur.
1449 5027 1512 5086 Nos
1542 5027 1638 5100 igitur
