3932 5806
398 555 460 615 234
820 540 892 596 Dor.
914 550 980 615 172.
1003 573 1047 584 -
1069 541 1124 597 An.
1149 551 1236 617 1453.

394 756 485 814 nobis
507 756 680 814 retulerunt
701 754 764 832 jam
787 757 880 831 plene
902 757 982 816 datis
1004 762 1035 814 et
1057 755 1234 831 persolutis,
1272 774 1328 832 per
1361 755 1495 815 eundem
1530 755 1660 814 fratrem

393 861 593 920 Benedictum
629 861 842 935 gwardianum
879 863 918 921 ad
956 863 1132 938 predictum
1167 862 1339 921 claustrum
1373 862 1471 920 sancti
1505 861 1660 920 Francisci

392 967 576 1027 confessoris
601 973 631 1026 et
653 968 693 1025 ad
716 969 821 1043 ipsum
844 975 1032 1028 conventum
1063 969 1197 1028 fratrum
1219 968 1358 1027 eiusdem
1394 967 1522 1026 claustri
1558 974 1589 1026 et
1619 967 1657 1025 ad

392 1075 454 1134 alia
476 1069 650 1132 necessaria
672 1076 771 1148 ipsius
794 1076 930 1146 claustri,
965 1090 1024 1150 pro
1058 1076 1162 1133 anima
1196 1074 1328 1148 predicti
1363 1073 1494 1132 condam
1533 1073 1659 1145 Matlrye

393 1181 508 1240 Farlras
531 1197 570 1238 ex
593 1196 742 1240 consensu
766 1182 862 1257 ipsius
887 1182 1012 1241 domine
1034 1182 1201 1240 Katherine
1235 1182 1384 1254 expositis
1419 1187 1449 1238 et
1484 1180 1660 1254 expensatis

394 1287 605 1346 vendidissent
627 1295 657 1346 et
680 1289 889 1360 contulissent,
913 1290 1011 1346 immo
1038 1289 1113 1363 ipsis
1138 1295 1299 1361 tamquam
1322 1287 1564 1360 consanguineis,
1587 1300 1659 1360 pro·

393 1394 519 1467 pinquis
544 1393 681 1452 eiusdem
705 1393 830 1452 domine
853 1395 1030 1466 Katherine,
1054 1394 1237 1452 auctoritate
1270 1393 1482 1450 commissaria
1513 1393 1589 1466 ipsis
1624 1393 1654 1449 iu

397 1500 455 1558 hac
477 1505 565 1573 parte
588 1500 749 1571 atrributa‚
773 1501 936 1572 mediante,
961 1499 1167 1559 vendiderunt
1190 1505 1220 1558 et
1235 1501 1432 1559 contulerunt
1447 1515 1553 1558 coram
1565 1499 1656 1557 nobis

393 1604 461 1682 jure
484 1612 635 1680 perpetuo
659 1613 689 1664 et
722 1607 971 1665 irrevocabiliter
1005 1605 1239 1680 possidendum,
1273 1605 1441 1664 tenendum
1475 1605 1592 1679 pariter
1625 1610 1656 1662 et

394 1711 574 1770 habendum
597 1727 632 1770 ac
654 1711 741 1788 juxta
761 1712 975 1772 condicicnem
999 1713 1318 1786 civitatisprenotate
1341 1713 1521 1786 abantiquo
1542 1725 1656 1785 appro-

393 1819 500 1876 batam
524 1818 816 1892 quomodocumque
837 1819 972 1878 voluerit
995 1817 1232 1893 disponendum.
1253 1819 1287 1877 In
1303 1818 1390 1876 cuius
1411 1819 1457 1876 rei
1474 1818 1659 1876 memoriam

394 1927 488 1997 atque
532 1925 752 1997 testimonium,
787 1925 1028 1998 firmitatemque
1063 1931 1255 1998 perpetuam,
1290 1925 1485 1998 presentibus
1518 1923 1659 1996 sigillum

392 2035 534 2088 nostrum
555 2045 720 2088 commune
744 2029 890 2088 duximus
913 2029 1163 2104 appendendum.
1187 2031 1304 2090 Datum
1329 2029 1462 2088 infesto
1486 2031 1569 2088 beati
1587 2030 1661 2088 Bar·

392 2137 472 2194 nabe
496 2136 639 2210 apostoli.
664 2138 753 2195 Anno
778 2136 897 2194 domini
919 2137 1089 2196 millesimo
1123 2137 1429 2212 quadringentesimo
1467 2139 1660 2211 quinquage-

392 2245 472 2301 simo
495 2243 599 2301 tercio.

498 2360 632 2424 Origiusle
648 2362 676 2410 in
694 2361 847 2414 membrana.
867 2363 952 2424 Tergo
971 2361 1124 2426 impressum
1143 2369 1182 2412 est
1201 2363 1315 2426 sigillum
1334 2362 1486 2414 communis.
1515 2363 1539 2411 E
1557 2360 1659 2410 collect.
1770 2397 1778 2408 .

392 2430 417 2484 d.
437 2432 528 2481 Leviui
547 2433 655 2484 Horvat.

990 2607 1063 2680 172.

500 2753 581 2802 Anno
603 2765 677 2817 1453,
700 2765 708 2801 ι
716 2764 739 2818 5.
759 2753 884 2817 Augusti.
905 2755 1016 2804 Rornae.

393 2863 421 2920 A
457 2863 580 2920 Nicoloo
622 2863 653 2919 V.
680 2871 765 2937 papa
795 2863 895 2920 abbati
930 2862 1163 2937 Cysterciensium
1190 2863 1313 2937 aagrab.
1346 2863 1439 2922 datur
1460 2869 1597 2940 potestas,
1627 2867 1664 2918 ut

393 2971 453 3026 eius
474 2970 588 3027 aornim
616 2976 726 3027 staura
750 2969 901 3043 hospitales
922 2989 943 3027 s.
966 2970 1117 3027 Elisabeth
1139 2971 1191 3027 siti
1209 2971 1240 3027 in
1269 2971 1391 3044 capitali
1415 2987 1487 3028 arca
1509 2975 1660 3038 recenseat,

944 3077 1122 3152 probetque..

498 3203 644 3262 Nicolaus
679 3205 851 3279 episcopus,
884 3221 992 3263 servus
1023 3219 1186 3263 servorum
1221 3204 1277 3263 dei.
1308 3204 1431 3263 Dilecto
1461 3204 1529 3262 filio
1551 3203 1660 3261 abbati

392 3312 572 3370 monasterii
596 3315 699 3370 sancte
722 3312 829 3384 Marie,
851 3311 1069 3385 zagrabiensis,
1093 3311 1225 3370 salutern
1260 3317 1290 3369 et
1323 3311 1530 3385 apostolicam
1567 3311 1658 3368 bene·

393 3416 571 3476 diceionem.
594 3419 646 3486 Ea,
670 3434 731 3492 que
754 3432 813 3492 pro
836 3419 1039 3493 hospitalium
1062 3423 1092 3475 et
1114 3418 1248 3475 aliorum
1272 3419 1397 3492 piorum
1420 3417 1564 3477 locorum
1586 3433 1658 3474 nec·

373 3538 455 3582 ¹non
477 3524 707 3584 miserabilium
729 3539 933 3599 personarum
957 3523 1123 3582 commodo
1148 3529 1178 3582 et
1212 3525 1354 3596 utilitate,
1386 3525 1577 3597 illorumque
1606 3538 1655 3580 sa·

391 3630 477 3689 lubri
500 3631 651 3704 regimine
674 3630 806 3706 provide
829 3630 909 3688 facta
933 3631 1001 3702 sint,
1025 3629 1117 3687 firma
1134 3635 1284 3704 perpetuo
1301 3635 1330 3688 et
1346 3631 1469 3689 illibata
1484 3630 1659 3704 persistant,

391 3739 532 3810 libenter,
556 3753 627 3796 cum
651 3752 668 3794 a
691 3738 782 3796 nobis
805 3737 930 3810 petitur,
952 3736 1094 3794 favorem
1110 3737 1319 3811 apostolicum
1335 3738 1543 3812 impertimur.
1565 3735 1660 3794 Exhi-

392 3844 457 3901 bita
480 3842 635 3916 siquidem
659 3843 750 3902 nobis
772 3859 872 3916 nuper
896 3857 955 3916 pro
977 3847 1066 3917 parte
1090 3843 1278 3902 venerabilis
1302 3843 1407 3903 fratris
1422 3843 1579 3902 Benedicti
1594 3842 1659 3917 epi·

391 3951 478 4024 scopi
501 3950 709 4023 zagrabiensis
732 3949 844 4024 peticio
868 3949 1051 4020 continebat,
1077 3949 1162 4022 quod
1184 3949 1304 4008 dudum
1327 3951 1394 4023 ipse
1425 3949 1557 4024 provide
1587 3964 1660 4008 con·

390 4055 589 4115 sideracionis
611 4057 765 4131 hospitale
788 4071 964 4131 pauperum
986 4061 1090 4114 sancte
1112 4055 1280 4128 Elisabeth,
1303 4057 1510 4130 zagrabieuse,
1532 4057 1564 4115 in
1594 4056 1660 4114 suis

389 4161 546 4222 fructibus
569 4168 599 4221 et
622 4162 874 4221 ordinacionibus
889 4154 1018 4220 'ruinam
1042 4163 1160 4221 minare
1190 4177 1226 4220 ac
1255 4164 1455 4237 reparaeione
1483 4168 1513 4222 et
1542 4167 1659 4221 restau-

389 4269 513 4328 racione
535 4283 597 4327 non
621 4268 818 4327 mediocriter
841 4268 1000 4342 indigeret,
1022 4268 1114 4326 etad
1137 4268 1209 4326 illas
1233 4268 1388 4328 faciendas
1423 4270 1521 4344 ipsius
1552 4269 1658 4342 hospi·

389 4376 461 4434 talis
483 4375 615 4434 facultas
638 4377 767 4434 minime
789 4381 963 4449 suppetere,
987 4374 1039 4449 pia
1061 4374 1229 4433 devocione
1245 4375 1364 4447 ductus,
1380 4375 1537 4450 hospitale
1551 4375 1657 4450 ipsum
1712 4453 1714 4460 ,

389 4498 425 4540 ac
448 4483 534 4540 illius
557 4487 727 4541 structuras
751 4487 780 4540 et
804 4480 925 4539 edificia
948 4485 1013 4539 tam
1036 4496 1094 4554 pro
1117 4481 1250 4539 infirmis
1273 4481 1392 4541 ibidem
1415 4481 1601 4556 recipiendis
1627 4487 1658 4539 et

391 4588 599 4660 refocilandis,
635 4603 730 4664 quam
765 4603 823 4662 pro
858 4588 1027 4662 capellanis
1060 4589 1092 4646 in
1125 4589 1212 4646 illius
1246 4589 1394 4662 ecclesia,
1429 4589 1535 4648 divino
1570 4588 1657 4646 cultu

389 4695 577 4768 dedicandis,
613 4695 830 4770 multipliciter
864 4697 1022 4770 reparavit
1056 4702 1085 4753 et
1119 4696 1314 4768 restauravit,
1348 4697 1471 4770 aliaque
1513 4695 1603 4754 utilia
1626 4701 1657 4752 et

389 4802 528 4862 salubria
550 4818 609 4878 pro
633 4803 802 4862 directione
825 4817 861 4859 ac
884 4803 1118 4861 manutencione
1141 4802 1216 4861 dicti
1240 4803 1402 4877 hospitalis
1426 4803 1533 4862 statuit
1554 4807 1584 4860 et
1606 4817 1655 4860 or·

390 4908 516 4981 dinavit,
540 4925 600 4984 que
624 4908 723 4968 dictus
748 4911 913 4984 episcopus
937 4925 1136 4984 summopere
1160 4909 1314 4968 desiderat
1348 4910 1519 4985 apostolico
1555 4909 1655 4966 muni·

390 5017 472 5075 mine
494 5015 645 5075 roborari.
676 5015 779 5090 Quare
802 5030 860 5096 pro
883 5021 972 5096 parte
995 5017 1135 5091 episcopi
1159 5021 1189 5075 et
1213 5016 1342 5091 capituli
1366 5015 1503 5091 predicte
1525 5015 1654 5074 ecclesie
