3930 5802
737 579 810 638 Doc.
835 589 900 652 155.
926 611 965 620 -
991 579 1045 634 An.
1071 589 1159 653 1450.
1429 531 1431 538 Ι
1514 591 1573 648 ²¹3

1087 679 1574 688 -—--———·----—---—-·..--·—-.

904 787 982 852 155.

417 948 497 996 Anno
521 959 594 1012 1450,
615 958 656 1009 30.
676 945 798 994 octobris.
819 943 967 1007 Zagrabiae.

318 1075 422 1134 Coram
455 1077 579 1150 capitulo
612 1075 730 1149 zagrab.
764 1073 949 1132 communitas
982 1073 1109 1130 civitatis
1143 1075 1250 1132 montis
1280 1071 1431 1132 Grecensis
1454 1074 1579 1131 occurrit

526 1149 695 1256 Heningum
718 1180 885 1256 aliy'udicata
908 1179 1017 1236 tributa
1039 1197 1059 1236 a
1080 1197 1110 1236 se
1131 1181 1195 1254 ipsa
1210 1180 1363 1254 flagitare.

417 1326 480 1386 Nos
504 1325 677 1402 capitulum
701 1325 830 1384 ecclesie
852 1323 1066 1398 zagrabiensis.
1082 1325 1232 1382 Memorie
1247 1323 1503 1383 commendamus
1519 1341 1577 1400 per

312 1437 478 1506 presentes,
514 1432 599 1505 quod
632 1430 784 1505 providus
801 1435 860 1514 et
881 1429 1027 1488 honestus
1062 1429 1110 1488 vir
1144 1429 1291 1503 magister
1313 1431 1462 1504 Matheus,
1493 1431 1578 1490 filius

311 1540 402 1610 Luce,
425 1538 564 1598 notarius
588 1543 618 1597 et
642 1538 719 1596 civis
742 1537 876 1595 civitatis
898 1536 1013 1594 montis
1036 1534 1199 1594 Grecensis
1223 1534 1261 1594 de
1280 1533 1367 1612 iuxta
1383 1536 1576 1610 Zagrabiam,

311 1649 495 1720 procurator
509 1645 681 1718 legittimus
696 1641 816 1719 judicis,
832 1640 1006 1718 juratorum
1023 1647 1052 1700 et
1068 1642 1285 1700 universorum
1303 1643 1419 1702 civium
1443 1649 1473 1701 et
1494 1644 1577 1702 inco·

310 1751 415 1809 larum
430 1750 569 1824 predicte
586 1751 719 1808 civitatis
734 1750 766 1807 in
781 1763 845 1820 sua,
864 1763 899 1806 ac
915 1747 1053 1806 eiusdem
1069 1745 1188 1824 iudicis,
1203 1745 1375 1824 juratorum
1392 1764 1428 1808 ac
1443 1749 1578 1808 aliorum

314 1872 448 1932 quorum
470 1871 565 1931 supra
584 1856 731 1930 personis,
748 1855 844 1913 nostri
860 1855 985 1912 veniens
1002 1855 1033 1912 in
1048 1855 1240 1928 presenciam
1257 1871 1314 1929 per
1329 1855 1459 1914 modum
1475 1863 1577 1930 prote·

318 1963 463 2022 stacionis
479 1968 509 2020 et
525 1962 720 2021 inhibicionis
736 1960 826 2019 nobis
842 1959 1016 2032 significare
1032 1960 1151 2018 curavit
1174 1961 1205 2017 in
1220 1961 1302 2018 hunc
1324 1961 1469 2021 modurn:
1493 1962 1578 2036 quod

313 2070 386 2128 licet
402 2070 434 2128 in
449 2083 529 2126 anno
549 2067 692 2141 proxime
715 2067 863 2141 preterito
886 2064 1030 2124 videlicet
1053 2066 1084 2124 in
1107 2067 1225 2124 octavis
1249 2065 1319 2125 festi
1343 2068 1427 2126 beati
1450 2067 1576 2142 Georgii

314 2175 452 2233 martiris
475 2174 548 2232 anni
571 2164 735 2252 (preteriti)
752 2172 783 2229 in
799 2171 871 2229 sede
885 2168 1046 2247 judiciaria
1062 2171 1207 2244 crisiensi,
1233 2172 1307 2230 dum
1331 2175 1473 2247 egregius
1496 2176 1577 2233 Hen-

310 2281 416 2354 nyngh
440 2279 479 2338 de
502 2279 701 2337 Zomzedwar
725 2279 757 2336 in
780 2277 862 2336 facto
884 2278 994 2336 tributi
1017 2278 1065 2335 sui
1088 2277 1151 2336 litis
1174 2284 1204 2336 et
1227 2279 1395 2352 questionis
1411 2281 1575 2338 materiam

311 2389 342 2446 in
365 2387 523 2462 presencia
554 2385 686 2444 illustris
717 2385 866 2459 principis
896 2389 927 2442 et
962 2383 1089 2454 domini,
1126 2380 1244 2442 domini
1267 2385 1375 2457 Vlrici,
1400 2384 1450 2443 dei
1470 2387 1574 2458 gracia

312 2493 399 2556 Cilic.
435 2492 652 2565 Ortemburge‚
687 2491 880 2565 Zagoriequc
914 2490 1035 2548 comitis
1069 2505 1105 2547 ac
1136 2491 1224 2564 regni
1257 2489 1421 2550 Sclauonie
1444 2492 1518 2550 bani
1541 2508 1577 2550 ac

312 2601 529 2659 universorum
553 2599 641 2671 regni
664 2597 819 2656 nobilium
843 2602 953 2655 eotunc
976 2611 1046 2654 cum
1078 2595 1200 2670 prefato
1231 2596 1359 2656 domino
1389 2597 1496 2656 Vlrico
1527 2614 1577 2657 co·

311 2707 386 2764 mite
417 2707 449 2764 in
480 2705 618 2780 predicta
649 2705 721 2763 sede
752 2705 889 2763 crisiensi
921 2718 980 2778 pro
1004 2704 1154 2762 tribunali
1176 2703 1355 2763 sedencium
1378 2711 1484 2764 contra
1507 2723 1577 2780 pre-

314 2813 395 2870 fatos
418 2811 562 2888 judicem,
585 2810 702 2888 juratos
725 2827 760 2869 ac
783 2811 944 2869 universos
967 2811 1050 2869 cives
1075 2816 1104 2868 et
1127 2811 1244 2868 incolas
1276 2816 1412 2886 pretecte
1443 2813 1577 2871 civitatis

312 2919 425 2976 montis
449 2918 611 2976 Grecensis
633 2916 720 2994 juxta
743 2917 967 2976 continenciam
990 2917 1166 2975 litterarum
1182 2916 1479 2978 adiudicatoriarum
1495 2920 1575 2978 eius·

311 3025 384 3082 dem
407 3024 525 3083 domini
548 3024 648 3082 Vlrici
670 3024 793 3082 comitis
809 3030 839 3081 et
861 3024 934 3082 bani
958 3025 1106 3082 movisset
1129 3028 1158 3081 et
1181 3025 1499 3096 moveri.habuisset;
1522 3025 1577 3084 sed

311 3132 383 3205 quia
407 3130 516 3189 eadem
541 3130 580 3188 lis
603 3135 633 3188 et
655 3130 824 3204 questionis
847 3130 976 3188 materia
1000 3129 1140 3188 debitum
1164 3129 1258 3188 finem
1282 3135 1392 3188 eotunc
1424 3132 1515 3190 certis
1539 3147 1576 3189 ex

311 3239 411 3296 causis
442 3237 558 3296 habere
592 3252 655 3296 non
685 3237 841 3308 valuisset,
878 3238 918 3294 ob
941 3236 1001 3294 hoc
1023 3235 1162 3309 prefatus
1186 3236 1361 3309 Hennyngh
1384 3237 1415 3294 in
1438 3237 1576 3310 predicta

311 3343 383 3402 sede
405 3341 568 3419 judiciaria
602 3359 659 3417 per
693 3345 796 3416 ipsum
827 3343 988 3401 dominum
1012 3341 1156 3400 Vlricum
1180 3341 1325 3399 comitem
1348 3347 1378 3399 et
1400 3342 1518 3400 banum
1541 3358 1577 3401 ac

310 3450 471 3508 universos
494 3451 581 3523 regni
597 3450 718 3508 nobiles
741 3449 885 3508 similiter
908 3449 939 3507 in
963 3449 1082 3506 octavis
1105 3447 1175 3505 festi
1197 3447 1279 3505 beati
1301 3447 1411 3529 Jacobi
1434 3449 1576 3521 apostoli,

311 3555 511 3614 immediante
534 3556 690 3630 sequentis
715 3555 869 3628 predictas
893 3561 1019 3614 octavas
1042 3555 1125 3614 beati
1141 3551 1276 3626 Georgii,
1293 3559 1323 3611 et
1338 3554 1482 3612 similiter
1497 3570 1576 3614 anno

313 3664 344 3721 in
370 3663 505 3737 presenti
529 3663 560 3722 in
582 3663 701 3720 octavis
724 3660 795 3720 sesti
815 3662 899 3720 beati
921 3659 1047 3734 Georgii
1071 3660 1208 3718 martiris
1231 3675 1287 3734 per
1321 3661 1467 3718 comitem
1496 3661 1578 3721 sedis

312 3769 520 3843 zagrabiensis
551 3773 581 3826 et
611 3767 786 3840 regnicolas
819 3768 900 3826 sedis
935 3767 1073 3825 eiusdem
1108 3767 1256 3825 inhibitus
1290 3765 1398 3825 suisset
1420 3767 1453 3826 in
1475 3782 1521 3840 e0,
1543 3773 1578 3827 ut

309 3892 365 3934 nec
387 3877 455 3950 ipse
478 3875 652 3948 Hennyngh
675 3891 731 3932 nec
754 3875 819 3932 eius
842 3873 1006 3944 tributarii,
1030 3878 1083 3930 aut
1098 3873 1239 3931 homines
1255 3872 1402 3944 eiusdem,
1419 3874 1573 3932 tributum

311 3981 440 4055 aliquod
464 3982 496 4039 in
518 3981 769 4054 possessionibus
792 3985 821 4038 et
845 3980 958 4038 tenutis
980 3981 1077 4053 ipsius
1101 3979 1351 4053 quibuscumque
1373 3994 1390 4037 a
1411 3981 1532 4038 civibus
1547 3985 1577 4040 et

311 4087 488 4162 hospitibus
512 4101 548 4144 ac
571 4087 680 4145 incolis
704 4087 838 4146 civitatis
861 4087 975 4144 montis
999 4085 1161 4144 Grecensis
1185 4091 1346 4160 prenotate
1367 4102 1424 4145 nec
1447 4085 1485 4144 de
1507 4103 1577 4161 per·

311 4193 394 4252 sonis
418 4209 475 4250 nec
496 4192 590 4250 rebus
613 4198 644 4250 et
666 4194 755 4251 bonis
778 4192 959 4251 eorumdem
984 4192 1232 4266 quibuscumque
1255 4197 1320 4250 tam
1344 4191 1396 4250 diu
1420 4199 1525 4266 petere
1547 4198 1578 4252 et

310 4300 434 4371 exigere
463 4313 500 4356 ac
528 4299 667 4372 recipere
697 4299 846 4358 deberent
876 4297 970 4358 modo
994 4298 1133 4371 aliquali,
1158 4297 1256 4357 donec
1278 4299 1346 4372 ipsa
1368 4298 1408 4356 lis
1442 4305 1472 4358 et
1503 4316 1577 4374 que-

310 4406 417 4463 stionis
433 4404 562 4462 materia
578 4409 683 4478 partes
705 4405 786 4463 inter
808 4406 975 4478 premissas
999 4405 1117 4462 iusticia
1140 4404 1295 4462 mediante
1309 4404 1402 4462 finem
1427 4407 1577 4480 reciperet

310 4511 491 4570 decisivum.
516 4511 634 4570 Tamen
657 4516 814 4586 pretactus
847 4512 1032 4585 Hennyngh,
1059 4512 1158 4585 ipsam
1193 4511 1414 4570 inhibicionem
1448 4512 1576 4572 minime

310 4616 484 4691 advertens,
508 4616 660 4674 tributum
683 4632 701 4674 a
724 4617 872 4691 predictis
896 4617 1026 4688 civibus,
1049 4595 1224 4690 hospitibus
1247 4623 1277 4674 et
1311 4617 1421 4676 incolis
1444 4617 1577 4676 civitatis

310 4727 470 4798 prenotate
494 4721 532 4780 de
555 4722 649 4782 rebus
672 4727 702 4780 et
725 4723 815 4782 bonis
839 4725 980 4799 ipsorum
1003 4725 1126 4797 exigere
1142 4729 1171 4782 et
1187 4728 1371 4797 extorquere
1387 4739 1424 4784 ac
1438 4725 1577 4800 recipere

309 4843 369 4888 non
394 4833 541 4887 cessasset
564 4833 593 4886 et
615 4845 672 4887 nec
694 4835 826 4888 cessaret
849 4831 945 4888 eciam
970 4830 1009 4888 de
1030 4831 1166 4904 presenti
1188 4831 1219 4888 in
1251 4830 1458 4905 preiudicium
1481 4831 1577 4890 dicto·

309 4951 381 4994 rum
403 4936 648 5010 protestancium
671 4937 764 4996 ualde
787 4952 944 5010 magnum.
969 4938 1124 5012 Factaque
1146 4935 1326 4996 huiusmodi
1349 4939 1576 5011 protestacione

310 5040 449 5116 prefatus
472 5045 620 5118 magister
643 5044 784 5103 Matheus
807 5059 863 5102 suo
886 5049 916 5102 et
938 5045 1125 5116 nominibus,
1155 5044 1269 5118 quibus
1292 5057 1395 5118 supra,
1420 5043 1577 5118 prelatum
