3948 5804
380 574 419 628 44
776 551 849 608 Dor.
867 544 922 626 36.
941 559 992 625 37.
1021 580 1054 590 -
1083 548 1138 606 An.
1163 561 1252 624 1423.
1342 581 1343 584 =

376 767 606 826 nominatarum
636 771 667 824 et
698 781 803 823 earum
836 765 1104 839 pertinenciarum,
1136 763 1279 821 dominos
1310 777 1386 819 vero
1416 761 1579 820 canonicos
1610 767 1641 819 et

375 873 502 947 quosvis
525 879 660 932 rectores
684 887 737 930 seu
760 871 915 929 altaristas
940 869 1077 944 predicte
1099 869 1227 927 ecclesie
1252 868 1462 945 zagrabiensis
1485 873 1516 925 et
1547 882 1639 940 quos-

375 979 454 1037 libet
477 979 555 1036 alios
581 978 705 1037 easdem
718 977 757 1034 ad
774 993 806 1035 se
821 970 1011 1050 recepcione,
1028 975 1242 1050 occupacione,
1259 974 1445 1046 detencione,
1463 990 1640 1048 usuumque

376 1083 534 1143 fructuum
557 1089 588 1142 et
611 1083 823 1157 quarumlibet
846 1083 1017 1141 utilitatum
1041 1081 1222 1139 earumdem
1247 1081 1450 1155 percepcione
1480 1086 1510 1140 et
1542 1082 1641 1154 perci·

377 1190 554 1264 pitaccione,
577 1191 744 1263 ipsumque
768 1189 929 1246 dominum
945 1193 1086 1245 nostrum
1102 1202 1209 1259 regem
1232 1189 1273 1245 ab
1294 1185 1473 1245 huiusmodi
1497 1194 1527 1245 et
1550 1187 1640 1245 atali

376 1296 617 1370 possessionarie
639 1295 816 1367 legacionis,
841 1293 1019 1351 donacionis
1043 1298 1073 1350 et
1096 1293 1277 1351 collacionis
1301 1307 1449 1351 consensu
1475 1293 1591 1367 pariter
1606 1297 1637 1350 et

374 1417 499 1460 assensu
522 1400 611 1459 factis
633 1401 684 1458 vel
708 1400 818 1458 fiendis
842 1399 1003 1474 prohibuit
1024 1398 1262 1456 contradicendo
1294 1405 1324 1456 et
1348 1398 1536 1458 contradixit
1558 1399 1640 1457 inhi-

375 1507 477 1566 bendo
501 1522 606 1565 coram
629 1507 720 1565 nobis
745 1506 920 1564 testimonio
943 1504 1139 1578 presencium
1163 1497 1325 1562 mediante.
1350 1504 1467 1561 Datum
1490 1503 1641 1577 Zagrabie

374 1614 530 1674 sedecimo
553 1613 603 1672 die
626 1613 751 1672 termini
775 1611 936 1684 prenotati.
961 1613 1050 1668 Anno
1081 1609 1199 1668 domini
1231 1610 1400 1670 millesimo
1433 1610 1640 1684 quadringen-

375 1721 485 1779 tesimo
510 1721 662 1794 vigesimo
685 1719 788 1777 tercio

480 1854 613 1919 Originale
631 1855 659 1903 in
677 1854 773 1905 charta.
794 1854 819 1901 Α
834 1859 906 1916 tergo
924 1852 1033 1916 vestigia
1050 1852 1126 1900 trium
1145 1851 1297 1915 sigillorum.
1325 1855 1357 1902 In
1375 1853 1471 1905 archiv.
1482 1852 1542 1902 incl.
1554 1853 1631 1904 Acad

376 1945 471 1994 Scient.
492 1945 589 1996 Slavor.
609 1941 770 1992 meridional.

975 2124 1037 2189 36.

479 2263 560 2313 Anno
582 2276 656 2327 1423,
676 2279 761 2316 mense
779 2265 886 2315 octobri.

481 2391 633 2466 Georgius
656 2395 819 2452 canonicus
841 2395 1050 2467 zagrahiensis
1073 2393 1197 2452 nomine
1214 2393 1344 2468 capituli
1359 2394 1392 2453 in
1407 2393 1524 2452 octavis
1540 2395 1638 2452 sancti

375 2501 536 2559 Michaelis
571 2516 676 2560 coram
710 2503 833 2560 Matheo
867 2502 906 2558 de
936 2502 1051 2560 Paloch
1081 2499 1183 2578 judice
1218 2503 1310 2572 curie,
1344 2501 1493 2576 produxit
1516 2501 1636 2559 litteras

378 2607 572 2666 chasmenses
595 2612 701 2664 contra
724 2608 883 2666 civitatem
908 2608 1127 2681 inquisitorias,
1151 2608 1235 2682 quod
1266 2609 1353 2666 annis
1377 2609 1496 2681 aliquot
1519 2615 1636 2680 preter·

374 2713 471 2785 lapsis
494 2719 592 2771 certas
617 2719 722 2786 terras,
745 2715 895 2787 precipue
928 2718 1044 2771 terram
1076 2713 1233 2773 Bobichan
1266 2712 1354 2791 juxta
1390 2713 1505 2771 Zavam
1538 2729 1636 2787 prope

374 2820 469 2902 Jarun
494 2819 676 2877 existentem
700 2820 838 2893 capituli,
863 2821 946 2879 cives
971 2827 1179 2894 usurpassent,
1211 2827 1240 2878 et
1271 2820 1364 2894 quod,
1399 2821 1473 2878 licet
1501 2820 1636 2903 Joannes

373 2925 537 2998 episcopus
561 2925 917 2998 zagrabiensiscausam
952 2927 1032 2984 hanc
1066 2927 1289 3001 intercipiendo
1324 2925 1556 3000 quodammodo
1590 2941 1636 2984 se·

373 3030 475 3088 dasset
498 3037 528 3088 et
551 3033 692 3104 partibus
716 3033 874 3090 silentium
896 3033 1056 3107 usquead
1081 3033 1209 3091 finalem
1232 3049 1341 3092 causae
1378 3033 1566 3091 decisionem
1589 3033 1634 3090 in·

373 3135 500 3194 dixisset
522 3138 581 3194 sub
604 3153 704 3212 poena
726 3139 901 3196 amissionis
925 3154 1042 3212 causae,
1065 3145 1169 3197 tamen
1192 3141 1275 3198 cives
1297 3145 1404 3210 terras,
1422 3145 1452 3197 et
1468 3138 1635 3213 praecipue

375 3241 531 3300 Bobichan
564 3244 596 3302 in
631 3242 742 3320 majori
776 3251 863 3318 parte
898 3260 994 3320 quam
1029 3247 1115 3320 prius
1147 3245 1185 3303 de
1216 3260 1298 3303 novo
1321 3249 1537 3318 occupassent;
1560 3245 1635 3302 item

372 3349 472 3406 curias
496 3349 645 3407 domuum
671 3351 828 3408 Michaelis
853 3349 998 3424 doctoris,
1023 3352 1142 3409 Nicolai
1167 3351 1205 3408 de
1236 3351 1324 3423 cilia,
1354 3349 1503 3424 Stephani
1530 3352 1635 3426 hospi-

375 3456 455 3528 talis,
481 3457 698 3514 canonicorum
723 3458 970 3530 zagrabiensium
994 3474 1029 3518 ac
1053 3461 1187 3518 Mathiae
1203 3458 1420 3533 praebendarii
1436 3457 1635 3517 suffodissent

373 3568 404 3618 et
427 3560 558 3619 fluvium
590 3563 781 3622 Chirkvenilr
812 3565 850 3622 de
882 3581 938 3624 suo
972 3583 1063 3624 cursu
1086 3583 1143 3642 per
1166 3565 1250 3625 idem
1274 3566 1424 3624 fossatum
1448 3565 1542 3622 fluere
1565 3580 1634 3638 per·

372 3667 535 3740 misissent,
561 3670 615 3743 qui
638 3675 742 3728 tamen
766 3672 858 3742 citati,
882 3687 943 3730 non
967 3679 1159 3747 comparent.

477 3805 572 3866 Georg.
600 3806 770 3856 Marcelovid:
800 3809 916 3872 Regesta
942 3809 1049 3874 diplom.
1079 3810 1239 3874 aliorumque
1267 3818 1423 3862 monument.
1456 3811 1488 3859 In
1512 3808 1633 3860 biblioth.

376 3891 586 3946 archidioecesis.

979 4075 1038 4142 37.

475 4213 556 4260 Auno
580 4224 653 4274 1423,
673 4225 715 4275 23.
736 4214 890 4266 novembris,
911 4216 1055 4280 Krapinae.

371 4323 547 4392 Hermanus,
577 4323 672 4381 Cileac
694 4343 781 4381 corner
804 4332 832 4381 ct
852 4324 1011 4384 Slavom'ae
1033 4328 1133 4397 banus,
1155 4329 1188 4384 de
1210 4346 1307 4398 causa,
1336 4347 1423 4403 quum
1449 4330 1635 4387 contrriunitos

413 4431 444 4486 in
468 4431 648 4500 Midaelenr,
672 4431 757 4487 Petri
770 4433 905 4507 pellificis
920 4435 1029 4508 filium,
1052 4435 1163 4507 agebat,
1186 4455 1280 4508 regem
1303 4437 1470 4494 certitrhrem
1485 4437 1587 4495 reddit.

476 4573 677 4634 serenissime
701 4577 847 4651 princeps
871 4583 901 4636 et
924 4579 1056 4650 domine,
1081 4580 1205 4639 domine
1220 4582 1466 4654 generosissime,
1489 4597 1562 4640 cum
1584 4581 1634 4640 sui

369 4680 676 4740 recommendacione
700 4683 922 4756 obsequiorum
947 4700 1044 4759 prona
1047 4731 1208 4746 ......
1234 4687 1357 4746 Pridem
1388 4688 1486 4746 nostri
1509 4689 1539 4746 in
1562 4705 1633 4762 pre-

369 4787 470 4844 sencia
494 4788 678 4846 constitutus
693 4788 845 4862 providus
862 4787 1025 4866 Georgius,
1042 4793 1118 4851 civis
1142 4793 1180 4850 de
1196 4793 1340 4866 Boccare,
1365 4793 1468 4852 incola
1492 4799 1522 4852 et
1537 4795 1632 4852 homo

368 4887 539 4972 magn(ifici
563 4887 694 4972 domini)
726 4897 847 4954 comitis
870 4895 1030 4968 Friderici,
1061 4899 1156 4956 michi
1179 4898 1353 4970 significare
1389 4901 1518 4972 curavit,
1554 4915 1632 4974 quo·

368 4999 461 5058 modo
485 5000 551 5075 ipse
574 5017 592 5058 a
616 5001 753 5076 quodam
777 5003 936 5076 Michaele,
966 5003 1033 5062 filio
1057 5005 1147 5077 Petri,
1179 5006 1246 5063 cive
1279 5005 1413 5065 civitatis
1445 5013 1548 5066 vestre
1571 5001 1632 5086 z(a·
