3828 5822
647 549 720 607 Dec.
737 561 814 628 324.
839 581 878 592 -
903 549 961 606 An.
985 543 1077 644 1481,
1197 641 1200 646 Ι
1429 567 1492 628 40i

221 782 260 825 ex
283 771 371 842 parte
403 771 649 824 memoratorum
679 765 711 824 in
741 781 868 824 causam
889 771 1106 826 'attractorum
1128 781 1185 842 per
1207 782 1264 827 nos
1280 768 1312 826 in
1333 753 1495 843 premissis

218 871 300 949 iuris
330 871 487 931 medelam
516 872 610 947 peciit
642 872 777 946 elargiri.
808 873 926 932 Verum
950 873 1024 948 quia
1047 874 1220 948 prescripta
1242 874 1421 948 proposicio
1445 890 1495 933 ra·

221 979 313 1038 cione
334 977 472 1038 indebite
494 979 667 1038 exaccionis
687 979 880 1038 tributorum
903 979 1150 1056 prescriptorum
1171 980 1297 1040 nornine
1321 983 1360 1038 et·
1374 981 1406 1039 in
1420 996 1496 1055 per·

226 1100 302 1144 sona
325 1084 459 1160 predicti
481 1083 600 1143 domini
623 1085 720 1143 nostri
743 1085 825 1158 regis
848 1100 907 1160 pro
931 1089 1021 1160 parte
1043 1086 1160 1145 civium
1181 1091 1212 1144 et
1233 1085 1407 1145 incolarum
1424 1101 1496 1145 suo-

222 1207 295 1251 rurn
319 1193 350 1250 in
374 1191 456 1250 dicta
480 1191 605 1249 civitate
627 1205 683 1249 sua
704 1191 803 1265 regali
826 1192 940 1250 montis
963 1190 1126 1252 Grecensis
1149 1192 1417 1251 commorancium
1440 1191 1494 1250 ad·

221 1313 331 1356 versus
361 1298 595 1373 prenominatos
624 1297 657 1356 in
694 1311 818 1356 causam
850 1297 996 1357 attractos
1019 1298 1115 1357 modo
1138 1298 1291 1374 premisso
1314 1297 1396 1356 facta
1419 1299 1496 1357 exti-

223 1405 304 1477 tisse,
336 1403 432 1463 iidem
465 1405 564 1463 eciam
598 1404 631 1462 in
660 1417 785 1462 causam
815 1405 938 1463 attracti
961 1403 1001 1462 ad
1024 1403 1217 1464 reddendam
1240 1406 1399 1464 racionem
1420 1421 1492 1480 pre·

226 1510 395 1570 missorum
419 1510 470 1571 rel
494 1526 527 1568 se
549 1511 634 1584 ipsos
649 1509 682 1568 in
698 1509 857 1584 premissis
873 1509 1068 1569 emendaturi
1082 1515 1222 1569 nostram
1238 1510 1338 1570 veluti
1352 1499 1492 1570 iudicum

223 1631 352 1675 suorum
377 1617 608 1675 ordinariorum
638 1617 670 1674 in
701 1616 894 1690 presenciam
926 1617 1032 1676 venire
1054 1616 1107 1674 vel
1130 1618 1254 1676 mittere
1276 1632 1338 1675 non
1360 1633 1494 1690 curasse,

224 1721 279 1781 sed
302 1739 335 1780 se
360 1737 378 1780 a
402 1721 482 1806 facie
504 1722 580 1780 iuris
604 1727 634 1780 et
659 1721 778 1780 iusticie
801 1722 999 1790 absentando,
1022 1720 1210 1798 judiciorum
1222 1723 1369 1798 oneribus
1385 1737 1494 1796 aggra-

223 1829 293 1886 vari
315 1829 510 1902 permisisse;
533 1828 618 1887 idem
648 1829 748 1887 eciam
779 1828 930 1902 magister
948 1828 1116 1914 ,Johannes
1148 1828 1288 1903 Posegay
1310 1833 1496 1904 procurator

222 1935 327 2007 regius
350 1935 567 2008 exempciones
590 1941 621 1993 et
643 1934 812 2004 libertates,
836 1935 1051 2008 prerogativae
1075 1950 1133 2008 per
1148 1935 1340 2008 prelibatum
1356 1934 1489 1993 condam

224 2040 386 2099 dominum
410 2039 518 2098 Belam
540 2055 647 2114 regem
670 2038 813 2099 antefatis
836 2039 960 2098 civibus
983 2045 1013 2098 et
1044 2039 1154 2100 incolis
1187 2041 1322 2100 civitatis
1354 2039 1494 2114 predicte

227 2161 387 2205 concessas
417 2151 448 2204 et
477 2147 617 2217 collatas,
647 2146 844 2204 exhibicione
875 2147 1120 2220 prescriptorum
1151 2145 1327 2205 litterarum
1351 2144 1493 2204 eiusdem
1525 2131 1526 2134 ¹

226 2251 360 2311 condam
391 2251 510 2312 domini
540 2253 614 2311 Bele
645 2253 727 2326 regis
757 2251 866 2311 ordine
898 2251 1004 2311 debito
1024 2261 1055 2312 et
1077 2252 1243 2314 sufficienti
1266 2251 1440 2312 declarasse
1463 2257 1493 2311 et

224 2359 445 2433 comprobasse
479 2359 715 2433 reperiebantur
748 2357 930 2430 manifeste;
960 2363 991 2417 et
1022 2359 1064 2417 ob
1087 2359 1147 2418 hoc
1170 2359 1378 2444 prenominati
1401 2359 1493 2430 cives,

225 2465 363 2540 hospites
387 2469 418 2523 et
440 2465 541 2523 incole
563 2461 675 2538 regalis
698 2464 832 2523 civitatis
864 2462 1003 2522 eiusdem
1034 2465 1147 2522 montis
1170 2463 1332 2523 Grecensis
1355 2463 1494 2538 predicte

225 2571 257 2628 in
280 2569 430 2644 predictis
461 2585 569 2629 eorum
598 2570 854 2645 exempcionibus
885 2577 916 2628 et
947 2570 1154 2641 libertatibus,
1185 2571 1405 2644 prerogativis,
1434 2585 1491 2644 per

224 2677 287 2735 iarn
310 2676 410 2736 tatum
433 2676 564 2735 condam
589 2677 751 2736 dominum
775 2675 883 2735 Belam
905 2691 1012 2750 regem
1035 2677 1158 2735 racione
1180 2691 1241 2762 non
1257 2677 1424 2752 solucionis
1440 2677 1494 2736 tri·

224 2783 373 2841 butorum
408 2781 503 2841 modo
537 2783 690 2856 premisso
725 2782 842 2840 eisdem
878 2781 999 2840 donatis
1033 2787 1063 2841 et
1093 2783 1245 2841 concessis
1268 2789 1374 2841 contra
1397 2782 1493 2856 preli·

223 2890 313 2948 batos
336 2889 368 2948 in
391 2904 516 2948 cansam
539 2895 686 2948 attractos
701 2888 841 2963 relinqui
864 2903 903 2947 ex
925 2903 1024 2962 eoque
1047 2889 1088 2946 ab
1112 2889 1199 2948 omni
1221 2888 1385 2948 tributaria
1408 2889 1492 2946 solu-

224 2995 312 3054 cione
324 3011 378 3053 seu
391 2995 554 3054 exaccione
576 2995 687 3054 tributi
708 2995 741 3054 in
752 2995 830 3053 locis
854 2995 1043 3052 tributorum
1060 2994 1291 3068 prelibatorum
1307 3009 1433 3053 omnem
1455 2995 1489 3054 in

223 3104 348 3160 causam
371 3107 574 3160 attractorum
598 3101 934 3174 supranominatorum,
958 3100 1062 3158 ubivis
1093 3101 1175 3158 intra
1197 3101 1347 3160 terminos
1370 3101 1492 3178 regales

222 3208 306 3282 exigi
337 3208 503 3266 solitorum
533 3207 637 3279 eximi,
668 3207 830 3265 exonerari
859 3213 889 3265 et
919 3207 1046 3265 omnino
1077 3207 1257 3281 supportari
1288 3211 1319 3266 et
1348 3205 1492 3267 libertart

223 3313 337 3373 debere
359 3314 450 3372 nohis
480 3319 511 3372 et
541 3312 675 3372 dominis
706 3313 843 3387 prelatis,
877 3313 1055 3384 baronibus,
1086 3313 1236 3386 regnique
1267 3313 1429 3371 nobilibus
1452 3328 1489 3372 ac

223 3417 332 3496 juratis
367 3420 575 3478 assessoribus
610 3419 860 3492 congregacionis
894 3423 999 3479 nostre
1032 3419 1179 3494 predicte,
1211 3419 1368 3492 magistris
1391 3419 1490 3478 eciam

214 3528 470 3602 prothonotariis
504 3525 617 3585 nostris
650 3527 814 3585 uobiscum
845 3525 1047 3584 existentibus
1077 3526 1279 3586 cernebatur,
1301 3524 1491 3586 Eorundem

222 3633 327 3708 itaque
350 3633 549 3691 dominorum
572 3633 774 3706 prelatorum,
790 3633 953 3705 baronum,
971 3632 1059 3705 regni
1073 3632 1237 3704 nobilium,
1253 3629 1491 3708 juratorumque

223 3755 414 3798 assessorum
444 3739 525 3798 dicte
558 3744 663 3797 nostre
694 3738 945 3812 congregacionis
976 3744 1007 3796 et
1034 3739 1256 3812 magistrorum
1292 3738 1492 3812 prothonota-

224 3847 343 3904 riorum
368 3851 544 3904 nostrorum
568 3843 685 3903 inducti
708 3845 846 3915 consilio,
870 3849 1059 3903 memoratos
1081 3845 1173 3916 cives,
1203 3845 1350 3919 hospites,
1373 3843 1492 3903 incolas

223 3951 304 4010 dicte
335 3951 469 4011 civitatis
501 3952 615 4010 montis
646 3951 809 4010 Grecensis
841 3959 999 4024 presentes
1030 3955 1061 4009 et
1090 3949 1211 4009 futuros
1242 3951 1420 4009 racionibus
1453 3965 1492 4009 ex

225 4059 384 4133 premissis
407 4059 448 4116 ab
471 4057 557 4116 omni
575 4058 739 4116 tributaria
773 4057 932 4115 solucione
955 4072 1009 4114 seu
1039 4057 1202 4116 exaccione
1224 4057 1335 4115 tributi
1356 4057 1388 4116 in
1410 4055 1488 4115 locis

225 4165 513 4239 prenominatorum
546 4163 744 4222 dominorum
774 4161 933 4238 Stephani,
956 4163 1113 4229 Bernardi,
1136 4163 1262 4236 Duymi‚
1285 4163 1434 4246 Johannis
1458 4167 1488 4219 et

227 4271 347 4330 Nicolai
371 4273 529 4342 comitum,
553 4271 636 4329 Petri
660 4271 698 4329 de
728 4269 840 4342 ernio,
870 4268 997 4342 Georgii
1027 4268 1238 4342 Mykolysyth
1269 4269 1398 4326 alterius
1431 4265 1491 4327 Ge·

225 4379 305 4451 orgii
338 4377 529 4451 Hereudyth,
565 4378 712 4462 Johannis
747 4377 893 4450 Krupay,
925 4374 1069 4449 Gregorii
1104 4375 1246 4444 Bradath,
1280 4373 1492 4448 Paulusyczki,

223 4484 343 4543 Thome
367 4489 396 4542 et
428 4483 585 4542 Michaelis
619 4483 770 4556 Thompa‚
801 4482 949 4566 Johannis
971 4481 1113 4552 Humzlri,
1137 4480 1286 4539 Bernardi
1309 4479 1492 4552 Zthochytb,

223 4591 372 4673 Johannis
395 4590 611 4663 Fraylihouith
635 4597 666 4647 et
689 4589 808 4647 domini
830 4588 957 4661 Georgii
979 4588 1197 4661 gubernatoris
1220 4587 1350 4644 abbacie
1373 4585 1412 4644 de
1428 4585 1486 4642 To·

224 4696 336 4770 polzlra
360 4696 465 4755 ubivis
488 4703 518 4755 et
541 4696 572 4754 in
596 4697 845 4769 quibuscumque
869 4695 981 4752 tenutis
1005 4693 1187 4751 eorumdem
1223 4693 1492 4766 qualitercumque

224 4802 306 4876 exigi
339 4803 504 4861 solitorum
540 4803 717 4874 eximentes
749 4810 950 4860 exonerantes
979 4807 1009 4859 et
1041 4801 1232 4870 libertantes,
1265 4799 1492 4874 premissasque

224 4908 407 4966 eorumdem
431 4907 649 4982 exempciones
672 4915 703 4966 et
725 4909 886 4967 libertates
908 4907 1126 4966 restaurandas
1149 4915 1179 4965 et
1202 4908 1234 4964 in
1249 4907 1313 4964 suis
1330 4906 1492 4978 vigoribus

224 5013 453 5089 relinquendas,
483 5015 601 5074 liberos
632 5013 757 5073 eosdem
789 5021 882 5088 atque
913 5022 1075 5088 exemptos
1107 5011 1175 5072 fore
1197 5011 1440 5088 pronunciamus
1462 5016 1494 5070 et
