3932 5806
741 535 812 593 Doc.
838 548 906 611 193.
930 567 973 578 -
996 535 1052 592 An.
1076 544 1163 612 1457.
1507 549 1565 606 255

307 749 425 807 Datum
448 748 589 826 Wyenne
612 749 643 808 in
667 748 744 808 iesto
768 749 851 808 beati
874 749 975 823 ligidii
997 749 1128 808 abbatis.
1151 749 1240 808 Anno
1265 747 1383 808 domini
1401 748 1570 808 millesimo

307 853 611 929 quadringentesimo
635 856 892 934 quinquagesimo
915 856 1056 930 septimo.
1089 855 1268 938 Regnorum
1290 860 1469 915 nostrorum
1491 869 1571 913 anno

306 961 465 1034 Hungarie
496 967 551 1020 etc.
576 960 697 1020 decimo
720 967 839 1033 octavo,
863 960 1009 1020 Bohemie
1032 975 1107 1020 vero
1131 966 1253 1036 quart0.

411 1151 435 1200 E
454 1156 614 1216 transumpto
632 1149 739 1215 capituli
759 1149 932 1214 zagrabiensis
957 1150 989 1198 de
1013 1165 1081 1200 anno
1111 1151 1186 1216 1458.
1214 1151 1247 1199 In
1276 1150 1371 1201 archiv.
1400 1166 1457 1200 ven.
1485 1149 1569 1214 Capit.

305 1237 485 1302 aagrabiensis.

897 1471 981 1538 193.

410 1645 492 1696 Anno
514 1657 587 1712 1457,
611 1658 632 1698 1.
653 1646 815 1711 septembris.
835 1646 959 1695 Viennae.

305 1769 473 1841 Ladislous,
495 1770 673 1852 Hungan‘m
695 1779 742 1830 etc.
766 1790 828 1842 rex,
851 1773 1048 1830 communitati
1068 1772 1192 1850 civitatis
1214 1773 1342 1832 restituit
1354 1771 1570 1846 quatuordecim

302 1875 411 1949 fundm
425 1877 455 1933 in
470 1877 575 1950 platea
589 1885 718 1936 sutorum
732 1879 810 1950 sitos,
831 1895 903 1952 quos
927 1878 994 1935 olim
1019 1875 1157 1936 Sebaldus
1179 1885 1348 1952 capitaneus
1362 1879 1569 1936 communitatis

752 1992 852 2042 contra
876 1986 949 2058 leges
973 1985 1127 2060 occupavit

983 2123 986 2130 '
1012 2123 1166 2174 commissio
1184 2123 1288 2188 propris
1306 2123 1404 2172 domiui
1422 2124 1497 2188 regis.

410 2235 572 2294 Ladislaus
597 2237 646 2294 dei
668 2237 771 2309 gracia
794 2235 961 2309 Hungarie‚
986 2235 1140 2307 Bohemie,
1164 2235 1333 2305 Dalmacie,
1357 2234 1484 2294 Croacie
1510 2241 1565 2295 etc.

305 2355 369 2412 rex,
393 2343 517 2400 Austrie
540 2348 570 2400 et
593 2341 685 2401 Stitie
707 2342 780 2414 dux,
804 2342 1005 2415 marchioque
1029 2342 1166 2400 Morauie
1189 2346 1246 2399 etc.
1270 2337 1429 2400 Fidelibus
1455 2343 1568 2401 nostris

304 2443 401 2523 judici
424 2452 453 2506 ei
477 2445 586 2523 juratis
609 2448 731 2506 civibus
755 2448 888 2506 civitatis
911 2455 1016 2506 nostre
1039 2449 1153 2506 montis
1176 2447 1338 2507 Grecensis
1369 2448 1502 2506 salutem
1537 2453 1569 2508 et

303 2555 449 2628 graciam.
472 2555 685 2613 Intelleximus
719 2554 880 2628 quomodo
914 2554 1041 2628 quidam
1077 2553 1235 2626 Syboldus
1269 2553 1347 2612 alias
1382 2559 1567 2627 capetaneus

303 2675 360 2734 per
382 2660 539 2719 illustrem
562 2661 703 2720 Vlricum
728 2661 874 2720 comitem
909 2660 988 2719 Cilie
1019 2667 1074 2718 etc.
1112 2661 1143 2719 in
1179 2660 1287 2718 eadem
1313 2660 1438 2718 civitate
1461 2666 1566 2720 nostra

303 2767 418 2825 montis
440 2765 602 2826 Grecensis
636 2769 829 2839 constitutus,
864 2767 1100 2842 quatuordecim
1139 2765 1252 2825 fundos
1285 2782 1338 2824 seu
1362 2767 1512 2824 sessiones
1536 2768 1568 2826 in

303 2871 407 2946 platea
429 2879 571 2932 sutorum
593 2890 702 2932 versus
725 2874 888 2932 ecclesiam
913 2875 1009 2932 sancti
1032 2873 1156 2931 Martini
1182 2878 1268 2930 extra
1292 2887 1399 2931 muros
1422 2872 1502 2931 dicte
1526 2874 1567 2931 ci·

302 2978 407 3038 vitatis
430 2987 534 3040 nostre
556 2981 728 3053 existentes,
750 2981 882 3053 habitas,
905 2981 946 3038 ab
981 2980 1088 3039 eadem
1124 2979 1247 3038 civitate
1269 2985 1374 3038 nostra
1404 2978 1567 3038 alienasset

303 3090 414 3158 cipro
437 3102 469 3144 se
500 3091 688 3160 occupasset,
710 3087 783 3144 illos
807 3086 847 3144 ad
871 3102 949 3161 quos
971 3085 1152 3144 huiusmodi
1174 3087 1324 3144 sessiones
1348 3087 1566 3160 pertinuissent

303 3191 341 3249 de
364 3191 481 3250 eisdem
503 3191 634 3250 emendo
657 3198 687 3250 et
711 3193 789 3262 aliis,
814 3193 927 3266 quibus
951 3194 1018 3266 ipse
1041 3193 1201 3262 voluisset,
1237 3193 1376 3265 locasset,
1415 3198 1445 3250 et
1475 3209 1567 3266 supe-

302 3295 390 3355 rinde
405 3303 511 3382 'certas
534 3298 652 3356 litteras
671 3299 825 3357 acivibus
849 3298 929 3356 dicte
952 3298 1084 3356 civitatis
1107 3304 1213 3356 nostre
1236 3313 1294 3371 pro
1319 3314 1351 3356 se
1374 3299 1566 3370 extraxisset,

303 3404 454 3476 quamvis·
469 3403 649 3462 huiusmodi
673 3405 791 3462 litteras
814 3405 944 3479 pretacti
967 3406 1050 3463 cives
1073 3405 1180 3476 nostri,
1220 3418 1256 3461 eo
1292 3403 1376 3477 quod
1412 3403 1473 3476 ipsi
1508 3421 1564 3478 per

301 3508 472 3569 antefatum
495 3509 672 3582 Syboldum
695 3517 895 3584 capetaneum
912 3512 1044 3569 nimium
1061 3517 1133 3568 tunc
1155 3511 1298 3584 oppressi
1316 3509 1453 3583 fuissent,
1478 3510 1567 3568 inviti

301 3615 363 3673 sibi
385 3613 526 3674 dederint
534 3635 541 3687 ;
570 3623 682 3690 tamen,
715 3617 788 3690 quia
821 3617 1000 3676 huiusmodi
1031 3616 1266 3691 quatuordecim
1297 3616 1447 3674 sessiones
1472 3616 1567 3674 simul

302 3735 373 3778 curn
397 3720 535 3794 predicta
559 3722 662 3796 platea
686 3728 827 3780 sutorum
850 3739 975 3796 semper
997 3728 1027 3781 et
1043 3724 1083 3780 ab
1099 3723 1226 3795 antiquo
1241 3721 1280 3779 ad
1305 3721 1473 3779 antelatam
1491 3721 1566 3779 civi·

303 3831 397 3884 tatem
413 3834 552 3886 nostram
567 3829 681 3886 montis
697 3827 875 3886 Greczensis
899 3830 1134 3902 pertinuissent;
1157 3844 1227 3886 cum
1251 3835 1355 3886 autern
1378 3843 1435 3886 nos
1459 3827 1564 3886 huius·

302 3931 388 3990 modi
414 3933 648 4006 quatuordecim
674 3936 824 3993 sessiones
852 3937 893 3992 ab
920 3934 1029 3992 eadem
1056 3935 1179 3993 civitate
1216 3913 1321 3992 nostra
1349 3935 1478 3992 alienari
1504 3949 1566 3992 non

302 4039 445 4112 velimus,
462 4039 635 4112 quinimmo
658 4040 782 4098 easdem
806 4041 955 4098 sessiones
978 4057 1050 4098 cum
1074 4042 1219 4098 omnibus
1242 4037 1372 4116 juribus,
1395 4039 1563 4115 jurisdicti-

300 4145 413 4202 onibus
436 4151 466 4202 et
496 4146 693 4204 libertatibus
717 4147 830 4220 quibus
853 4147 930 4204 alias
953 4145 1061 4204 eedem
1095 4145 1134 4202 ad
1169 4145 1284 4204 dictam
1322 4147 1478 4204 civitatem
1511 4162 1566 4204 no·

300 4258 397 4308 stram
421 4252 654 4324 pertinuissent,
671 4252 771 4310 eidem
795 4253 913 4311 civitati
946 4251 1180 4324 reanectandas,
1205 4267 1241 4309 ac
1278 4252 1342 4310 illis
1377 4253 1564 4326 hominibus,

301 4370 435 4430 quorum
458 4359 545 4430 prius
575 4357 682 4416 eedem
714 4360 865 4417 sessiones
888 4374 924 4416 ac
955 4358 1060 4416 senilia
1095 4358 1218 4416 fuerunt
1254 4358 1465 4416 restatuendas
1498 4375 1564 4418 esse

301 4462 496 4520 decrevimus
519 4469 548 4520 et
571 4463 765 4522 decernimus
788 4481 844 4538 per
868 4470 1034 4539 presentes,
1058 4471 1210 4538 pretactas
1234 4465 1332 4522 eciam
1355 4465 1474 4523 litteras
1509 4483 1566 4540 per

302 4575 566 4640 prememoratum
600 4568 775 4640 Syboldum
810 4585 826 4626 a
863 4569 991 4643 prefatis
1027 4573 1139 4629 nostris
1172 4571 1294 4628 civibus
1330 4571 1410 4629 dicte
1432 4573 1565 4630 civitatis

300 4679 403 4753 nostre
437 4681 581 4748 extortas,
616 4691 720 4748 vanaS,
755 4691 856 4734 cassas
880 4683 910 4734 et
932 4677 1052 4734 viribus
1078 4678 1226 4736 carituras
1250 4679 1473 4750 commitentes,
1489 4677 1564 4736 fide·

300 4780 381 4838 litati
404 4782 498 4854 igitur
519 4788 621 4842 vestre
645 4783 776 4842 firmiter
788 4763 1000 4858 'precipiendo
1023 4783 1216 4857 mandamus,
1252 4791 1404 4858 quatenus
1430 4785 1564 4858 receptis

300 4888 504 4960 presentibus,
527 4890 665 4962 visisque
688 4895 718 4947 et
741 4891 922 4948 examinatis
946 4887 1068 4964 juribus
1091 4891 1219 4948 illorum
1244 4891 1417 4962 hominum,
1442 4891 1504 4964 qui,
1532 4897 1564 4948 ut

300 4993 498 5068 premittitur,
532 5011 588 5069 per
612 4995 766 5070 prefatum
791 4995 966 5069 Syboldum
990 5003 1191 5070 capetaneum
1226 4996 1264 5055 de
1287 4997 1468 5072 prescriptis
1490 5013 1561 5072 qua-
