3764 5924
325 1607 408 1658 Anno
429 1617 504 1672 1440.
525 1619 566 1658 20.
583 1608 703 1674 januarii.

220 1718 331 1778 Obitus
355 1717 474 1778 domini
498 1719 647 1795 Stephani
660 1719 805 1794 Farhasy,
829 1719 1038 1778 archidiaconi
1055 1719 1094 1777 de
1111 1719 1205 1778 Bexin
1222 1719 1252 1777 iu
1269 1733 1349 1776 anno
1367 1718 1486 1776 domini

269 1841 359 1900 1440.
384 1827 437 1899 qui
463 1826 534 1885 tecit
557 1843 655 1884 unum
678 1827 863 1900 magistrum
888 1825 927 1884 ad
950 1841 1037 1884 aram
1070 1842 1092 1884 s.
1120 1825 1267 1883 Katarine
1298 1825 1427 1898 virginis
1453 1826 1486 1882 iu

265 1928 377 2006 majori
400 1933 529 1990 ecclesia
552 1940 582 1991 et
604 1931 724 1990 dotavit
746 1947 815 1990 earu
839 1947 910 1989 curn
933 1946 995 1990 uno
1018 1931 1113 1990 calice
1137 1936 1166 1988 et
1189 1947 1261 1988 cum
1276 1947 1337 1989 uno
1355 1931 1479 1988 missale

268 2042 298 2094 et
323 2039 514 2096 ornamentis
537 2045 568 2096 et
591 2054 663 2096 cum
686 2053 747 2096 uno
767 2038 906 2096 breviale
929 2044 1051 2095 etcum
1076 2037 1198 2095 duabus
1229 2038 1326 2095 vineis
1361 2042 1391 2095 et
1414 2052 1486 2094 cum

265 2142 355 2199 terris
379 2144 561 2202 arabilibus.
585 2143 681 2202 Cuius
704 2145 807 2202 anima
829 2145 1001 2218 requiescat
1024 2144 1055 2200 in
1077 2157 1162 2216 pace.

435 2244 506 2294 Nota
523 2245 552 2294 iu
570 2243 722 2294 kalendario
739 2243 861 2294 breviarii
879 2243 941 2294 eccl.
960 2243 1061 2308 zagrab.
1080 2245 1112 2293 Iu
1129 2242 1253 2296 biblioth.
1272 2243 1382 2294 dioeces.

331 2422 412 2471 Anno
434 2421 509 2484 1448.
530 2433 571 2484 30.
588 2421 708 2487 januarii.

222 2533 256 2591 ln
281 2531 360 2591 festo
383 2533 472 2590 beate
497 2531 690 2606 Adelgundis
723 2533 861 2607 virginis,
893 2533 1070 2592 felicissime
1101 2535 1165 2592 vite
1195 2538 1225 2592 et
1255 2533 1483 2592 recordacionis

268 2637 360 2711 digne
383 2639 433 2696 vir
456 2639 643 2696 venerabilis
664 2639 820 2721 Johannes
843 2645 950 2697 cantor
980 2642 1010 2696 et
1040 2639 1204 2698 canonicus
1228 2640 1356 2698 ecclesie
1379 2654 1484 2710 aagra·
1537 2662 1538 2666 ¹

268 2744 392 2814 biensis,
417 2744 570 2817 generalis
593 2744 735 2816 vicarius,
767 2744 851 2802 diem
874 2759 966 2802 suum
989 2744 1102 2802 clausit
1124 2751 1307 2804 extremum.
1346 2745 1372 2802 O
1396 2746 1487 2803 bene·

268 2848 349 2908 dicta
373 2849 502 2922 dies‚.in
526 2864 587 2922 qua
610 2855 719 2908 nactus
742 2858 788 2908 est
812 2866 886 2908 vera
917 2850 1013 2923 quies,
1043 2857 1149 2909 cantor
1179 2851 1334 2934 Johannes
1367 2852 1397 2908 in
1429 2866 1491 2924 qua

267 2963 416 3030 perpetue
440 2971 554 3013 manes.
578 2956 669 3013 Anno
693 2955 810 3014 domini
836 2957 865 3012 M
890 2955 1195 3030 quadringentesimo
1218 2957 1273 3014 XL
1297 2961 1415 3015 octavu.

434 3054 504 3104 Nota
521 3055 550 3103 in
568 3053 720 3104 kalendario
738 3055 858 3105 breviarii
878 3055 941 3106 eccl.
960 3056 1060 3119 zagrab.
1079 3057 1112 3105 In
1129 3055 1250 3106 biblioth.
1271 3056 1382 3105 dioeces.

330 3229 411 3280 Anno
434 3240 509 3296 1451.

224 3342 354 3400 Librum
378 3342 580 3417 expositionis
603 3342 758 3416 evangelii
786 3389 791 3400 .
815 3387 820 3398 .
844 3343 961 3416 legarit
983 3342 1112 3402 ecclesie
1143 3343 1335 3415 zagrabiensi
1357 3343 1491 3425 Joannes

268 3447 307 3505 de
329 3446 430 3519 Greta,
452 3448 686 3508 archidiaconus
710 3449 840 3521 Urbocz,
864 3449 918 3522 qui
941 3449 1078 3507 obiitin
1101 3449 1153 3506 via
1175 3447 1215 3506 ad
1239 3448 1358 3506 curiam
1388 3465 1489 3508 roma·

269 3568 352 3622 natu,
377 3569 457 3612 anno
479 3552 606 3630 jubileo.

438 3655 545 3720 Georgii
564 3654 729 3714 Marcelovid,
748 3657 866 3720 Regesta
884 3657 912 3706 in
930 3655 1051 3708 biblioth.
1071 3655 1155 3708 dioec.

334 3831 414 3880 Anno
436 3830 510 3895 1461.
535 3843 573 3894 14.
592 3833 663 3884 maii.

227 3941 400 4017 Stephanus
424 3943 624 4004 Cherutwecz
647 3947 810 4004 canonicus
833 3947 1040 4018 zagrabieusis
1064 3947 1204 4005 moritur.

439 4045 535 4108 Georg.
554 4044 720 4104 Marcelovid,
740 4046 863 4110 Regesta
885 4053 1016 4110 utsupra.

334 4221 413 4270 Anno
435 4221 510 4284 1461.
532 4234 553 4272 1.
573 4223 639 4286 junii

227 4315 408 4373 Franciscus
432 4316 596 4374 canonicus
619 4317 827 4390 zagrabiensis
850 4318 991 4375 moritur.

441 4415 536 4479 Georg.
557 4415 721 4474 Marcelovid,
740 4417 866 4480 Regesta‚
886 4423 915 4465 ut
935 4432 1019 4482 supra.

333 4589 414 4640 Anno
436 4591 512 4657 ¹4⁶5·
533 4603 574 4643 20.
595 4592 746 4642 decembris.

228 4699 313 4758 Obiit
336 4699 511 4776 Stephanus
534 4702 767 4762 archidiaconus
790 4703 1011 4775 Camarcensis‚
1034 4707 1199 4762 canonicus
1215 4709 1244 4762 et
1261 4702 1412 4778 plebanus
1439 4705 1496 4762 bu·

272 4803 384 4878 densis,
408 4807 610 4866 cancellarius
634 4810 715 4880 regis
746 4807 881 4868 Ladislai
913 4824 949 4868 ac
971 4810 1070 4869 Ulrici
1102 4810 1224 4868 comitis
1248 4809 1353 4868 Ciliae.
1391 4809 1495 4867 Budas

272 4911 421 4985 sepultus.

441 5013 548 5078 Georgii
569 5013 733 5074 Marcelovic,
753 5015 877 5080 Regesta,
898 5021 927 5064 ut
946 5029 1030 5080 supra.
