3804 5858
640 575 713 633 Doc.
741 570 810 651 346.
833 607 877 617 -
900 572 957 631 An
981 567 1074 650 1487.
1419 588 1481 649 4⁵9

214 792 459 866 archydiaconus
472 791 791 863 etDyonisiustocius
812 789 942 864 capituli
967 787 1114 862 prelibati
1137 791 1353 862 procuratores
1376 802 1481 846 coram

213 899 283 974 ipso
304 896 431 956 domino
447 898 616 959 laurencio
631 897 840 968 asseruissent,
856 910 929 968 erga
946 907 1056 954 manus
1072 895 1131 952 sub
1148 893 1349 968 dominioque
1366 895 1483 952 civium

214 1004 347 1063 civitatis
370 999 508 1079 predicte
531 1001 661 1076 pacifice
682 1003 828 1073 extitisse,
851 1017 907 1076 per
929 999 1076 1074 idemque
1108 999 1280 1074 capitulum
1311 1005 1380 1057 tam
1406 1003 1483 1058 tenr-

215 1125 292 1186 pore
323 1109 475 1184 premisse
506 1109 685 1168 statucionis
710 1123 819 1166 eorum
850 1122 945 1180 quam
974 1107 1075 1164 eciam
1099 1105 1266 1164 concordie
1288 1111 1319 1164 et
1341 1104 1483 1166 tassionis

214 1231 340 1289 semper
363 1229 421 1288 pro
447 1221 534 1289 parte
557 1214 712 1272 dictorum
735 1213 863 1288 civium,
881 1219 915 1272 ut
931 1212 1131 1288 premittitur,
1149 1211 1376 1270 celebratarum
1395 1212 1483 1270 nulla

216 1320 418 1380 contradictio
446 1319 528 1378 iacta
558 1319 653 1378 fuisse
685 1335 740 1393 per
768 1320 872 1393 ipsum
905 1319 1068 1377 dominum
1092 1319 1301 1379 Laurencium
1323 1325 1484 1392 repertum

215 1427 360 1498 extiterit,
384 1425 530 1499 idemque
550 1425 695 1484 dominus
722 1425 908 1484 Laurencius
932 1432 996 1482 tam
1020 1439 1058 1483 ex
1089 1439 1135 1498 eo,
1166 1439 1261 1498 quam
1293 1424 1390 1482 eciam
1414 1439 1483 1496 pre-

215 1533 318 1591 missis
341 1531 526 1605 peripsum
555 1533 587 1588 in
621 1530 711 1589 dictis
742 1531 806 1589 suis
828 1531 941 1589 litteris
964 1530 1131 1590 declaratis
1155 1530 1338 1602 rationibus,
1360 1544 1482 1604 posses·

216 1641 319 1697 siones
342 1636 466 1696 easdem
491 1635 658 1708 Kobylyalr
681 1643 712 1694 et
736 1635 898 1708 Zwyblian
921 1637 997 1710 ipsis
1027 1637 1148 1694 civibus
1182 1634 1320 1710 predicte
1349 1635 1483 1692 civitatis

214 1745 329 1804 montis
352 1742 514 1802 Greceusis
537 1743 654 1816 pariter
676 1757 748 1799 cum
770 1741 918 1816 predictis
941 1742 1075 1800 dominis
1099 1741 1237 1815 prelatis,
1266 1725 1436 1799 baronibus
1451 1745 1483 1800 et

215 1851 302 1924 regni
324 1849 483 1908 nobilibus
506 1849 670 1907 autoritate
693 1862 748 1906 sua
770 1847 930 1906 iudiciaria
954 1848 1109 1908 mediante
1123 1847 1347 1906 adiudicaverit
1362 1852 1393 1906 et
1409 1846 1507 1911 reli·.

215 1957 317 2032 querit
347 1961 499 2030 perpetuo
528 1953 740 2028 possidendas,
771 1954 896 2028 insuper
926 1955 1031 2028 ipsum
1067 1953 1239 2028 capitulum
1261 1959 1404 2028 pretensa
1435 1967 1483 2010 ra·

215 2063 302 2121 cione
324 2062 388 2119 suis
411 2045 523 2119 litteris
546 2060 758 2134 preexbibilis,
781 2061 1038 2135 presentibusque
1064 2061 1095 2119 in
1127 2066 1209 2119 certa
1242 2065 1330 2134 parte
1360 2073 1483 2117 sensua-

214 2169 286 2227 liter
311 2167 483 2240 declaratis,
506 2165 690 2241 specificatis
713 2171 743 2225 et
767 2165 927 2238 denotatis,
950 2171 1098 2240 tanquam
1129 2167 1230 2240 sopite
1261 2165 1325 2224 litis
1356 2165 1483 2222 suscita-

215 2281 316 2333 torem
341 2274 373 2332 in
396 2273 549 2347 premisso
572 2272 655 2330 iacto
685 2272 862 2346 calumpnie
885 2278 992 2332 contra
1013 2273 1097 2332 cives
1120 2273 1276 2346 predictos
1299 2271 1483 2330 innodatum

217 2380 312 2439 fuisse
335 2378 534 2450 commiserit,
555 2383 585 2436 et
608 2383 775 2451 postquam
798 2377 881 2436 idem
903 2379 1085 2452 capitulum,
1101 2386 1135 2436 ut
1151 2383 1325 2454 pretactum
1341 2385 1395 2448 est,
1411 2391 1482 2435 cum

216 2484 345 2562 pretatis
361 2485 483 2542 civibus
499 2484 632 2542 civitatis
649 2484 762 2542 montis
778 2483 940 2543 Greceusis
956 2489 1054 2542 certas
1071 2484 1293 2559 disposiciones
1308 2482 1481 2542 secundum

212 2597 356 2650 contenta
375 2591 623 2664 prescriptarum
639 2590 813 2650 litterarum
830 2606 958 2649 suarum
974 2590 1114 2652 faciendo
1131 2592 1211 2650 inter
1225 2590 1303 2649 alias
1319 2588 1476 2648 clausulas

214 2703 245 2756 et
276 2697 423 2756 articulos
450 2695 631 2755 huiusmodi
661 2697 903 2771 disposicionum
927 2699 1066 2771 ipsarum
1089 2699 1230 2773 parcium
1254 2697 1285 2756 in
1309 2696 1482 2771 prescripta

214 2804 355 2862 clausula
370 2817 424 2862 seu
442 2803 574 2861 articulo
590 2809 761 2876 prenotat0,
778 2805 919 2878 superius
935 2805 1130 2878 presentibus
1146 2805 1283 2867 seriatim
1299 2803 1481 2874 conscripto,

215 2908 395 2986 jobagiones
418 2915 449 2967 et
471 2909 607 2983 populos
630 2889 785 2968 dictorum
807 2910 924 2970 civium
947 2911 979 2968 in
1001 2910 1087 2969 villis
1104 2910 1327 2985 prenominatis
1350 2909 1481 2980 Cherye,

215 3016 387 3088 Kralowcz,
411 3013 590 3089 Kobylyalr‚
614 3015 786 3089 Zwyblyan
810 3023 839 3075 et
863 3016 962 3074 Narth
985 3017 1153 3075 residentes
1184 3032 1201 3074 a
1224 3016 1382 3074 solucione
1412 3029 1482 3088 pre·

214 3122 322 3196 scripti
344 3137 453 3180 eorum
476 3122 586 3180 tributi
615 3123 788 3194 eximendo,
820 3139 875 3197 per
899 3123 1019 3196 hocque
1051 3123 1257 3197 possessiones
1287 3123 1349 3180 iarn
1381 3120 1480 3178 dictas

214 3228 355 3302 ipsorum
376 3228 492 3286 civium
517 3227 620 3300 fuisse,
649 3230 713 3287 suis
745 3229 857 3287 litteris
881 3228 1090 3288 mediantibus
1121 3229 1249 3303 proprio
1283 3242 1391 3285 eorum
1422 3226 1482 3284 sub

215 3334 321 3406 sigillo
343 3335 492 3392 emanatis
514 3335 812 3408 pronunciaverunt;
835 3335 897 3393 hiis
919 3335 1017 3393 eciam
1041 3335 1200 3409 premissis
1233 3334 1411 3392 racionibus
1447 3339 1478 3391 et

215 3439 253 3497 de
276 3440 376 3497 causis
398 3439 489 3497 nobis
511 3445 540 3497 et
563 3439 697 3498 dominis
714 3441 850 3514 prelatis
867 3441 1047 3512 baronibus,
1064 3441 1229 3513 magistris,
1246 3440 1480 3515 prothonotario

216 3551 246 3603 et
268 3546 356 3618 regni
378 3545 538 3603 nobilibus
561 3546 643 3605 sedis
665 3545 825 3622 judiciarie
846 3547 955 3623 juratis
986 3548 1193 3606 assessoribus
1216 3547 1387 3621 prescripte
1410 3562 1481 3620 pos·

216 3651 365 3710 sessiones
388 3651 609 3724 Kobylyaket
632 3653 804 3726 Zwyblyan
828 3660 968 3729 tempore
999 3655 1063 3726 illo,
1103 3669 1170 3727 quo.
1195 3653 1261 3728 ipse
1291 3653 1392 3711 littere
1423 3667 1481 3726 pro

216 3763 305 3831 parte
336 3756 410 3814 dicti
434 3757 553 3816 domini
575 3761 656 3832 regis
687 3761 823 3818 exhibite
851 3769 881 3819 et
913 3761 976 3818 iam
1007 3760 1162 3819 declarate
1193 3758 1404 3830 ostendebant,
1440 3757 1479 3816 ad

214 3862 386 3936 predictam
409 3879 497 3920 suam
521 3865 678 3923 civitatem
702 3867 839 3938 regalem
864 3868 977 3926 montis
1001 3866 1163 3926 Greceusis
1197 3865 1383 3941 pertinuisse
1406 3866 1481 3922 satis

213 3968 296 4026 clare
318 3969 498 4042 apparebat.
528 3969 646 4029 Tamen
677 3972 749 4046 quia
773 3978 883 4046 expost
906 3974 937 4031 in
960 3973 1043 4032 dicto
1066 3988 1145 4031 anno
1174 3973 1277 4046 gracie
1306 3971 1480 4030 'millesimo

213 4074 838 4150 quadringentesimotricesimoquarto,
863 4087 1055 4136 memoratus
1077 4077 1272 4152 Rodolphus,
1303 4077 1388 4135 filius
1419 4077 1480 4134 Ro-

213 4179 334 4254 dolpby
368 4180 407 4238 de
441 4181 569 4254 Menoe,
605 4183 683 4241 alias
718 4183 757 4242 de
780 4185 893 4256 Alben,
917 4185 1001 4258 ipsas
1027 4184 1236 4258 possessiones
1260 4182 1428 4256 Kobylyalr
1451 4188 1481 4240 et

213 4285 386 4359 Zwyblyan
410 4303 481 4345 cum
504 4287 652 4361 predictis
675 4290 745 4348 aliis
768 4291 1016 4364 possessionibus
1036 4290 1099 4348 suis
1122 4296 1152 4348 et
1175 4290 1293 4348 tributo
1316 4293 1479 4363 prenotato

212 4392 375 4466 prelibatis
398 4393 532 4452 dominis
548 4397 701 4454 canonicis
717 4396 756 4455 de
771 4397 909 4472 capitulo
926 4397 1054 4456 ecclesie
1075 4395 1283 4470 zagrabiensis
1300 4411 1355 4470 per
1371 4409 1475 4454 conse·

212 4513 370 4572 quensque
386 4498 477 4558 altari
499 4500 660 4559 benedicte
682 4503 781 4560 crucis
803 4503 835 4560 in
850 4501 959 4561 eadem
982 4502 1119 4574 fundato,
1143 4504 1317 4577 rectorique
1339 4501 1478 4562 eiusdem

212 4619 271 4677 pro
294 4609 435 4678 tempore
457 4607 630 4678 constituto,
654 4623 712 4682 pro
735 4608 873 4667 remedio
896 4609 1006 4667 salutis
1029 4625 1083 4668 sue
1104 4617 1134 4668 et
1158 4609 1316 4668 dictorum
1346 4607 1479 4666 fratrum

212 4723 341 4768 suorum
353 4717 502 4785 tanquam
516 4713 660 4786 proprias
677 4715 884 4788 possessiones
898 4716 1005 4788 vigore
1021 4715 1287 4790 preexhibitarum
1303 4715 1480 4776 litterarum

211 4818 378 4875 memorati
401 4819 529 4891 capituli
551 4820 680 4878 ecclesie
701 4816 890 4878 chasmensis
913 4820 1127 4880 fassionalium
1151 4822 1182 4880 in
1206 4826 1392 4896 perpetuum
1427 4819 1478 4878 de·

213 4921 294 4980 disse
317 4930 347 4980 et
370 4922 507 4998 donasse¹
532 4925 680 5000 idemque
703 4926 879 5001 capitulum
901 4927 1026 4986 easdem
1058 4929 1274 5002 possessiones,
1298 4926 1479 4986 earumdem

212 5028 291 5086 serie
324 5031 569 5104 prescriptarum
599 5032 775 5091 litterarum
805 5034 1049 5104 statutoriarum,
1072 5031 1205 5108 sepefati
1237 5033 1367 5109 capituli
1390 5032 1477 5092 chas-
