<?xml version="1.0" encoding="UTF-8"?>
<!DOCTYPE html PUBLIC "-//W3C//DTD XHTML 1.0 Transitional//EN"
    "http://www.w3.org/TR/xhtml1/DTD/xhtml1-transitional.dtd">
<html xmlns="http://www.w3.org/1999/xhtml" xml:lang="en" lang="en">
 <head>
  <title>
</title>
<meta http-equiv="Content-Type" content="text/html;charset=utf-8" />
  <meta name='ocr-system' content='tesseract 3.04.00' />
  <meta name='ocr-capabilities' content='ocr_page ocr_carea ocr_par ocr_line ocrx_word'/>
</head>
<body>
  <div class='ocr_page' id='page_1' title='image "./monumentahistor20laszgoog_0498.png"; bbox 0 0 3932 5806; ppageno 0'>
   <div class='ocr_carea' id='block_1_1' title="bbox 598 599 1540 685">
    <p class='ocr_par' dir='ltr' id='par_1_1' title="bbox 598 599 1540 685">
     <span class='ocr_line' id='line_1_1' title="bbox 598 599 1540 685; baseline 0.002 -19"><span class='ocrx_word' id='word_1_1' title='bbox 598 605 672 669; x_wconf 77' lang='lat' dir='ltr'>Dec.</span> <span class='ocrx_word' id='word_1_2' title='bbox 696 615 761 684; x_wconf 82' lang='lat'><em>177.</em></span> <span class='ocrx_word' id='word_1_3' title='bbox 785 599 849 684; x_wconf 85' lang='lat'>178</span> <span class='ocrx_word' id='word_1_4' title='bbox 869 640 912 651; x_wconf 96' lang='lat'><em>-</em></span> <span class='ocrx_word' id='word_1_5' title='bbox 935 606 991 665; x_wconf 84' lang='lat' dir='ltr'>An.</span> <span class='ocrx_word' id='word_1_6' title='bbox 1014 615 1228 685; x_wconf 73' lang='lat'><em>1453-1454.</em></span> <span class='ocrx_word' id='word_1_7' title='bbox 1481 621 1540 683; x_wconf 76' lang='lat'>241</span> 
     </span>
    </p>
   </div>
   <div class='ocr_carea' id='block_1_2' title="bbox 279 799 1548 1746">
    <p class='ocr_par' dir='ltr' id='par_1_2' title="bbox 279 799 1548 1532">
     <span class='ocr_line' id='line_1_2' title="bbox 282 799 1545 898; baseline -0.002 -16"><span class='ocrx_word' id='word_1_8' title='bbox 282 799 456 898; x_wconf 79' lang='lat' dir='ltr'>Augustini</span> <span class='ocrx_word' id='word_1_9' title='bbox 470 823 662 896; x_wconf 87' lang='lat' dir='ltr'>degencium,</span> <span class='ocrx_word' id='word_1_10' title='bbox 686 821 725 881; x_wconf 89' lang='lat' dir='ltr'>ad</span> <span class='ocrx_word' id='word_1_11' title='bbox 748 823 929 882; x_wconf 83' lang='lat' dir='ltr'><strong>instanciam</strong></span> <span class='ocrx_word' id='word_1_12' title='bbox 953 821 1078 881; x_wconf 90' lang='lat' dir='ltr'>discreti</span> <span class='ocrx_word' id='word_1_13' title='bbox 1101 823 1161 880; x_wconf 90' lang='lat' dir='ltr'>viri</span> <span class='ocrx_word' id='word_1_14' title='bbox 1185 821 1303 880; x_wconf 88' lang='lat' dir='ltr'>domini</span> <span class='ocrx_word' id='word_1_15' title='bbox 1327 821 1448 881; x_wconf 90' lang='lat' dir='ltr'>Nicolai</span> <span class='ocrx_word' id='word_1_16' title='bbox 1479 823 1545 896; x_wconf 87' lang='lat' dir='ltr'>ple·</span> 
     </span>
     <span class='ocr_line' id='line_1_3' title="bbox 281 921 1546 1001; baseline -0.002 -14"><span class='ocrx_word' id='word_1_17' title='bbox 281 925 355 989; x_wconf 90' lang='lat' dir='ltr'>bani</span> <span class='ocrx_word' id='word_1_18' title='bbox 377 930 506 988; x_wconf 75' lang='lat' dir='ltr'>ecclesie</span> <span class='ocrx_word' id='word_1_19' title='bbox 529 930 623 987; x_wconf 90' lang='lat' dir='ltr'>sancti</span> <span class='ocrx_word' id='word_1_20' title='bbox 648 929 745 987; x_wconf 90' lang='lat' dir='ltr'>Marci</span> <span class='ocrx_word' id='word_1_21' title='bbox 767 921 814 986; x_wconf 79' lang='lat' dir='ltr'>de¹</span> <span class='ocrx_word' id='word_1_22' title='bbox 834 935 939 987; x_wconf 90' lang='lat' dir='ltr'>monte</span> <span class='ocrx_word' id='word_1_23' title='bbox 962 927 1076 989; x_wconf 87' lang='lat' dir='ltr'>Gerecz</span> <span class='ocrx_word' id='word_1_24' title='bbox 1100 927 1223 986; x_wconf 85' lang='lat' dir='ltr'>racione</span> <span class='ocrx_word' id='word_1_25' title='bbox 1246 931 1355 1001; x_wconf 87' lang='lat' dir='ltr'>quarte</span> <span class='ocrx_word' id='word_1_26' title='bbox 1378 943 1432 986; x_wconf 89' lang='lat' dir='ltr'>seu</span> <span class='ocrx_word' id='word_1_27' title='bbox 1456 941 1546 986; x_wconf 90' lang='lat' dir='ltr'>cano-</span> 
     </span>
     <span class='ocr_line' id='line_1_4' title="bbox 282 1031 1548 1109; baseline -0.002 -15"><span class='ocrx_word' id='word_1_28' title='bbox 282 1035 349 1094; x_wconf 89' lang='lat' dir='ltr'>nice</span> <span class='ocrx_word' id='word_1_29' title='bbox 378 1036 533 1109; x_wconf 88' lang='lat' dir='ltr'>porcionis</span> <span class='ocrx_word' id='word_1_30' title='bbox 564 1033 603 1093; x_wconf 88' lang='lat' dir='ltr'>de</span> <span class='ocrx_word' id='word_1_31' title='bbox 635 1033 829 1093; x_wconf 84' lang='lat' dir='ltr'>funeralibus</span> <span class='ocrx_word' id='word_1_32' title='bbox 860 1035 920 1093; x_wconf 91' lang='lat' dir='ltr'>sibi</span> <span class='ocrx_word' id='word_1_33' title='bbox 950 1033 1089 1106; x_wconf 82' lang='lat' dir='ltr'>legitime</span> <span class='ocrx_word' id='word_1_34' title='bbox 1120 1033 1338 1106; x_wconf 86' lang='lat' dir='ltr'>provenientis,</span> <span class='ocrx_word' id='word_1_35' title='bbox 1368 1031 1495 1107; x_wconf 90' lang='lat' dir='ltr'>publice</span> <span class='ocrx_word' id='word_1_36' title='bbox 1519 1037 1548 1091; x_wconf 89' lang='lat' dir='ltr'>et</span> 
     </span>
     <span class='ocr_line' id='line_1_5' title="bbox 280 1129 1546 1212; baseline 0 -15"><span class='ocrx_word' id='word_1_37' title='bbox 280 1139 442 1198; x_wconf 85' lang='lat' dir='ltr'>manifeste</span> <span class='ocrx_word' id='word_1_38' title='bbox 457 1129 795 1199; x_wconf 86' lang='lat' dir='ltr'>excommunicavimus</span> <span class='ocrx_word' id='word_1_39' title='bbox 811 1145 841 1198; x_wconf 90' lang='lat' dir='ltr'>et</span> <span class='ocrx_word' id='word_1_40' title='bbox 857 1139 1159 1198; x_wconf 86' lang='lat' dir='ltr'>excommunicatum</span> <span class='ocrx_word' id='word_1_41' title='bbox 1176 1137 1242 1195; x_wconf 84' lang='lat' dir='ltr'>fore</span> <span class='ocrx_word' id='word_1_42' title='bbox 1259 1137 1546 1212; x_wconf 88' lang='lat' dir='ltr'>pronunciavimus.</span> 
     </span>
     <span class='ocr_line' id='line_1_6' title="bbox 280 1243 1546 1320; baseline -0.002 -16"><span class='ocrx_word' id='word_1_43' title='bbox 280 1247 315 1304; x_wconf 92' lang='lat' dir='ltr'>ln</span> <span class='ocrx_word' id='word_1_44' title='bbox 336 1247 435 1305; x_wconf 92' lang='lat' dir='ltr'>robur</span> <span class='ocrx_word' id='word_1_45' title='bbox 458 1245 553 1320; x_wconf 87' lang='lat' dir='ltr'>igitur</span> <span class='ocrx_word' id='word_1_46' title='bbox 575 1245 801 1319; x_wconf 86' lang='lat' dir='ltr'>premissorum</span> <span class='ocrx_word' id='word_1_47' title='bbox 824 1245 1020 1320; x_wconf 86' lang='lat' dir='ltr'>presentibus</span> <span class='ocrx_word' id='word_1_48' title='bbox 1044 1243 1190 1302; x_wconf 85' lang='lat' dir='ltr'>duximus</span> <span class='ocrx_word' id='word_1_49' title='bbox 1210 1243 1314 1317; x_wconf 87' lang='lat' dir='ltr'>sigilla</span> <span class='ocrx_word' id='word_1_50' title='bbox 1328 1249 1433 1302; x_wconf 89' lang='lat' dir='ltr'>nostra</span> <span class='ocrx_word' id='word_1_51' title='bbox 1449 1257 1546 1319; x_wconf 89' lang='lat' dir='ltr'>appo-</span> 
     </span>
     <span class='ocr_line' id='line_1_7' title="bbox 279 1347 1542 1426; baseline -0.002 -16"><span class='ocrx_word' id='word_1_52' title='bbox 279 1353 387 1411; x_wconf 86' lang='lat' dir='ltr'>nenda</span> <span class='ocrx_word' id='word_1_53' title='bbox 411 1351 527 1411; x_wconf 90' lang='lat' dir='ltr'>Datum</span> <span class='ocrx_word' id='word_1_54' title='bbox 550 1351 701 1426; x_wconf 87' lang='lat' dir='ltr'>Zagrabie</span> <span class='ocrx_word' id='word_1_55' title='bbox 717 1353 813 1410; x_wconf 84' lang='lat' dir='ltr'>tercio</span> <span class='ocrx_word' id='word_1_56' title='bbox 836 1349 886 1410; x_wconf 89' lang='lat' dir='ltr'>die</span> <span class='ocrx_word' id='word_1_57' title='bbox 901 1351 1027 1410; x_wconf 82' lang='lat' dir='ltr'>termini</span> <span class='ocrx_word' id='word_1_58' title='bbox 1043 1351 1205 1424; x_wconf 90' lang='lat' dir='ltr'>prenotati.</span> <span class='ocrx_word' id='word_1_59' title='bbox 1231 1351 1321 1408; x_wconf 82' lang='lat' dir='ltr'>Anno</span> <span class='ocrx_word' id='word_1_60' title='bbox 1337 1347 1456 1408; x_wconf 87' lang='lat' dir='ltr'>domini</span> <span class='ocrx_word' id='word_1_61' title='bbox 1472 1349 1542 1408; x_wconf 89' lang='lat' dir='ltr'>mil-</span> 
     </span>
     <span class='ocr_line' id='line_1_8' title="bbox 285 1457 929 1532; baseline -0.002 -15"><span class='ocrx_word' id='word_1_62' title='bbox 285 1459 395 1517; x_wconf 90' lang='lat' dir='ltr'>lesimo</span> <span class='ocrx_word' id='word_1_63' title='bbox 418 1457 522 1516; x_wconf 89' lang='lat' dir='ltr'>CCCC</span> <span class='ocrx_word' id='word_1_64' title='bbox 546 1458 803 1532; x_wconf 88' lang='lat' dir='ltr'>quinquagesimo</span> <span class='ocrx_word' id='word_1_65' title='bbox 827 1457 929 1516; x_wconf 92' lang='lat' dir='ltr'>tercio.</span> 
     </span>
    </p>

    <p class='ocr_par' dir='ltr' id='par_1_3' title="bbox 279 1591 1546 1746">
     <span class='ocr_line' id='line_1_9' title="bbox 387 1591 1546 1658; baseline 0.002 -16"><span class='ocrx_word' id='word_1_66' title='bbox 387 1593 522 1657; x_wconf 85' lang='lat' dir='ltr'>Originale</span> <span class='ocrx_word' id='word_1_67' title='bbox 540 1593 568 1642; x_wconf 89' lang='lat' dir='ltr'>in</span> <span class='ocrx_word' id='word_1_68' title='bbox 586 1591 682 1652; x_wconf 83' lang='lat' dir='ltr'>charta,</span> <span class='ocrx_word' id='word_1_69' title='bbox 709 1593 737 1642; x_wconf 88' lang='lat' dir='ltr'>in</span> <span class='ocrx_word' id='word_1_70' title='bbox 763 1593 877 1657; x_wconf 82' lang='lat' dir='ltr'>margine</span> <span class='ocrx_word' id='word_1_71' title='bbox 901 1593 1017 1643; x_wconf 78' lang='lat' dir='ltr'>inferiori</span> <span class='ocrx_word' id='word_1_72' title='bbox 1036 1593 1084 1642; x_wconf 86' lang='lat' dir='ltr'>tria</span> <span class='ocrx_word' id='word_1_73' title='bbox 1102 1593 1246 1658; x_wconf 85' lang='lat' dir='ltr'>imppressa</span> <span class='ocrx_word' id='word_1_74' title='bbox 1263 1593 1357 1658; x_wconf 72' lang='lat' dir='ltr'>sigilla</span> <span class='ocrx_word' id='word_1_75' title='bbox 1381 1595 1413 1642; x_wconf 91' lang='lat' dir='ltr'>In</span> <span class='ocrx_word' id='word_1_76' title='bbox 1431 1594 1546 1644; x_wconf 82' lang='lat' dir='ltr'>archivio</span> 
     </span>
     <span class='ocr_line' id='line_1_10' title="bbox 279 1680 583 1746; baseline 0.007 -17"><span class='ocrx_word' id='word_1_77' title='bbox 279 1680 326 1733; x_wconf 93' lang='lat' dir='ltr'>lib.</span> <span class='ocrx_word' id='word_1_78' title='bbox 343 1697 397 1745; x_wconf 85' lang='lat' dir='ltr'>reg.</span> <span class='ocrx_word' id='word_1_79' title='bbox 416 1681 464 1732; x_wconf 89' lang='lat' dir='ltr'>civ.</span> <span class='ocrx_word' id='word_1_80' title='bbox 483 1682 583 1746; x_wconf 80' lang='lat' dir='ltr'>zagrab.</span> 
     </span>
    </p>
   </div>
   <div class='ocr_carea' id='block_1_3' title="bbox 384 1857 958 2013">
    <p class='ocr_par' dir='ltr' id='par_1_4' title="bbox 384 1857 958 2013">
     <span class='ocr_line' id='line_1_11' title="bbox 879 1857 958 1928; baseline 0 -4"><span class='ocrx_word' id='word_1_81' title='bbox 879 1857 958 1928; x_wconf 84' lang='lat' dir='ltr'>l&#39;l&#39;l.</span> 
     </span>
     <span class='ocr_line' id='line_1_12' title="bbox 384 1947 560 2013; baseline 0 -2"><span class='ocrx_word' id='word_1_82' title='bbox 384 1947 465 1997; x_wconf 75' lang='lat' dir='ltr'>Anno</span> <span class='ocrx_word' id='word_1_83' title='bbox 485 1957 560 2013; x_wconf 83' lang='lat'>1453·</span> 
     </span>
    </p>
   </div>
   <div class='ocr_carea' id='block_1_4' title="bbox 277 2075 1542 2256">
    <p class='ocr_par' dir='ltr' id='par_1_5' title="bbox 277 2075 1542 2256">
     <span class='ocr_line' id='line_1_13' title="bbox 382 2075 1542 2152; baseline 0 -18"><span class='ocrx_word' id='word_1_84' title='bbox 382 2077 473 2134; x_wconf 88' lang='lat' dir='ltr'>Anno</span> <span class='ocrx_word' id='word_1_85' title='bbox 511 2089 602 2152; x_wconf 83' lang='lat'>1453.</span> <span class='ocrx_word' id='word_1_86' title='bbox 636 2075 744 2134; x_wconf 86' lang='lat' dir='ltr'>Fassio</span> <span class='ocrx_word' id='word_1_87' title='bbox 777 2075 953 2150; x_wconf 86' lang='lat' dir='ltr'>perennalis</span> <span class='ocrx_word' id='word_1_88' title='bbox 986 2081 1188 2135; x_wconf 81' lang='lat' dir='ltr'>executurum</span> <span class='ocrx_word' id='word_1_89' title='bbox 1222 2077 1396 2136; x_wconf 83' lang='lat' dir='ltr'>testamenti</span> <span class='ocrx_word' id='word_1_90' title='bbox 1420 2075 1542 2135; x_wconf 93' lang='lat' dir='ltr'>Nicolai</span> 
     </span>
     <span class='ocr_line' id='line_1_14' title="bbox 277 2179 1542 2256; baseline 0.001 -17"><span class='ocrx_word' id='word_1_91' title='bbox 277 2179 409 2240; x_wconf 87' lang='lat' dir='ltr'>condam</span> <span class='ocrx_word' id='word_1_92' title='bbox 438 2183 568 2254; x_wconf 89' lang='lat' dir='ltr'>sutoris,</span> <span class='ocrx_word' id='word_1_93' title='bbox 600 2181 676 2241; x_wconf 89' lang='lat' dir='ltr'>civis</span> <span class='ocrx_word' id='word_1_94' title='bbox 705 2182 929 2255; x_wconf 86' lang='lat' dir='ltr'>zagrabiensis,</span> <span class='ocrx_word' id='word_1_95' title='bbox 960 2197 1055 2256; x_wconf 89' lang='lat' dir='ltr'>super</span> <span class='ocrx_word' id='word_1_96' title='bbox 1084 2189 1167 2242; x_wconf 90' lang='lat' dir='ltr'>terra</span> <span class='ocrx_word' id='word_1_97' title='bbox 1196 2182 1335 2242; x_wconf 90' lang='lat' dir='ltr'>eiusdem</span> <span class='ocrx_word' id='word_1_98' title='bbox 1355 2183 1488 2251; x_wconf 67' lang='lat' dir='ltr'>‚arrabili</span> <span class='ocrx_word' id='word_1_99' title='bbox 1510 2184 1542 2240; x_wconf 90' lang='lat' dir='ltr'>in</span> 
     </span>
    </p>
   </div>
   <div class='ocr_carea' id='block_1_5' title="bbox 276 2286 1635 2363">
    <p class='ocr_par' dir='ltr' id='par_1_6' title="bbox 276 2286 1635 2363">
     <span class='ocr_line' id='line_1_15' title="bbox 276 2286 1635 2363; baseline 0.001 -19"><span class='ocrx_word' id='word_1_100' title='bbox 276 2286 433 2345; x_wconf 84' lang='lat' dir='ltr'>territorio</span> <span class='ocrx_word' id='word_1_101' title='bbox 456 2286 537 2346; x_wconf 87' lang='lat' dir='ltr'>dicte</span> <span class='ocrx_word' id='word_1_102' title='bbox 560 2287 694 2346; x_wconf 91' lang='lat' dir='ltr'>civitatis</span> <span class='ocrx_word' id='word_1_103' title='bbox 717 2287 926 2360; x_wconf 88' lang='lat' dir='ltr'>aagrabiensis</span> <span class='ocrx_word' id='word_1_104' title='bbox 946 2304 1040 2362; x_wconf 91' lang='lat' dir='ltr'>penes</span> <span class='ocrx_word' id='word_1_105' title='bbox 1057 2295 1171 2348; x_wconf 87' lang='lat' dir='ltr'>terram</span> <span class='ocrx_word' id='word_1_106' title='bbox 1187 2288 1356 2347; x_wconf 88' lang='lat' dir='ltr'>arrabilem</span> <span class='ocrx_word' id='word_1_107' title='bbox 1373 2288 1539 2363; x_wconf 85' lang='lat' dir='ltr'>hospitalis</span> <span class='ocrx_word' id='word_1_108' title='bbox 1630 2347 1635 2360; x_wconf 75' lang='grc'>,</span> 
     </span>
    </p>
   </div>
   <div class='ocr_carea' id='block_1_6' title="bbox 275 2391 1541 2666">
    <p class='ocr_par' dir='ltr' id='par_1_7' title="bbox 275 2391 1541 2666">
     <span class='ocr_line' id='line_1_16' title="bbox 276 2391 1539 2469; baseline 0.001 -18"><span class='ocrx_word' id='word_1_109' title='bbox 276 2391 366 2451; x_wconf 92' lang='lat' dir='ltr'>civici</span> <span class='ocrx_word' id='word_1_110' title='bbox 390 2391 596 2452; x_wconf 90' lang='lat' dir='ltr'>inhonorem</span> <span class='ocrx_word' id='word_1_111' title='bbox 619 2393 648 2452; x_wconf 92' lang='lat' dir='ltr'>b.</span> <span class='ocrx_word' id='word_1_112' title='bbox 671 2393 786 2451; x_wconf 90' lang='lat' dir='ltr'>Mariae</span> <span class='ocrx_word' id='word_1_113' title='bbox 817 2393 946 2466; x_wconf 88' lang='lat' dir='ltr'>virginis</span> <span class='ocrx_word' id='word_1_114' title='bbox 977 2395 1125 2466; x_wconf 82' lang='lat' dir='ltr'>extructi,</span> <span class='ocrx_word' id='word_1_115' title='bbox 1147 2395 1304 2466; x_wconf 84' lang='lat' dir='ltr'>habitam,</span> <span class='ocrx_word' id='word_1_116' title='bbox 1336 2409 1394 2469; x_wconf 89' lang='lat' dir='ltr'>pro</span> <span class='ocrx_word' id='word_1_117' title='bbox 1417 2394 1539 2452; x_wconf 89' lang='lat' dir='ltr'>Thoma</span> 
     </span>
     <span class='ocr_line' id='line_1_17' title="bbox 276 2498 1541 2573; baseline 0.001 -17"><span class='ocrx_word' id='word_1_118' title='bbox 276 2513 374 2572; x_wconf 91' lang='lat' dir='ltr'>aeque</span> <span class='ocrx_word' id='word_1_119' title='bbox 406 2499 474 2558; x_wconf 90' lang='lat' dir='ltr'>eive</span> <span class='ocrx_word' id='word_1_120' title='bbox 503 2498 712 2572; x_wconf 87' lang='lat' dir='ltr'>zagrabiensi,</span> <span class='ocrx_word' id='word_1_121' title='bbox 741 2514 799 2573; x_wconf 91' lang='lat' dir='ltr'>pro</span> <span class='ocrx_word' id='word_1_122' title='bbox 822 2499 949 2573; x_wconf 85' lang='lat' dir='ltr'>triginta</span> <span class='ocrx_word' id='word_1_123' title='bbox 973 2499 1096 2560; x_wconf 90' lang='lat' dir='ltr'>duobus</span> <span class='ocrx_word' id='word_1_124' title='bbox 1118 2499 1184 2560; x_wconf 89' lang='lat' dir='ltr'>flor.</span> <span class='ocrx_word' id='word_1_125' title='bbox 1207 2501 1291 2573; x_wconf 90' lang='lat' dir='ltr'>auri,</span> <span class='ocrx_word' id='word_1_126' title='bbox 1315 2515 1420 2559; x_wconf 88' lang='lat' dir='ltr'>coram</span> <span class='ocrx_word' id='word_1_127' title='bbox 1443 2499 1541 2573; x_wconf 87' lang='lat' dir='ltr'>magi-</span> 
     </span>
     <span class='ocr_line' id='line_1_18' title="bbox 275 2605 646 2666; baseline 0.008 -4"><span class='ocrx_word' id='word_1_128' title='bbox 275 2609 374 2663; x_wconf 88' lang='lat' dir='ltr'>stratu</span> <span class='ocrx_word' id='word_1_129' title='bbox 396 2605 460 2664; x_wconf 91' lang='lat' dir='ltr'>loci</span> <span class='ocrx_word' id='word_1_130' title='bbox 481 2605 646 2666; x_wconf 82' lang='lat' dir='ltr'>celebrata</span> 
     </span>
    </p>
   </div>
   <div class='ocr_carea' id='block_1_7' title="bbox 380 2739 1439 2810">
    <p class='ocr_par' dir='ltr' id='par_1_8' title="bbox 380 2739 1439 2810">
     <span class='ocr_line' id='line_1_19' title="bbox 380 2739 1439 2810; baseline 0 -16"><span class='ocrx_word' id='word_1_131' title='bbox 380 2744 412 2794; x_wconf 93' lang='lat' dir='ltr'>In</span> <span class='ocrx_word' id='word_1_132' title='bbox 431 2745 527 2794; x_wconf 82' lang='lat' dir='ltr'>archiv.</span> <span class='ocrx_word' id='word_1_133' title='bbox 545 2745 618 2810; x_wconf 86' lang='lat' dir='ltr'>regni</span> <span class='ocrx_word' id='word_1_134' title='bbox 636 2745 722 2796; x_wconf 85' lang='lat' dir='ltr'>Croat.</span> <span class='ocrx_word' id='word_1_135' title='bbox 741 2743 809 2795; x_wconf 88' lang='lat' dir='ltr'>Slav.</span> <span class='ocrx_word' id='word_1_136' title='bbox 830 2743 916 2799; x_wconf 88' lang='lat' dir='ltr'>Dalm.</span> <span class='ocrx_word' id='word_1_137' title='bbox 935 2743 998 2793; x_wconf 77' lang='lat' dir='ltr'>Act.</span> <span class='ocrx_word' id='word_1_138' title='bbox 1017 2739 1074 2794; x_wconf 85' lang='lat' dir='ltr'>Soc.</span> <span class='ocrx_word' id='word_1_139' title='bbox 1091 2745 1164 2810; x_wconf 87' lang='lat' dir='ltr'>Jesu.</span> <span class='ocrx_word' id='word_1_140' title='bbox 1184 2745 1258 2794; x_wconf 85' lang='lat' dir='ltr'>Fasc.</span> <span class='ocrx_word' id='word_1_141' title='bbox 1281 2743 1320 2794; x_wconf 90' lang='lat'>16.</span> <span class='ocrx_word' id='word_1_142' title='bbox 1341 2759 1377 2795; x_wconf 86' lang='lat' dir='ltr'>nr.</span> <span class='ocrx_word' id='word_1_143' title='bbox 1400 2743 1439 2794; x_wconf 86' lang='lat'>16.</span> 
     </span>
    </p>
   </div>
   <div class='ocr_carea' id='block_1_8' title="bbox 860 2973 1234 3047">
    <p class='ocr_par' dir='ltr' id='par_1_9' title="bbox 860 2973 1234 3047">
     <span class='ocr_line' id='line_1_20' title="bbox 860 2973 1234 3047; baseline 0.019 -7"><span class='ocrx_word' id='word_1_144' title='bbox 860 2973 941 3043; x_wconf 77' lang='lat'>178.</span> <span class='ocrx_word' id='word_1_145' title='bbox 1213 2991 1234 3047; x_wconf 71' lang='grc' dir='ltr'>Ι</span> 
     </span>
    </p>
   </div>
   <div class='ocr_carea' id='block_1_9' title="bbox 227 3115 1536 3409">
    <p class='ocr_par' dir='ltr' id='par_1_10' title="bbox 227 3115 1536 3409">
     <span class='ocr_line' id='line_1_21' title="bbox 377 3115 874 3182; baseline 0.004 -18"><span class='ocrx_word' id='word_1_146' title='bbox 377 3116 459 3165; x_wconf 87' lang='lat' dir='ltr'>Anno</span> <span class='ocrx_word' id='word_1_147' title='bbox 480 3127 555 3182; x_wconf 82' lang='lat'>1454,</span> <span class='ocrx_word' id='word_1_148' title='bbox 575 3127 616 3166; x_wconf 89' lang='lat'>20.</span> <span class='ocrx_word' id='word_1_149' title='bbox 635 3115 705 3166; x_wconf 80' lang='lat' dir='ltr'>maii.</span> <span class='ocrx_word' id='word_1_150' title='bbox 724 3115 874 3178; x_wconf 82' lang='lat' dir='ltr'>Zagrabiae.</span> 
     </span>
     <span class='ocr_line' id='line_1_22' title="bbox 272 3221 1536 3298; baseline -0.001 -17"><span class='ocrx_word' id='word_1_151' title='bbox 272 3223 448 3295; x_wconf 73' lang='lat' dir='ltr'>Fmdericus,</span> <span class='ocrx_word' id='word_1_152' title='bbox 477 3223 568 3282; x_wconf 75' lang='lat' dir='ltr'>Ciltbe</span> <span class='ocrx_word' id='word_1_153' title='bbox 588 3239 677 3282; x_wconf 79' lang='lat' dir='ltr'>cmnes</span> <span class='ocrx_word' id='word_1_154' title='bbox 699 3231 728 3282; x_wconf 81' lang='lat' dir='ltr'>et</span> <span class='ocrx_word' id='word_1_155' title='bbox 748 3221 851 3294; x_wconf 82' lang='lat' dir='ltr'>banus,</span> <span class='ocrx_word' id='word_1_156' title='bbox 872 3223 903 3280; x_wconf 82' lang='lat' dir='ltr'>in</span> <span class='ocrx_word' id='word_1_157' title='bbox 925 3239 1026 3296; x_wconf 83' lang='lat' dir='ltr'>causa,</span> <span class='ocrx_word' id='word_1_158' title='bbox 1049 3239 1123 3298; x_wconf 86' lang='lat' dir='ltr'>quae</span> <span class='ocrx_word' id='word_1_159' title='bbox 1138 3223 1215 3281; x_wconf 77' lang='lat' dir='ltr'>mter</span> <span class='ocrx_word' id='word_1_160' title='bbox 1227 3224 1453 3282; x_wconf 82' lang='lat' dir='ltr'>communitatem</span> <span class='ocrx_word' id='word_1_161' title='bbox 1469 3223 1536 3282; x_wconf 84' lang='lat' dir='ltr'>civi-</span> 
     </span>
     <span class='ocr_line' id='line_1_23' title="bbox 227 3303 1325 3409; baseline 0 -21"><span class='ocrx_word' id='word_1_162' title='bbox 227 3303 238 3329; x_wconf 49' lang='grc'><strong>.</strong></span> <span class='ocrx_word' id='word_1_163' title='bbox 490 3331 558 3389; x_wconf 84' lang='lat' dir='ltr'>tatis</span> <span class='ocrx_word' id='word_1_164' title='bbox 580 3337 609 3388; x_wconf 82' lang='lat' dir='ltr'>et</span> <span class='ocrx_word' id='word_1_165' title='bbox 628 3331 799 3409; x_wconf 82' lang='lat' dir='ltr'>Hmingum</span> <span class='ocrx_word' id='word_1_166' title='bbox 822 3331 930 3404; x_wconf 77' lang='lat' dir='ltr'>agimr,</span> <span class='ocrx_word' id='word_1_167' title='bbox 955 3331 1057 3388; x_wconf 83' lang='lat' dir='ltr'>iterum</span> <span class='ocrx_word' id='word_1_168' title='bbox 1079 3329 1152 3388; x_wconf 70' lang='lat' dir='ltr'>mern</span> <span class='ocrx_word' id='word_1_169' title='bbox 1174 3331 1325 3390; x_wconf 69' lang='lat' dir='ltr'>constituri.</span> 
     </span>
    </p>
   </div>
   <div class='ocr_carea' id='block_1_10' title="bbox 266 3473 1534 4612">
    <p class='ocr_par' dir='ltr' id='par_1_11' title="bbox 266 3473 1534 4612">
     <span class='ocr_line' id='line_1_24' title="bbox 376 3473 1533 3549; baseline 0.004 -19"><span class='ocrx_word' id='word_1_170' title='bbox 376 3473 439 3532; x_wconf 89' lang='lat' dir='ltr'>Nos</span> <span class='ocrx_word' id='word_1_171' title='bbox 462 3473 636 3533; x_wconf 87' lang='lat' dir='ltr'>Fridericus</span> <span class='ocrx_word' id='word_1_172' title='bbox 659 3473 709 3532; x_wconf 88' lang='lat' dir='ltr'>dei</span> <span class='ocrx_word' id='word_1_173' title='bbox 731 3475 835 3548; x_wconf 84' lang='lat' dir='ltr'>gracia</span> <span class='ocrx_word' id='word_1_174' title='bbox 856 3473 943 3547; x_wconf 92' lang='lat' dir='ltr'>Cilie,</span> <span class='ocrx_word' id='word_1_175' title='bbox 968 3475 1185 3549; x_wconf 90' lang='lat' dir='ltr'>Ortemburge,</span> <span class='ocrx_word' id='word_1_176' title='bbox 1207 3475 1398 3548; x_wconf 90' lang='lat' dir='ltr'>Zagorieque</span> <span class='ocrx_word' id='word_1_177' title='bbox 1421 3489 1533 3549; x_wconf 89' lang='lat' dir='ltr'>comes,</span> 
     </span>
     <span class='ocr_line' id='line_1_25' title="bbox 270 3579 1534 3655; baseline 0.001 -17"><span class='ocrx_word' id='word_1_178' title='bbox 270 3595 389 3638; x_wconf 88' lang='lat' dir='ltr'>necnon</span> <span class='ocrx_word' id='word_1_179' title='bbox 412 3581 499 3654; x_wconf 88' lang='lat' dir='ltr'>regni</span> <span class='ocrx_word' id='word_1_180' title='bbox 521 3579 684 3640; x_wconf 88' lang='lat' dir='ltr'>Sclauonie</span> <span class='ocrx_word' id='word_1_181' title='bbox 707 3581 813 3640; x_wconf 89' lang='lat' dir='ltr'>banus.</span> <span class='ocrx_word' id='word_1_182' title='bbox 837 3582 986 3640; x_wconf 91' lang='lat' dir='ltr'>Memorie</span> <span class='ocrx_word' id='word_1_183' title='bbox 1001 3579 1266 3654; x_wconf 88' lang='lat' dir='ltr'>commendamus,</span> <span class='ocrx_word' id='word_1_184' title='bbox 1283 3580 1366 3655; x_wconf 88' lang='lat' dir='ltr'>quod</span> <span class='ocrx_word' id='word_1_185' title='bbox 1383 3581 1534 3640; x_wconf 87' lang='lat' dir='ltr'>Albertus</span> 
     </span>
     <span class='ocr_line' id='line_1_26' title="bbox 270 3685 1534 3761; baseline 0.001 -17"><span class='ocrx_word' id='word_1_186' title='bbox 270 3687 424 3745; x_wconf 89' lang='lat' dir='ltr'>litteratus</span> <span class='ocrx_word' id='word_1_187' title='bbox 447 3685 486 3744; x_wconf 91' lang='lat' dir='ltr'>de</span> <span class='ocrx_word' id='word_1_188' title='bbox 509 3685 638 3760; x_wconf 88' lang='lat' dir='ltr'>Galaad,</span> <span class='ocrx_word' id='word_1_189' title='bbox 662 3701 721 3761; x_wconf 89' lang='lat' dir='ltr'>pro</span> <span class='ocrx_word' id='word_1_190' title='bbox 745 3687 869 3760; x_wconf 85' lang='lat' dir='ltr'>egregio</span> <span class='ocrx_word' id='word_1_191' title='bbox 885 3688 1061 3760; x_wconf 88' lang='lat' dir='ltr'>Hennyngh</span> <span class='ocrx_word' id='word_1_192' title='bbox 1085 3687 1123 3745; x_wconf 91' lang='lat' dir='ltr'>de</span> <span class='ocrx_word' id='word_1_193' title='bbox 1146 3685 1359 3746; x_wconf 86' lang='lat' dir='ltr'>Zwmzedwar</span> <span class='ocrx_word' id='word_1_194' title='bbox 1374 3702 1446 3745; x_wconf 91' lang='lat' dir='ltr'>cum</span> <span class='ocrx_word' id='word_1_195' title='bbox 1462 3701 1534 3761; x_wconf 89' lang='lat' dir='ltr'>pro·</span> 
     </span>
     <span class='ocr_line' id='line_1_27' title="bbox 270 3791 1532 3870; baseline 0.001 -20"><span class='ocrx_word' id='word_1_196' title='bbox 270 3793 433 3852; x_wconf 90' lang='lat' dir='ltr'>curatoriis</span> <span class='ocrx_word' id='word_1_197' title='bbox 452 3793 564 3851; x_wconf 89' lang='lat' dir='ltr'>litteris</span> <span class='ocrx_word' id='word_1_198' title='bbox 586 3794 699 3852; x_wconf 82' lang='lat' dir='ltr'>nostris</span> <span class='ocrx_word' id='word_1_199' title='bbox 722 3794 763 3851; x_wconf 88' lang='lat' dir='ltr'>ab</span> <span class='ocrx_word' id='word_1_200' title='bbox 787 3809 855 3865; x_wconf 89' lang='lat' dir='ltr'>una,</span> <span class='ocrx_word' id='word_1_201' title='bbox 879 3794 954 3851; x_wconf 91' lang='lat' dir='ltr'>item</span> <span class='ocrx_word' id='word_1_202' title='bbox 977 3808 1036 3868; x_wconf 88' lang='lat' dir='ltr'>pro</span> <span class='ocrx_word' id='word_1_203' title='bbox 1058 3791 1168 3870; x_wconf 86' lang='lat' dir='ltr'>judice,</span> <span class='ocrx_word' id='word_1_204' title='bbox 1193 3791 1302 3868; x_wconf 90' lang='lat' dir='ltr'>juratis</span> <span class='ocrx_word' id='word_1_205' title='bbox 1325 3799 1356 3851; x_wconf 87' lang='lat' dir='ltr'>et</span> <span class='ocrx_word' id='word_1_206' title='bbox 1377 3794 1532 3852; x_wconf 84' lang='lat' dir='ltr'>universis</span> 
     </span>
     <span class='ocr_line' id='line_1_28' title="bbox 270 3895 1533 3972; baseline 0.001 -16"><span class='ocrx_word' id='word_1_207' title='bbox 270 3899 391 3958; x_wconf 91' lang='lat' dir='ltr'>civibus</span> <span class='ocrx_word' id='word_1_208' title='bbox 414 3899 548 3958; x_wconf 83' lang='lat' dir='ltr'>civitatis</span> <span class='ocrx_word' id='word_1_209' title='bbox 571 3899 685 3957; x_wconf 91' lang='lat' dir='ltr'>montis</span> <span class='ocrx_word' id='word_1_210' title='bbox 708 3897 870 3958; x_wconf 88' lang='lat' dir='ltr'>Grecensis</span> <span class='ocrx_word' id='word_1_211' title='bbox 893 3895 931 3957; x_wconf 87' lang='lat' dir='ltr'>de</span> <span class='ocrx_word' id='word_1_212' title='bbox 953 3899 1039 3957; x_wconf 81' lang='lat' dir='ltr'>iuxta</span> <span class='ocrx_word' id='word_1_213' title='bbox 1062 3897 1256 3972; x_wconf 90' lang='lat' dir='ltr'>Zagrabiam,</span> <span class='ocrx_word' id='word_1_214' title='bbox 1292 3899 1441 3972; x_wconf 89' lang='lat' dir='ltr'>magister</span> <span class='ocrx_word' id='word_1_215' title='bbox 1470 3900 1533 3957; x_wconf 89' lang='lat' dir='ltr'>Ma-</span> 
     </span>
     <span class='ocr_line' id='line_1_29' title="bbox 270 4004 1533 4081; baseline 0.002 -19"><span class='ocrx_word' id='word_1_216' title='bbox 270 4005 367 4078; x_wconf 88' lang='lat' dir='ltr'>thyas,</span> <span class='ocrx_word' id='word_1_217' title='bbox 390 4007 528 4064; x_wconf 89' lang='lat' dir='ltr'>notarius</span> <span class='ocrx_word' id='word_1_218' title='bbox 551 4004 632 4064; x_wconf 89' lang='lat' dir='ltr'>dicte</span> <span class='ocrx_word' id='word_1_219' title='bbox 655 4006 788 4064; x_wconf 85' lang='lat' dir='ltr'>civitatis</span> <span class='ocrx_word' id='word_1_220' title='bbox 811 4006 925 4064; x_wconf 86' lang='lat' dir='ltr'>montis</span> <span class='ocrx_word' id='word_1_221' title='bbox 948 4005 1110 4064; x_wconf 89' lang='lat' dir='ltr'>Grecensis</span> <span class='ocrx_word' id='word_1_222' title='bbox 1144 4005 1289 4064; x_wconf 87' lang='lat' dir='ltr'>similiter</span> <span class='ocrx_word' id='word_1_223' title='bbox 1319 4019 1391 4064; x_wconf 91' lang='lat' dir='ltr'>cum</span> <span class='ocrx_word' id='word_1_224' title='bbox 1422 4021 1533 4081; x_wconf 90' lang='lat' dir='ltr'>procu-</span> 
     </span>
     <span class='ocr_line' id='line_1_30' title="bbox 268 4111 1534 4185; baseline 0.002 -17"><span class='ocrx_word' id='word_1_225' title='bbox 268 4111 392 4170; x_wconf 86' lang='lat' dir='ltr'>ratoriis</span> <span class='ocrx_word' id='word_1_226' title='bbox 423 4111 535 4170; x_wconf 92' lang='lat' dir='ltr'>litteris</span> <span class='ocrx_word' id='word_1_227' title='bbox 566 4112 679 4170; x_wconf 85' lang='lat' dir='ltr'>nostris</span> <span class='ocrx_word' id='word_1_228' title='bbox 710 4117 797 4185; x_wconf 89' lang='lat' dir='ltr'>parte</span> <span class='ocrx_word' id='word_1_229' title='bbox 827 4112 868 4170; x_wconf 92' lang='lat' dir='ltr'>ab</span> <span class='ocrx_word' id='word_1_230' title='bbox 891 4111 998 4184; x_wconf 86' lang='lat' dir='ltr'>altera,</span> <span class='ocrx_word' id='word_1_231' title='bbox 1029 4127 1136 4170; x_wconf 92' lang='lat' dir='ltr'>coram</span> <span class='ocrx_word' id='word_1_232' title='bbox 1158 4111 1250 4170; x_wconf 92' lang='lat' dir='ltr'>nobis</span> <span class='ocrx_word' id='word_1_233' title='bbox 1273 4111 1440 4184; x_wconf 90' lang='lat' dir='ltr'>constituti,</span> <span class='ocrx_word' id='word_1_234' title='bbox 1463 4117 1534 4170; x_wconf 90' lang='lat' dir='ltr'>sunt</span> 
     </span>
     <span class='ocr_line' id='line_1_31' title="bbox 269 4215 1533 4292; baseline 0.002 -18"><span class='ocrx_word' id='word_1_235' title='bbox 269 4216 400 4276; x_wconf 84' lang='lat' dir='ltr'>confessi</span> <span class='ocrx_word' id='word_1_236' title='bbox 422 4217 454 4275; x_wconf 93' lang='lat' dir='ltr'>in</span> <span class='ocrx_word' id='word_1_237' title='bbox 483 4217 565 4275; x_wconf 91' lang='lat' dir='ltr'>hunc</span> <span class='ocrx_word' id='word_1_238' title='bbox 595 4215 740 4275; x_wconf 87' lang='lat' dir='ltr'>modum:</span> <span class='ocrx_word' id='word_1_239' title='bbox 773 4216 857 4292; x_wconf 89' lang='lat' dir='ltr'>quod</span> <span class='ocrx_word' id='word_1_240' title='bbox 888 4218 948 4292; x_wconf 90' lang='lat' dir='ltr'>ipsi</span> <span class='ocrx_word' id='word_1_241' title='bbox 976 4217 1199 4277; x_wconf 86' lang='lat' dir='ltr'>discussionem</span> <span class='ocrx_word' id='word_1_242' title='bbox 1222 4223 1252 4276; x_wconf 91' lang='lat' dir='ltr'>et</span> <span class='ocrx_word' id='word_1_243' title='bbox 1272 4217 1533 4277; x_wconf 89' lang='lat' dir='ltr'>deliberacionem</span> 
     </span>
     <span class='ocr_line' id='line_1_32' title="bbox 269 4322 1534 4399; baseline 0.003 -19"><span class='ocrx_word' id='word_1_244' title='bbox 269 4322 430 4381; x_wconf 89' lang='lat' dir='ltr'>cuiusdam</span> <span class='ocrx_word' id='word_1_245' title='bbox 461 4337 559 4396; x_wconf 87' lang='lat' dir='ltr'>cause,</span> <span class='ocrx_word' id='word_1_246' title='bbox 591 4339 651 4398; x_wconf 90' lang='lat' dir='ltr'>que</span> <span class='ocrx_word' id='word_1_247' title='bbox 675 4325 754 4382; x_wconf 88' lang='lat' dir='ltr'>inter</span> <span class='ocrx_word' id='word_1_248' title='bbox 785 4323 941 4399; x_wconf 87' lang='lat' dir='ltr'>prelatum</span> <span class='ocrx_word' id='word_1_249' title='bbox 974 4325 1133 4398; x_wconf 89' lang='lat' dir='ltr'>egregium</span> <span class='ocrx_word' id='word_1_250' title='bbox 1157 4325 1332 4399; x_wconf 83' lang='lat' dir='ltr'>Hennyngh</span> <span class='ocrx_word' id='word_1_251' title='bbox 1355 4326 1396 4383; x_wconf 90' lang='lat' dir='ltr'>ab</span> <span class='ocrx_word' id='word_1_252' title='bbox 1420 4340 1481 4384; x_wconf 89' lang='lat' dir='ltr'>una</span> <span class='ocrx_word' id='word_1_253' title='bbox 1503 4331 1534 4384; x_wconf 87' lang='lat' dir='ltr'>et</span> 
     </span>
     <span class='ocr_line' id='line_1_33' title="bbox 267 4427 1532 4507; baseline 0.003 -21"><span class='ocrx_word' id='word_1_254' title='bbox 267 4430 347 4487; x_wconf 88' lang='lat' dir='ltr'>inter</span> <span class='ocrx_word' id='word_1_255' title='bbox 369 4437 558 4488; x_wconf 88' lang='lat' dir='ltr'>memoratos</span> <span class='ocrx_word' id='word_1_256' title='bbox 581 4427 725 4505; x_wconf 88' lang='lat' dir='ltr'>judicem,</span> <span class='ocrx_word' id='word_1_257' title='bbox 747 4429 875 4507; x_wconf 88' lang='lat' dir='ltr'>juratos,</span> <span class='ocrx_word' id='word_1_258' title='bbox 898 4432 1043 4506; x_wconf 88' lang='lat' dir='ltr'>civesque</span> <span class='ocrx_word' id='word_1_259' title='bbox 1066 4431 1199 4490; x_wconf 88' lang='lat' dir='ltr'>civitatis</span> <span class='ocrx_word' id='word_1_260' title='bbox 1223 4431 1337 4490; x_wconf 87' lang='lat' dir='ltr'>montis</span> <span class='ocrx_word' id='word_1_261' title='bbox 1370 4430 1532 4490; x_wconf 87' lang='lat' dir='ltr'>Grecensis</span> 
     </span>
     <span class='ocr_line' id='line_1_34' title="bbox 266 4533 1532 4612; baseline 0.002 -18"><span class='ocrx_word' id='word_1_262' title='bbox 266 4541 356 4609; x_wconf 88' lang='lat' dir='ltr'>parte</span> <span class='ocrx_word' id='word_1_263' title='bbox 379 4535 420 4593; x_wconf 93' lang='lat' dir='ltr'>ab</span> <span class='ocrx_word' id='word_1_264' title='bbox 443 4533 542 4594; x_wconf 92' lang='lat' dir='ltr'>altera</span> <span class='ocrx_word' id='word_1_265' title='bbox 566 4535 651 4594; x_wconf 87' lang='lat' dir='ltr'>iuxta</span> <span class='ocrx_word' id='word_1_266' title='bbox 675 4537 898 4596; x_wconf 91' lang='lat' dir='ltr'>continenciam</span> <span class='ocrx_word' id='word_1_267' title='bbox 929 4537 1104 4596; x_wconf 89' lang='lat' dir='ltr'>litterarum</span> <span class='ocrx_word' id='word_1_268' title='bbox 1135 4535 1293 4612; x_wconf 86' lang='lat' dir='ltr'>magnifici</span> <span class='ocrx_word' id='word_1_269' title='bbox 1323 4537 1446 4596; x_wconf 91' lang='lat' dir='ltr'>comitis</span> <span class='ocrx_word' id='word_1_270' title='bbox 1475 4537 1532 4596; x_wconf 91' lang='lat' dir='ltr'>La·</span> 
     </span>
    </p>
   </div>
   <div class='ocr_carea' id='block_1_11' title="bbox 177 4637 1533 4720">
    <p class='ocr_par' dir='ltr' id='par_1_12' title="bbox 177 4637 1533 4720">
     <span class='ocr_line' id='line_1_35' title="bbox 177 4637 1533 4720; baseline 0.001 -20"><span class='ocrx_word' id='word_1_271' title='bbox 177 4681 188 4700; x_wconf 93' lang='grc'><strong>.</strong></span> <span class='ocrx_word' id='word_1_272' title='bbox 267 4637 359 4699; x_wconf 89' lang='lat' dir='ltr'>dislai</span> <span class='ocrx_word' id='word_1_273' title='bbox 393 4640 431 4700; x_wconf 80' lang='lat' dir='ltr'>ele</span> <span class='ocrx_word' id='word_1_274' title='bbox 466 4641 592 4715; x_wconf 84' lang='lat' dir='ltr'>Paloca,</span> <span class='ocrx_word' id='word_1_275' title='bbox 624 4641 735 4720; x_wconf 87' lang='lat' dir='ltr'>judicis</span> <span class='ocrx_word' id='word_1_276' title='bbox 771 4644 855 4702; x_wconf 92' lang='lat' dir='ltr'>curie</span> <span class='ocrx_word' id='word_1_277' title='bbox 884 4645 967 4718; x_wconf 80' lang='lat' dir='ltr'>regie</span> <span class='ocrx_word' id='word_1_278' title='bbox 999 4645 1288 4720; x_wconf 86' lang='lat' dir='ltr'>prorogatoriarum</span> <span class='ocrx_word' id='word_1_279' title='bbox 1318 4659 1413 4719; x_wconf 88' lang='lat' dir='ltr'>super</span> <span class='ocrx_word' id='word_1_280' title='bbox 1444 4641 1533 4703; x_wconf 84' lang='lat' dir='ltr'>factis</span> 
     </span>
    </p>
   </div>
   <div class='ocr_carea' id='block_1_12' title="bbox 265 4745 1532 5037">
    <p class='ocr_par' dir='ltr' id='par_1_13' title="bbox 265 4745 1532 5037">
     <span class='ocr_line' id='line_1_36' title="bbox 265 4745 1532 4823; baseline 0.003 -19"><span class='ocrx_word' id='word_1_281' title='bbox 265 4747 298 4804; x_wconf 94' lang='lat' dir='ltr'>in</span> <span class='ocrx_word' id='word_1_282' title='bbox 319 4745 431 4806; x_wconf 90' lang='lat' dir='ltr'>litteris</span> <span class='ocrx_word' id='word_1_283' title='bbox 453 4750 566 4807; x_wconf 90' lang='lat' dir='ltr'>nostris</span> <span class='ocrx_word' id='word_1_284' title='bbox 597 4751 915 4810; x_wconf 89' lang='lat' dir='ltr'>transmissionalibus</span> <span class='ocrx_word' id='word_1_285' title='bbox 946 4752 1112 4823; x_wconf 90' lang='lat' dir='ltr'>contentis,</span> <span class='ocrx_word' id='word_1_286' title='bbox 1144 4752 1176 4810; x_wconf 92' lang='lat' dir='ltr'>in</span> <span class='ocrx_word' id='word_1_287' title='bbox 1204 4752 1322 4810; x_wconf 85' lang='lat' dir='ltr'>octavis</span> <span class='ocrx_word' id='word_1_288' title='bbox 1355 4750 1425 4809; x_wconf 87' lang='lat' dir='ltr'>festi</span> <span class='ocrx_word' id='word_1_289' title='bbox 1448 4751 1532 4808; x_wconf 89' lang='lat' dir='ltr'>beati</span> 
     </span>
     <span class='ocr_line' id='line_1_37' title="bbox 266 4852 1530 4933; baseline 0.002 -21"><span class='ocrx_word' id='word_1_290' title='bbox 266 4852 393 4927; x_wconf 86' lang='lat' dir='ltr'>Georgii</span> <span class='ocrx_word' id='word_1_291' title='bbox 415 4855 551 4914; x_wconf 89' lang='lat' dir='ltr'>martiris</span> <span class='ocrx_word' id='word_1_292' title='bbox 572 4871 678 4914; x_wconf 91' lang='lat' dir='ltr'>coram</span> <span class='ocrx_word' id='word_1_293' title='bbox 701 4856 812 4914; x_wconf 90' lang='lat' dir='ltr'>eodem</span> <span class='ocrx_word' id='word_1_294' title='bbox 834 4855 937 4933; x_wconf 90' lang='lat' dir='ltr'>judice</span> <span class='ocrx_word' id='word_1_295' title='bbox 960 4858 1044 4916; x_wconf 91' lang='lat' dir='ltr'>curie</span> <span class='ocrx_word' id='word_1_296' title='bbox 1067 4858 1151 4931; x_wconf 81' lang='lat' dir='ltr'>regie</span> <span class='ocrx_word' id='word_1_297' title='bbox 1174 4857 1361 4930; x_wconf 86' lang='lat' dir='ltr'>vertebatur,</span> <span class='ocrx_word' id='word_1_298' title='bbox 1390 4856 1428 4915; x_wconf 89' lang='lat' dir='ltr'>de</span> <span class='ocrx_word' id='word_1_299' title='bbox 1459 4871 1530 4930; x_wconf 87' lang='lat' dir='ltr'>par·</span> 
     </span>
     <span class='ocr_line' id='line_1_38' title="bbox 267 4961 1532 5037; baseline 0.002 -20"><span class='ocrx_word' id='word_1_300' title='bbox 267 4961 349 5018; x_wconf 91' lang='lat' dir='ltr'>cium</span> <span class='ocrx_word' id='word_1_301' title='bbox 374 4967 612 5034; x_wconf 87' lang='lat' dir='ltr'>procuratorum</span> <span class='ocrx_word' id='word_1_302' title='bbox 635 4962 795 5021; x_wconf 85' lang='lat' dir='ltr'>voluntate</span> <span class='ocrx_word' id='word_1_303' title='bbox 818 4961 857 5020; x_wconf 88' lang='lat' dir='ltr'>ad</span> <span class='ocrx_word' id='word_1_304' title='bbox 881 4970 1006 5022; x_wconf 89' lang='lat' dir='ltr'>octavas</span> <span class='ocrx_word' id='word_1_305' title='bbox 1033 4961 1102 5022; x_wconf 89' lang='lat' dir='ltr'>lesti</span> <span class='ocrx_word' id='word_1_306' title='bbox 1129 4964 1212 5021; x_wconf 90' lang='lat' dir='ltr'>beati</span> <span class='ocrx_word' id='word_1_307' title='bbox 1239 4962 1366 5037; x_wconf 86' lang='lat' dir='ltr'>Georgii</span> <span class='ocrx_word' id='word_1_308' title='bbox 1392 4962 1532 5020; x_wconf 89' lang='lat' dir='ltr'>martiris</span> 
     </span>
    </p>
   </div>
   <div class='ocr_carea' id='block_1_13' title="bbox 264 5066 1532 5232">
    <p class='ocr_par' dir='ltr' id='par_1_14' title="bbox 264 5066 1532 5232">
     <span class='ocr_line' id='line_1_39' title="bbox 264 5066 1532 5143; baseline 0.002 -20"><span class='ocrx_word' id='word_1_309' title='bbox 264 5066 295 5123; x_wconf 91' lang='lat' dir='ltr'>in</span> <span class='ocrx_word' id='word_1_310' title='bbox 327 5072 436 5125; x_wconf 91' lang='lat' dir='ltr'>octava</span> <span class='ocrx_word' id='word_1_311' title='bbox 466 5068 665 5127; x_wconf 88' lang='lat' dir='ltr'>revoluoione</span> <span class='ocrx_word' id='word_1_312' title='bbox 695 5070 822 5127; x_wconf 89' lang='lat' dir='ltr'>annuali</span> <span class='ocrx_word' id='word_1_313' title='bbox 853 5073 999 5128; x_wconf 88' lang='lat' dir='ltr'>venturas</span> <span class='ocrx_word' id='word_1_314' title='bbox 1031 5069 1150 5143; x_wconf 88' lang='lat' dir='ltr'>absque</span> <span class='ocrx_word' id='word_1_315' title='bbox 1173 5070 1258 5128; x_wconf 91' lang='lat' dir='ltr'>omni</span> <span class='ocrx_word' id='word_1_316' title='bbox 1290 5069 1471 5142; x_wconf 84' lang='lat' dir='ltr'>gravamine</span> <span class='ocrx_word' id='word_1_317' title='bbox 1501 5073 1532 5126; x_wconf 91' lang='lat' dir='ltr'>et</span> 
     </span>
     <span class='ocr_line' id='line_1_40' title="bbox 1428 5174 1463 5232; baseline 0 0"><span class='ocrx_word' id='word_1_318' title='bbox 1428 5174 1463 5232; x_wconf 85' lang='grc' dir='ltr'>ιό</span> 
     </span>
    </p>
   </div>
   <div class='ocr_carea' id='block_1_14' title="bbox 0 0 1970 5806">
    <p class='ocr_par' dir='ltr' id='par_1_15' title="bbox 0 0 1970 5806">
     <span class='ocr_line' id='line_1_41' title="bbox 0 0 1970 5806; baseline 0 6"><span class='ocrx_word' id='word_1_319' title='bbox 0 0 1970 5806; x_wconf 95' lang='lat' dir='ltr'> </span> 
     </span>
    </p>
   </div>
  </div>
 </body>
</html>
