3736 5826
733 575 806 636 Dor.
832 585 875 646 31.
898 607 943 618 -
965 573 1021 636 An.
1044 587 1135 653 1422.
1512 597 1562 655 ‚29

293 835 300 844 .
353 855 355 858 ¹
407 788 494 861 item,
518 789 687 848 alteradie
709 789 877 848 inmediate
900 790 1039 863 sequenti
1072 789 1234 850 ladislaus
1266 792 1305 850 de
1327 794 1461 866 Dauoth,
1485 809 1564 852 unus

296 911 343 952 ex
366 895 520 956 canonicis
541 896 574 954 in
598 896 677 954 turri
699 897 749 954 hic
765 896 871 954 habita
889 897 1081 970 constitutus,
1096 913 1168 956 cum
1185 899 1246 958 sihi
1260 898 1488 972 adherentibus,
1501 915 1567 958 ma-

293 1000 409 1060 chinas
432 1005 464 1059 et
485 1001 609 1075 pixides
631 1016 794 1061 sonorosas
817 1001 980 1078 sepissime
1003 1017 1091 1061 more
1113 1004 1220 1063 hostili
1246 1006 1308 1064 huc
1336 1006 1377 1064 ad
1408 1005 1566 1066 civitateiu

304 1106 441 1166 emisit
440 1112 471 1167 et
502 1108 603 1166 emitti
635 1107 715 1178 fecit,
750 1108 806 1166 ubi
829 1109 936 1181 eciam,
960 1110 988 1168 si
1009 1109 1139 1183 vigilem
1163 1110 1334 1169 custodiam
1357 1128 1419 1170 non
1441 1113 1567 1170 habuis·

304 1229 418 1286 semus,
451 1215 558 1288 utique
589 1214 673 1273 idem
709 1214 872 1274 ladislaus
894 1232 968 1274 cum
989 1217 1052 1275 suis
1074 1217 1281 1291 complicibus
1304 1219 1384 1276 hanc
1406 1220 1566 1278 civitatem

298 1319 336 1380 in
359 1319 503 1380 favillam
525 1321 606 1395 ignis
630 1322 770 1380 converti
792 1321 924 1395 iecisset,
956 1322 1048 1398 culpa
1083 1328 1189 1382 nostra
1221 1339 1283 1382 non
1317 1325 1466 1398 exigente.
1496 1327 1568 1384 Pre-

296 1424 387 1484 .fatus
423 1428 520 1486 eciam
556 1425 717 1486 ladislaus
753 1427 792 1486 de
825 1429 986 1502 premissis
1016 1444 1078 1487 non
1101 1434 1270 1503 contentus,
1291 1431 1403 1488 diebus
1426 1433 1568 1505 proxime

306 1533 429 1607 elapsis,
454 1534 554 1593 altera
566 1535 635 1592 vice
657 1547 754 1596 unum
776 1534 936 1593 hominem
959 1535 991 1592 in
1014 1536 1138 1594 civitate
1161 1540 1325 1610 prenotata
1344 1537 1517 1610 captivavit
1538 1542 1569 1595 et

303 1641 478 1708 abeodem
500 1641 605 1698 omnia
629 1640 712 1700 bona
733 1655 797 1714 sua,
822 1655 918 1714 arma,
943 1641 1128 1700 vestimenta
1150 1624 1190 1700 et'
1202 1642 1349 1716 pecunias
1364 1643 1504 1716 aliasque
1518 1659 1569 1701 res

307 1751 461 1822 protunc
483 1746 567 1822 apud
591 1763 663 1806 eum
685 1747 792 1825 habita
815 1751 846 1805 et
879 1751 1020 1821 repertas
1048 1763 1135 1806 more
1171 1747 1341 1822 predonico
1374 1749 1505 1807 abstulit
1538 1755 1569 1807 et

307 1853 426 1927 recepit
447 1858 477 1912 et
499 1853 572 1912 iecit
595 1869 655 1927 que
677 1869 732 1912 sue
755 1853 873 1929 placuit
896 1853 1058 1912 voluntati
1093 1854 1211 1912 Eodem
1234 1853 1285 1913 die
1318 1855 1458 1914 diversos
1491 1856 1570 1914 ictus

298 1953 489 2032 sagittarum
514 1959 553 2018 ad
576 1961 718 2018 homines
740 1961 832 2018 huius
854 1960 987 2018 civitatis
1010 1961 1042 2019 in
1064 1961 1189 2019 civitate
1211 1961 1283 2019 hinc
1305 1961 1377 2019 inde
1393 1961 1569 2034 gradientes

309 2065 411 2126 emisit
433 2069 464 2124 et
486 2065 585 2124 emitti
608 2065 688 2137 fecit,
712 2066 791 2123 sicut
815 2082 868 2123 sue
891 2066 1010 2140 placuit
1032 2067 1195 2138 voluntati,
1223 2071 1253 2124 et
1283 2067 1458 2124 incendium
1490 2067 1570 2140 ignis

299 2171 341 2228 in
375 2171 453 2229 hanc
486 2171 644 2229 civitatem
678 2172 778 2230 emitti
812 2171 921 2243 voluit,
953 2177 1047 2246 prout
1069 2173 1155 2246 prius
1181 2177 1212 2230 et
1236 2177 1315 2244 ante,
1338 2173 1392 2231 ubi
1416 2175 1523 2246 eciam,
1544 2175 1570 2232 si

308 2276 481 2340 custodiam
504 2278 635 2351 vigilem
658 2293 712 2336 seu
733 2275 838 2353 jugem
859 2293 922 2336 non
944 2271 1170 2351 habuissemus,
1194 2280 1302 2353 utique
1325 2279 1409 2352 quod
1441 2281 1570 2338 volebat

308 2381 495 2456 perfecisset.
905 2393 906 2398 ’

414 2489 501 2560 item,
525 2490 584 2548 hiis
607 2489 718 2548 diebus
741 2491 886 2548 similiter
908 2491 1054 2564 proxime
1076 2490 1191 2565 elapsis
1222 2489 1382 2550 Gerardus
1412 2491 1512 2549 lector
1540 2495 1571 2549 et

298 2596 474 2684 'canonicus
508 2596 636 2682 ecclesie
667 2595 892 2669 zagrabiensis,
926 2611 1022 2656 unam
1055 2597 1218 2655 honestam
1253 2597 1434 2670 mulierem,
1469 2598 1571 2656 civem

309 2703 402 2760 huius
425 2704 560 2762 civitatis
582 2705 613 2761 in
636 2702 726 2761 factis
748 2703 812 2762 suis
836 2708 978 2777 agentern
1000 2705 1032 2761 in
1055 2704 1106 2761 via
1129 2704 1161 2761 in
1181 2703 1319 2776 capitulo
1342 2703 1492 2774 habi-tam,
1523 2719 1572 2761 re·

286 2815 440 2881 ‚perram
463 2810 548 2868 omni
571 2825 626 2867 sua
649 2809 713 2867 sine
736 2810 830 2883 culpa
845 2810 974 2884 propria
997 2825 1092 2868 manu
1115 2808 1181 2866 dire
1204 2809 1392 2881 verberavit,
1408 2815 1570 2883 cooperto·

309 2915 392 2972 rium
415 2916 525 2990 capitis
547 2916 708 2990 decapite
731 2917 797 2974 eius
819 2916 950 2974 abstulit
972 2921 1002 2972 et
1026 2914 1157 2973 eandem
1179 2915 1285 2973 verbis
1309 2915 1427 2972 illicitis
1443 2921 1474 2972 et
1490 2915 1569 2972 vitu·

311 3021 443 3096 perioris
465 3023 697 3096 pertractavit
689 3039 721 3080 m
744 3021 877 3080 dedecus
899 3037 992 3080 sexus
1013 3021 1187 3093 muliebris,
1210 3019 1288 3078 alias
1310 3021 1408 3079 eciam
1428 3019 1573 3080 honestas

311 3129 458 3186 mulieres
481 3128 598 3189 eisdem
620 3129 727 3188 verbis
750 3128 947 3201 adiungendo
970 3128 1137 3218 crininatus
1160 3133 1213 3186 est.

372 3235 502 3306 item,
539 3235 683 3294 similiter
716 3236 776 3294 hiis
811 3234 922 3293 diebus
955 3215 1100 3308 proxime
1123 3233 1237 3307 elapsis
1261 3234 1343 3292 circa
1365 3231 1480 3292 festum
1503 3186 1573 3291 bea·

311 3321 415 3399 torum
439 3341 521 3398 Petri
544 3345 575 3398 et
596 3341 686 3398 Pauli
709 3340 936 3414 apostolorum,
959 3355 1040 3396 nunc
1064 3339 1216 3412 elapsum,
1238 3338 1351 3412 prefati
1382 3337 1501 3397 domini
1536 3339 1575 3396 de

310 3447 458 3520 capitulo,
482 3446 585 3505 missis
608 3461 718 3504 eorum
731 3445 912 3504 hominibus
929 3451 959 3502 et
975 3444 1185 3504 familiaribus
1200 3443 1278 3502 duos
1295 3459 1391 3517 equos
1407 3445 1576 3516 Michaelis,

310 3552 369 3611 filii
392 3551 545 3626 Symonis,
568 3552 693 3628 pridem
717 3551 835 3624 iudicis,
859 3567 895 3609 ac
918 3551 997 3609 duos
1020 3551 1117 3609 boves
1142 3549 1297 3625 Stephani,
1323 3550 1444 3624 pridem
1475 3551 1576 3622 iurati,

310 3659 486 3717 concivium
509 3663 696 3730 nostrorum,
720 3659 751 3716 in
774 3659 930 3716 territorio
954 3658 1046 3716 huius
1068 3657 1202 3716 civitatis
1234 3657 1404 3715 demactari
1433 3656 1577 3715 fecissent

305 3781 364 3823 seu
388 3766 546 3824 vulnerari
569 3767 634 3824 sine
657 3764 758 3838 culpa.

416 3872 503 3942 Item,
539 3873 570 3930 in
605 3871 682 3930 festo
717 3872 807 3929 beate
837 3870 1032 3943 Margarethe
1066 3870 1197 3943 virginis
1231 3873 1262 3927 et
1290 3870 1429 3928 martiris
1451 3871 1574 3927 noviter

312 3977 428 4051 elapso,
452 3977 570 4036 domini
593 3977 632 4036 de
654 3978 791 4052 capitulo
814 3977 941 4035 ecclesie
971 3976 1188 4048 zagrabiensis,
1219 3981 1361 4049 tempore
1393 3981 1577 4048 treugarum

313 4083 372 4142 fori
395 4073 536 4142 annualis
559 4083 699 4141 eiusdem
722 4083 800 4156 testi,
824 4098 842 4141 a
866 4081 998 4141 meridie
1028 4080 1191 4156 usquead
1216 4075 1435 4154 crepusculum
1465 4081 1572 4152 noctis,

314 4190 353 4247 ad
377 4191 459 4248 latus
482 4205 633 4264 campane
656 4191 758 4248 sonitu
779 4189 973 4264 propulsato,
997 4188 1190 4261 congregatis
1221 4203 1329 4244 eorum
1360 4185 1578 4256 familiaribus,

313 4296 493 4354 hominibus
516 4302 546 4353 et
568 4297 786 4370 iobagionibus
808 4297 867 4354 sub
891 4301 1047 4370 precept0,
1071 4294 1231 4352 advocatis
1253 4293 1352 4350 eciam
1381 4289 1579 4360 officialibus,

307 4401 535 4474 familiaribus,
570 4402 751 4462 hominibus
786 4407 816 4460 et
849 4403 1067 4475 iobagionibus
1084 4407 1086 4410 ’
1101 4398 1352 4458 reverendissimi
1388 4398 1420 4456 in
1454 4395 1579 4455 Christo

314 4508 421 4581 patris,
445 4508 564 4568 domini
586 4510 736 4593 Johannis
759 4509 897 4584 episcopi
913 4509 1129 4582 zagrabiensis,
1146 4506 1289 4565 manibus
1305 4504 1432 4563 armatis
1447 4508 1478 4562 et
1493 4517 1580 4560 more

316 4616 578 4673 exercituancium
615 4617 796 4690 inceperunt
829 4629 1009 4689 expugnare
1043 4614 1201 4671 civitatem
1236 4626 1254 4669 a
1285 4609 1415 4669 meridie
1449 4608 1581 4684 predicti

316 4719 386 4779 festi
409 4737 508 4795 usque
531 4722 571 4780 ad
591 4723 812 4798 crepusculum
835 4723 933 4780 noctis
969 4726 999 4779 et
1033 4719 1174 4794 sequenti
1208 4717 1258 4776 die
1291 4733 1309 4775 a
1343 4732 1433 4775 mane
1467 4715 1580 4776 iterum

316 4827 474 4900 usquead
498 4829 719 4902 crepusculum
743 4827 848 4886 noctis.
872 4827 905 4884 ln
930 4841 991 4900 qua
1015 4839 1119 4900 pugna
1142 4841 1181 4882 ex
1211 4823 1270 4881 ista
1303 4829 1392 4896 parte
1425 4820 1514 4879 tluvii
1547 4819 1580 4877 in

316 4933 473 4992 territorio
507 4934 640 4993 civitatis
678 4948 778 5010 prope
811 4931 929 4992 fontem
964 4931 1198 4990 Mandusewecz
1233 4935 1263 4987 et
1296 4929 1459 4987 ecclesiam
1483 4927 1581 4984 sancti

318 5039 444 5097 Martini
479 5023 530 5097 ac
552 5040 680 5099 domum
716 5039 821 5098 balnei
856 5039 991 5097 civitatis
1025 5053 1061 5096 ac
1095 5039 1180 5096 iuxta
1211 5037 1323 5094 turrim
1346 5048 1445 5109 prope
1468 5046 1581 5092 novam
