3828 5822
665 565 739 623 Doe.
761 560 835 622 286.
863 599 896 608 -
926 565 981 623 An.
1006 575 1093 642 1473.

838 775 925 841 286.

350 901 431 949 Anno
453 911 527 962 1473.
548 911 589 950 22.
609 898 701 949 martii.
727 896 823 950 Albae.

250 1009 376 1067 Thomas
402 1009 522 1081 Totnpa,
544 1007 719 1077 cononicus,¹
731 1008 843 1064 nomine
864 1007 988 1081 capituli
1000 1006 1195 1079 zagrabiensis
1203 1009 1416 1080 possessionum
1431 1007 1511 1064 Kro-

245 1099 340 1174 ljeoec,
371 1096 461 1172 Cerje,
485 1095 625 1171 Kobiljak
655 1104 703 1152 etc.
733 1097 802 1153 usui
821 1096 950 1171 fieretur,
972 1113 1053 1169 quem
1079 1097 1279 1154 conemunitas
1301 1096 1426 1153 civitatis
1442 1104 1511 1170 per-

667 1186 743 1261 cipit,
767 1185 992 1243 intercessionem
1001 1183 1089 1258 facit
1161 1219 1166 1225 ·

349 1309 521 1384 Magnificis
554 1310 640 1381 viris,
675 1309 762 1368 banis
798 1309 850 1368 vel
880 1309 1039 1367 vicebanis
1069 1310 1157 1382 regni
1190 1308 1370 1382 Sclauonie,
1404 1311 1512 1369 amicis

244 1432 352 1475 eorum
375 1415 571 1486 honorandis,
595 1415 770 1489 capitulum
787 1415 916 1473 ecclesie
932 1414 1076 1486 albensis,
1092 1415 1265 1472 amiciciam
1281 1421 1424 1489 paratam
1439 1432 1511 1476 cum

244 1523 371 1582 honore.
395 1521 547 1579 Noverint
569 1526 671 1578 vestre
694 1521 933 1594 magnificencie,
957 1519 1041 1594 quod
1065 1535 1120 1578 nos
1137 1521 1256 1578 litteras
1271 1520 1511 1581 introductorios

244 1634 274 1688 et
304 1628 482 1687 statutorias
514 1627 700 1685 serenissimi
732 1627 882 1702 principis
912 1625 1030 1684 domini
1060 1627 1183 1698 Mathie,
1216 1627 1266 1685 dei
1296 1627 1400 1700 gracia
1429 1630 1511 1702 regis

243 1735 409 1808 Hungarie,
433 1733 580 1792 Bobemie
604 1740 658 1790 etc.
682 1732 801 1791 domini
825 1733 920 1790 nostri
943 1733 1172 1806 graciosissimi‚
1195 1733 1285 1791 nobis
1316 1734 1510 1808 preceptorie

243 1839 415 1914 loquentes,
440 1854 564 1896 summo
588 1855 659 1896 cum
694 1839 811 1896 honore
833 1839 987 1913 recepisse
1020 1839 1052 1896 in
1083 1839 1140 1895 bec
1176 1839 1287 1897 verba:
1320 1833 1405 1919 (vide
1435 1840 1509 1899 Doc.

245 1961 315 2016 272.
339 1945 377 2004 de
401 1960 481 2003 anno
510 1959 599 2020 1472.
626 1960 674 2004 eo.
709 1937 806 2022 maii.)
841 1944 905 2004 Nos
938 1945 1042 2018 itaque
1075 1944 1230 2002 mandatis
1265 1945 1363 2019 ipsius
1391 1945 1510 2005 domini

244 2054 342 2112 nostri
357 2053 439 2125 regis
462 2067 587 2125 semper
610 2052 693 2110 etin
717 2052 862 2109 omnibus
885 2051 1098 2124 obtemperari
1129 2051 1278 2123 volentes,
1302 2057 1337 2109 ut
1359 2058 1510 2125 tenemur,

242 2174 397 2217 unacum
426 2158 642 2232 prenominato
676 2158 826 2216 Michaele
856 2157 1113 2230 Benczelrowych,
1144 2159 1270 2216 homine
1293 2158 1432 2217 eiusdem
1455 2159 1510 2218 do-

241 2265 318 2323 mini
350 2265 446 2323 nostri
477 2265 568 2336 regis,
599 2269 741 2322 nostrum
764 2264 924 2322 hominem
948 2262 1095 2322 videlicet
1118 2261 1286 2322 discretum
1309 2264 1510 2324 Benedictum

242 2370 281 2428 de
303 2370 434 2443 Thatha,
457 2368 702 2444 prebendarium
726 2369 812 2428 chori
834 2369 963 2428 ecclesie
995 2374 1099 2428 nostre
1129 2370 1268 2445 predicte
1291 2386 1327 2428 ac
1356 2376 1509 2431 rectorem
1531 2443 1532 2446 Ἴ

244 2476 365 2551 capelle
388 2475 485 2534 sancti
506 2475 643 2534 Ladislai
667 2475 706 2533 ad
729 2475 810 2533 latus
834 2475 972 2534 eiusdem
995 2476 1123 2534 ecclesie
1146 2475 1273 2534 fundate
1295 2475 1335 2534 ad
1358 2477 1510 2550 premissa

241 2581 376 2640 fideliter
399 2581 579 2656 exequenda
602 2587 708 2640 nostro
732 2596 791 2655 pro
814 2581 989 2640 testimonio
1021 2583 1249 2641 transmisimus
1277 2582 1341 2640 fide
1371 2583 1509 2657 dignum.

241 2688 303 2761 Qui
326 2687 451 2746 tandem
474 2687 585 2746 exinde
609 2687 648 2745 ad
672 2703 728 2746 nos
750 2687 877 2758 reversi,
893 2687 983 2745 nobis
1006 2687 1204 2746 uniformiter
1219 2689 1409 2750 retulerunt:
1432 2705 1508 2762 quo·

241 2794 335 2852 modo
358 2795 418 2868 ipsi
434 2792 510 2852 seria
533 2794 628 2852 tercia
652 2793 796 2868 proxima
820 2799 890 2852 ante
914 2791 1028 2851 festum
1052 2794 1135 2852 beati
1157 2793 1300 2867 Gregorii
1323 2811 1413 2868 pape,
1434 2811 1508 2869 pro·

240 2901 323 2958 xime
353 2901 546 2975 preteritum,
578 2917 614 2958 ac
638 2900 714 2958 feria
748 2905 859 2974 quarta
882 2899 1061 2958 immediate
1084 2901 1232 2973 sequenti,
1256 2900 1295 2958 ad
1319 2900 1411 2960 iacies
1435 2917 1505 2976 pre·

239 3007 427 3080 scriptarum
461 3007 691 3079 possessionum
726 3006 895 3075 Kralewce‚
931 3005 1063 3079 Crerye,
1094 3007 1258 3079 Kobylya,
1291 3005 1443 3080 Zwyblya
1478 3013 1508 3065 et

241 3113 339 3171 Narth
352 3116 543 3185 vocatarum,
556 3113 681 3171 omnino
694 3114 724 3170 in
738 3113 887 3171 comitatu
898 3114 1090 3186 zagrabiensi
1102 3114 1311 3186 existencium,
1320 3115 1507 3188 habitarum,

239 3219 348 3277 vicinis
379 3229 409 3276 et
439 3219 659 3276 commetaneis
691 3218 872 3276 earumdem
903 3219 980 3277 inibi
1011 3219 1163 3292 legittime
1185 3219 1361 3278 convocatis
1384 3226 1415 3278 et
1437 3235 1507 3294 pre·

238 3325 377 3382 sentibus
399 3323 586 3396 accedentes,
610 3329 639 3382 et
662 3324 737 3382 dum
761 3324 887 3383 easdem
910 3326 1119 3399 possessiones
1138 3327 1233 3383 simul
1250 3341 1321 3384 cum
1336 3323 1411 3402 jure·
1420 3327 1506 3399 regio

239 3431 271 3488 in
294 3429 411 3488 eisdem
444 3430 551 3488 habito
586 3432 766 3490 memoratis
801 3431 923 3490 civibus
960 3435 991 3489 et
1025 3432 1201 3506 hospitibus
1232 3431 1365 3490 civitatis
1389 3434 1505 3491 montis

242 3537 404 3596 Grecensis
445 3541 579 3595 statuere
618 3538 808 3610 voluissent,
846 3543 919 3596 tunc
959 3538 1152 3596 honorabilis
1187 3539 1336 3612 magister
1368 3539 1506 3596 Thomas

238 3643 390 3717 Thompa,
415 3644 579 3702 canonicus
603 3644 731 3702 ecclesie
761 3645 977 3718 zagrabiensis,
1007 3645 1039 3702 in
1070 3659 1125 3702 sua
1156 3651 1186 3703 et
1210 3645 1339 3720 capituli
1363 3643 1502 3704 eiusdem

237 3749 365 3807 ecclesie
396 3749 606 3822 zagrabiensis
638 3751 777 3826 personis
808 3749 987 3808 huiusmodi
1018 3751 1181 3809 statucioni
1204 3765 1312 3810 eorum
1335 3751 1505 3811 contradic·

238 3857 334 3914 cionis
351 3855 507 3914 velamine
519 3857 684 3928 obviasset,
700 3857 742 3913 ob
757 3856 981 3930 quamquidem
998 3856 1268 3915 contradictoriam
1284 3857 1506 3918 inhibicionem

237 3962 376 4037 prefatus
398 3962 494 4020 homo
519 3963 632 4035 regius,
656 3961 739 4021 dicto
762 3969 868 4021 nostro
899 3963 1076 4021 testimonio
1099 3970 1249 4037 presente,
1274 3963 1392 4022 dictum
1421 3965 1505 4039 capi·

235 4068 339 4126 tulum
361 4068 559 4140 zagrabiense
584 4075 690 4126 contra
712 4073 873 4126 annotatos
890 4069 973 4127 cives
989 4066 1027 4126 ad
1045 4073 1170 4126 octavas
1190 4067 1262 4128 festi
1277 4070 1360 4128 beati
1376 4069 1504 4144 Georgii

236 4175 381 4245 martiris,
393 4189 474 4232 nunc
489 4175 620 4248 venturi,
638 4179 775 4233 vestram
786 4179 944 4233 evocasset
956 4175 987 4232 in
1001 4175 1201 4248 presenciam,
1211 4176 1367 4234 racionem
1380 4182 1501 4235 contra·

235 4279 381 4338 diceionis
397 4295 506 4338 eorum
521 4280 705 4339 reddituros.
722 4281 838 4338 Datum
855 4280 1039 4338 duodecimo
1064 4280 1113 4338 die
1136 4280 1198 4340 diei
1221 4282 1413 4340 evocacionis
1430 4261 1507 4356 pre-⁶

235 4386 323 4444 dicte.
354 4387 443 4444 Anno
474 4386 593 4445 domini
623 4387 793 4445 millesimo
818 4386 1122 4460 quadringentesimo
1145 4388 1373 4461 septuagesimo
1398 4389 1502 4448 tercio.

321 4465 324 4474 ¹
342 4493 384 4561 (A
403 4493 499 4559 tergo).
524 4492 614 4549 Banis
636 4491 688 4550 vel
711 4493 870 4550 vieebanis
892 4493 980 4565 regni
995 4491 1166 4551 Sclauonie.
1190 4493 1252 4552 Pro
1268 4493 1501 4568 circumspectis

234 4595 344 4673 judice,
366 4596 484 4674 juratis,
508 4598 680 4671 ceterisque
703 4572 823 4656 civibus
847 4599 980 4656 civitatis
996 4598 1110 4656 montis
1126 4598 1289 4657 Grecensis
1312 4604 1423 4658 contra
1447 4600 1503 4658 ho-

236 4704 378 4762 norabile
401 4705 575 4778 capitulum
599 4704 726 4762 ecclesie
752 4705 959 4778 zagrabiensis
982 4719 1018 4762 ac
1041 4711 1167 4762 octavas
1191 4704 1263 4763 festi
1278 4705 1362 4764 beati
1376 4705 1503 4778 Georgii

236 4812 381 4883 martiris,
405 4812 585 4869 statucionis
608 4817 638 4868 et
661 4811 854 4869 evocaeionis
885 4811 1008 4869 relacio.

340 4947 473 5010 Originale
492 4948 519 4996 in
537 4948 632 4998 charla.
653 4948 680 4996 A
700 4953 772 5011 tergo
791 4947 928 5010 vestigium
946 4947 1065 5012 impressi
1084 4946 1173 5012 sigilli.
1198 4949 1231 4996 In
1249 4945 1364 4996 archivio
1382 4945 1429 4998 hb.
1449 4961 1502 5010 reg,

234 5035 282 5086 civ.
302 5036 402 5098 zagrab.
