3804 5858
318 805 438 864 litteras
470 809 500 864 et
530 807 677 864 litteralia
709 820 764 862 sua
794 805 996 862 instrumenta
1029 805 1198 873 exhiberet,
1231 819 1266 860 ac
1299 803 1337 860 de
1357 803 1447 863 dictis
1470 803 1593 880 judiciis

320 927 434 972 novem
457 928 633 971 marcarum
650 917 795 970 annotato
818 909 950 968 condam
975 909 1103 968 domino
1127 909 1272 966 Michaeli
1295 909 1433 982 palatino
1459 917 1489 968 et
1514 911 1596 986 parti

318 1018 449 1078 adverse
479 1017 677 1088 satisfaceret,
708 1017 787 1076 bene
817 1015 952 1090 quidem,
986 1015 1125 1088 alioquin
1156 1029 1217 1074 non
1253 1016 1395 1073 obstante
1419 1016 1517 1089 ipsius
1540 1017 1595 1074 ab·

323 1125 423 1184 sencia
447 1129 477 1182 et
506 1125 686 1196 rebellione,
717 1123 801 1182 idem
831 1123 975 1180 dominus
1006 1122 1139 1180 Michael
1170 1121 1327 1194 palatinus
1357 1137 1449 1180 suum
1481 1121 1596 1180 faceret

323 1246 414 1290 causa
436 1231 469 1290 in
500 1231 661 1305 premissa,
694 1237 788 1304 prout
818 1229 948 1287 dictaret
979 1227 1056 1286 ordo
1079 1226 1165 1304 juris,
1190 1233 1219 1286 et
1242 1235 1314 1301 post
1335 1229 1393 1286 hec
1415 1228 1594 1286 huiusmodi

322 1336 532 1396 trineiorensis
566 1315 826 1412 proclamacionis
857 1335 970 1392 seriem
1002 1350 1073 1392 cum
1105 1335 1230 1392 nomine
1254 1334 1442 1408 proclamati
1467 1339 1593 1392 octavas

321 1443 360 1500 ad
384 1442 548 1518 predictas,
578 1449 612 1502 ut
635 1443 723 1501 fieret
755 1441 930 1515 expediens,
964 1440 1047 1498 dicto
1070 1439 1204 1498 condam
1228 1439 1355 1498 domino
1377 1438 1525 1498 Michaeli
1541 1456 1594 1515 pa-

322 1549 420 1608 latino
442 1549 649 1608 amicabiliter
681 1548 899 1606 rescriberetis.
925 1548 952 1603 A
985 1547 1099 1619 quibus
1122 1545 1248 1604 tandem
1276 1548 1394 1605 octavis
1417 1545 1488 1606 festi
1512 1547 1595 1606 beati

323 1654 451 1728 Georgii
475 1655 612 1714 martiris
638 1655 791 1730 premissa
821 1653 1066 1712 instrumentalis
1098 1653 1252 1710 exhibicio
1285 1658 1387 1726 partes
1411 1653 1491 1712 inter
1526 1668 1595 1726 pre·

322 1757 420 1820 dictas
442 1762 581 1820 seriebus
612 1761 787 1819 litterarum
811 1757 953 1835 jam'tati
979 1751 1113 1816 condam
1138 1757 1258 1816 domini
1282 1759 1441 1817 Michaelis
1462 1759 1595 1833 palatini

323 1869 539 1942 prorogatorie
562 1866 757 1926 ventillanda
774 1865 813 1924 ad
830 1871 955 1923 octavas
979 1863 1048 1922 festi
1061 1863 1308 1938 Epiphaniarum
1325 1864 1443 1924 domini
1467 1866 1499 1923 in
1514 1881 1594 1924 anno

324 1973 463 2032 eiusdem
486 1974 657 2032 millesimo
681 1972 987 2046 quadringentesimo
1005 1970 1216 2043 octuagesimo
1232 1971 1335 2042 tercio,
1352 1972 1501 2046 preteriti,
1518 1971 1595 2030 dila·

325 2079 388 2136 tire
411 2079 593 2138 devenisset.
616 2079 741 2137 Eisdem
767 2078 901 2151 denique
926 2077 1046 2136 octavis
1069 2076 1263 2148 instantibus,
1287 2076 1426 2150 prefatus
1449 2077 1596 2151 magister

323 2185 478 2267 Johannes
502 2187 639 2258 Possgay
670 2201 728 2258 pro
751 2185 875 2259 prefato
899 2183 1026 2242 domino
1049 2187 1156 2240 nostro
1179 2198 1253 2256 rege
1276 2199 1348 2241 cum
1371 2184 1597 2257 procuratoriis

322 2291 435 2350 litteris
458 2291 597 2351 eiusdem
630 2291 763 2366 sepefati
786 2291 919 2349 condam
944 2289 1062 2348 domini
1085 2289 1246 2348 Michaelis
1269 2289 1400 2364 palatini
1423 2292 1548 2352 veniens
1564 2291 1594 2348 in

324 2399 525 2470 presenciam,
549 2400 668 2458 litteras
688 2403 809 2458 vestras
832 2413 928 2471 supra
951 2396 1103 2469 premissa
1127 2395 1323 2454 trinasorensi
1345 2395 1594 2470 proclamacione

324 2505 470 2564 relatorie
493 2505 667 2578 rescriptas
690 2504 793 2562 eidem
817 2503 945 2560 domino
970 2502 1114 2560 Michaeli
1138 2502 1276 2575 palatino
1300 2507 1541 2576 presentaverat,
1563 2504 1596 2562 in

326 2610 439 2682 quibus
455 2610 538 2668 idem
555 2611 699 2668 dominus
717 2609 848 2668 Michael
861 2609 1018 2682 palatinus
1034 2623 1091 2682 per
1107 2607 1318 2666 Baithasarem
1341 2608 1379 2666 de
1396 2609 1594 2681 Mykchowcz

326 2731 416 2792 suurn
452 2717 654 2789 palatinalem
686 2731 721 2773 ac
753 2715 942 2788 Gregorium
978 2714 1188 2787 presbiterum
1225 2714 1311 2772 chori
1343 2714 1470 2773 ecclesie
1492 2719 1594 2774 vestre

325 2821 577 2895 prebendarium,
602 2823 705 2895 primo
729 2821 806 2880 seria
829 2821 937 2895 quinta
961 2821 1104 2894 proxima
1129 2827 1199 2894 post
1222 2819 1335 2878 festum
1358 2822 1595 2882 resurreccionis

323 2927 458 3000 Domini,
472 2933 544 2986 tunc
559 2930 702 3002 proxime
715 2928 906 3001 preteritum,
920 2925 1206 2994 Chetherthrekhei
1219 2926 1362 2998 secundo,
1376 2926 1426 2986 die
1439 2926 1594 2986 dominico

324 3033 503 3094 immediate
526 3035 676 3110 sequenti,
700 3041 811 3110 utputa
835 3036 866 3092 in
891 3041 1000 3092 octava
1025 3033 1095 3092 festi
1122 3034 1359 3092 resurreccionis
1381 3032 1510 3092 Domini
1525 3049 1594 3108 pre·

325 3141 400 3198 tacti
423 3141 454 3198 in
479 3141 585 3214 Wgra,
609 3144 705 3202 tercio
726 3157 802 3200 vero
825 3146 855 3200 et
878 3141 991 3198 ultimo
1014 3139 1090 3198 teria
1107 3140 1241 3198 secunda
1263 3139 1411 3199 similiter
1436 3147 1595 3215 tuncpro·

325 3247 409 3304 xime
431 3246 598 3305 inmediate
629 3251 808 3306 occurrente
839 3248 869 3304 in
894 3251 998 3304 monte
1021 3245 1178 3318 Grecensi,
1202 3245 1328 3320 oppidis
1352 3253 1382 3304 et
1405 3247 1539 3319 civitate,
1561 3235 1593 3306 in

323 3353 424 3410 tribus
458 3352 603 3411 videlicet
639 3352 714 3412 foris
751 3351 1069 3426 comprovincialibus
1105 3357 1314 3410 memoratum
1348 3353 1523 3436 johannem
1556 3353 1600 3412 de

326 3457 544 3517 Zomzedwara
575 3461 764 3536 prescriptos
794 3459 914 3517 litteras
945 3463 975 3516 et
997 3456 1145 3516 litteralia
1169 3473 1225 3516 sua
1247 3459 1450 3518 instrumenta
1473 3460 1593 3518 exhibi-

325 3569 431 3622 turum
454 3569 484 3622 et
508 3565 546 3624 de
568 3563 691 3641 judiciis
713 3580 826 3624 novem
842 3578 1020 3622 marcarum
1037 3563 1118 3621 dicto
1144 3563 1271 3622 domino
1287 3565 1432 3624 Michaeli
1456 3566 1594 3640 palatino

326 3675 356 3728 et
375 3672 457 3744 parti
488 3671 618 3730 adverse
648 3670 877 3730 satisfacturum
913 3673 1020 3726 contra
1051 3673 1232 3727 annotatum
1267 3669 1429 3730 domiuum
1452 3677 1593 3732 nostrum

322 3791 438 3850 regem,
461 3781 606 3850 actorem,
630 3776 757 3850 publice
780 3780 810 3834 et
840 3773 1002 3832 manifeste
1026 3773 1063 3830 ad
1089 3773 1244 3848 predictas
1267 3781 1392 3834 octavas
1417 3775 1488 3836 testi
1510 3777 1594 3840 beati

323 3881 449 3955 Georgii
466 3883 602 3940 martiris
615 3887 687 3940 tunc
704 3887 849 3938 venturas
865 3895 955 3937 suam
973 3879 1177 3952 palatinalem
1200 3881 1232 3938 in
1255 3882 1452 3954 presenciam
1467 3883 1599 3956 publice·

322 3989 552 4062 prociamatum
583 3988 719 4047 extitisse
743 3987 966 4060 comperuisset
989 3985 1122 4055 seriose;
1144 3993 1176 4056 et
1197 3987 1238 4043 ab
1261 3986 1377 4046 eisdem
1402 3990 1519 4048 octavis
1541 4004 1592 4048 ex·

322 4093 438 4152 hibicio
469 4094 713 4152 instrumentalis
743 4097 904 4166 prenotata
935 4107 980 4162 eo,
1005 4091 1088 4165 quod
1120 4091 1258 4164 prelatus
1279 4093 1435 4175 Johannes
1457 4093 1496 4154 de
1519 4093 1591 4154 Ore·

322 4199 429 4280 howcz
453 4215 511 4274 pro
534 4204 679 4257 annotato
700 4199 839 4281 Johanne
863 4197 1044 4271 Hennyngh,
1069 4187 1248 4278 incausam
1272 4203 1410 4272 attracto,
1434 4215 1504 4260 cum
1518 4217 1592 4275 ,pro-

323 4307 485 4364 curatoriis
514 4305 625 4363 litteris
653 4306 782 4380 capituli
813 4305 941 4363 ecclesie
972 4304 1179 4378 zagrabiensis
1210 4311 1320 4378 vestre,
1354 4305 1438 4365 dicto
1460 4307 1593 4366 condam

267 4467 271 4473 .
322 4413 473 4472 Michaele
496 4412 634 4486 palatino
657 4427 849 4486 comparens,
870 4427 926 4468 nec
949 4411 1050 4484 ipsam
1073 4411 1341 4470 instrumentalem
1363 4411 1591 4484 exhibicionem

324 4518 425 4578 iacere
442 4525 472 4578 et
487 4534 587 4592 neque
601 4516 715 4594 judicia
732 4523 892 4591 prenotata
911 4517 1091 4599 persolvere
1107 4531 1198 4590 posse
1211 4517 1373 4590 iudicarat,
1389 4533 1446 4592 per
1460 4518 1593 4578 eundem

328 4625 458 4684 condam
484 4625 647 4682 dominum
669 4625 854 4683 Michaelem
871 4624 1045 4698 palatinum
1061 4621 1099 4680 ad
1125 4627 1257 4694 octavas¹
1274 4622 1345 4682 festi
1367 4624 1450 4684 beati
1466 4623 1593 4697 Georgii

324 4733 470 4808 martiris,
494 4737 567 4790 tunc
590 4737 744 4802 venturas,
768 4746 838 4788 cum
862 4729 1046 4804 deponendo
1068 4727 1184 4805 judicio
1207 4731 1303 4788 trium
1320 4740 1506 4804 marcarum,
1523 4747 1592 4805 pre-

321 4839 425 4898 missis
447 4836 570 4914 judiciis
595 4839 626 4896 in
650 4837 772 4913 dupplo
795 4836 1031 4908 acrescentibus‚
1055 4837 1206 4894 extitisset
1228 4836 1403 4910 proteliata.
1426 4839 1455 4896 A
1478 4837 1592 4910 quibus

321 4945 449 5019 quidem
471 4946 590 5004 octavis
614 4944 684 5004 festi
708 4945 790 5004 beati
813 4921 940 5016 Georgii
956 4943 1093 5002 martiris
1112 4943 1251 5016 primum
1275 4944 1499 5018 prememorati
1514 4943 1592 5002 olim

324 5051 443 5112 domini
455 5052 614 5111 Michaelis
627 5051 764 5126 palatini,
777 5053 906 5126 ipsoque
919 5050 1052 5108 emedio
1065 5051 1201 5125 sublato,
1216 5049 1445 5124 magnificoque
1460 5049 1591 5110 condam
