3948 5804
774 553 846 614 Doc.
869 549 921 632 64.
943 587 986 599 -
1011 554 1066 612 An.
1091 567 1180 632 1433.
1567 566 1605 622 75

343 768 511 842 revolucio,
535 770 616 828 circa
639 769 754 828 festum
776 770 1001 843 Penthecostes,
1024 775 1097 828 tunc
1120 770 1313 844 preteritum,
1348 784 1419 826 cum
1443 767 1609 840 quamplu-

342 875 431 934 ribus
455 876 611 949 equitibus
635 881 665 934 et
687 877 846 952 peditibus
868 892 964 936 manu
987 881 1106 936 armata
1129 875 1169 934 ad
1193 874 1352 950 quoddam
1384 873 1479 932 fenile
1511 873 1609 947 ipsius

344 981 474 1055 capituli
496 995 597 1056 prope
620 983 652 1040 in
675 981 790 1040 silvam
821 981 933 1056 Rodes,
958 983 1110 1054 habitum,
1134 983 1295 1054 irruentes,
1327 980 1478 1039 fossatum
1510 977 1608 1052 ipsius

342 1086 445 1146 senilis
468 1103 540 1146 cum
564 1089 710 1146 maximis
733 1088 896 1148 laboribus
920 1095 950 1148 et
973 1089 1116 1164 expensis
1139 1089 1170 1146 in
1193 1089 1321 1162 antiquo
1352 1087 1418 1145 eius
1446 1101 1537 1143 cursu
1561 1099 1608 1141 re·

345 1198 504 1266 novatum,
527 1195 644 1268 repleri
669 1200 793 1253 etcum
824 1195 988 1270 superficie
1020 1201 1102 1252 terre
1133 1194 1237 1252 taliter
1271 1192 1421 1266 adequari
1456 1189 1607 1260 fecissent,

342 1305 377 1358 ut
399 1315 456 1357 nec
479 1299 630 1358 fossatum
654 1301 700 1359 ibi
722 1299 817 1359 fuisse
839 1302 1043 1376 apparuisset,
1067 1305 1098 1358 et
1120 1299 1246 1358 tandem
1269 1314 1381 1372 pecora
1413 1303 1443 1355 et
1473 1295 1607 1371 pecudes

341 1405 441 1480 ipsius
476 1406 611 1465 civitatis
646 1407 677 1464 in
713 1407 817 1480 ipsum
851 1406 945 1466 fenile
976 1407 1087 1481 inpelli
1117 1411 1147 1464 et
1169 1407 1228 1464 sub
1251 1411 1444 1463 armatorum
1468 1401 1608 1460 custodia

345 1511 493 1586 pluribus
516 1511 627 1571 diebus
649 1518 680 1572 et
702 1513 846 1571 noctibus
870 1514 956 1588 pasci
972 1513 1204 1586 disposuissent,
1220 1528 1277 1586 per
1293 1511 1377 1585 quod
1393 1512 1497 1585 ipsum
1513 1508 1607 1567 fenile

342 1617 567 1676 destruxissent
590 1623 620 1676 et
643 1618 874 1688 anichilassent;
901 1617 940 1677 de
963 1634 1025 1692 quo
1048 1633 1110 1676 non
1132 1619 1268 1676 contenti
1291 1616 1405 1691 prefati
1427 1614 1529 1690 jurati,
1550 1631 1606 1673 nec

342 1739 404 1782 non
426 1724 573 1782 Nicolaus
606 1724 701 1801 judex
736 1732 766 1782 et
799 1725 909 1784 Petrus
938 1725 1105 1798 Hungarus
1135 1725 1280 1783 similiter
1313 1722 1416 1800 judex,
1440 1737 1512 1779 cum
1535 1721 1605 1779 aliis

341 1830 440 1905 ipsius
463 1831 596 1888 civitatis
619 1831 741 1889 civibus
764 1833 796 1890 in
820 1847 900 1890 anno
923 1832 1066 1907 proxime
1091 1831 1240 1905 preterito
1263 1831 1294 1888 in
1317 1831 1468 1888 maiorem
1493 1826 1606 1902 prefati

342 1936 471 2011 capituli
494 1937 737 2010 oppressionem,
761 1953 887 2010 gregem
912 1937 1009 2011 ipsius
1031 1937 1166 1995 civitatis
1197 1952 1254 2011 per
1284 1941 1383 1994 totam
1414 1941 1543 1992 estatem
1575 1935 1604 1990 in

340 2043 409 2118 ipso
442 2041 530 2100 senili
567 2043 712 2101 similiter
746 2044 805 2101 sub
841 2042 981 2101 custodia
1004 2043 1216 2116 plurimorum
1238 2047 1431 2100 armatorum
1452 2041 1537 2115 pasci
1560 2039 1604 2097 fe·

340 2149 453 2207 cissent
475 2155 505 2206 et
528 2148 685 2218 custodiri,
710 2149 925 2223 disponentes:
948 2153 983 2206 ut
1004 2150 1030 2207 si
1054 2149 1122 2222 quis
1145 2149 1241 2207 homo
1264 2149 1393 2222 capituli
1416 2148 1538 2221 inipso
1562 2145 1605 2204 fe·

339 2253 397 2312 nili
432 2255 630 2328 reperiretur,
661 2254 779 2314 ibidem
802 2255 1046 2329 interficeretur3
1081 2270 1217 2328 quorum
1252 2261 1337 2312 metu
1372 2254 1478 2312 nullus
1508 2253 1603 2310 homo

342 2359 418 2419 dicti
441 2361 571 2434 capituli
593 2361 633 2418 ad
655 2362 761 2435 ipsum
784 2361 877 2419 fenile
899 2376 958 2436 pro
982 2361 1047 2418 eius
1070 2362 1224 2420 revisione
1246 2368 1276 2419 et
1306 2360 1446 2420 custodia
1475 2361 1520 2418 ire
1552 2357 1606 2416 de·

341 2467 467 2538 buisset,
491 2483 554 2542 quo
578 2469 622 2525 sic
644 2473 690 2526 tot
712 2466 775 2544 jam
799 2469 921 2526 vicibus
952 2468 1109 2527 destructo
1144 2475 1174 2526 et
1208 2468 1374 2526 anichilato
1409 2482 1466 2540 per
1500 2465 1605 2523 huius·

340 2573 427 2632 modi
462 2574 602 2647 ipsorum
633 2581 752 2632 metum
784 2579 814 2632 et
849 2575 1015 2633 tiranidem
1050 2575 1170 2634 dictum
1192 2575 1287 2632 fenile
1310 2576 1350 2631 ab
1373 2575 1442 2648 ipso
1466 2572 1604 2646 capitulo

345 2680 480 2736 alienare
504 2685 535 2737 et
556 2680 617 2738 sibi
639 2681 716 2754 ipsis
747 2681 963 2754 potencialiter
997 2683 1203 2757 appropriare
1237 2686 1430 2752 conarentur,
1459 2679 1604 2752 potencia

337 2785 500 2856 mediante,
524 2788 555 2844 in
578 2787 676 2860 ipsius
701 2788 830 2861 capituli
853 2788 1061 2861 preiudicium
1085 2788 1118 2846 et
1138 2787 1312 2861 dampnum
1335 2785 1428 2843 valde
1446 2799 1602 2857 magnum.

339 2891 430 2950 Unde
453 2891 534 2950 facta
556 2893 735 2951 huiusmodi
759 2895 962 2966 inquisicione
986 2895 1096 2953 eodem
1120 2894 1170 2951 die
1186 2893 1397 2966 inquisicionis
1412 2891 1495 2950 idem
1508 2893 1603 2950 homo

343 3005 447 3057 vester
469 3005 612 3074 presente
634 3000 745 3058 eodem
767 3005 875 3058 nostro
899 3003 1083 3074 testimonio,
1108 2982 1310 3075 Stephanum,
1326 2999 1428 3057 filium
1444 2999 1603 3056 Michaelis

336 3105 521 3163 modernum
545 3121 581 3163 ac
603 3105 797 3176 Michaelem,
822 3106 924 3164 filium
948 3106 1129 3178 Sebastiani,
1154 3107 1348 3164 Anthonium
1371 3105 1522 3176 Italicum,
1547 3105 1602 3163 Be-

334 3211 492 3270 nedictum
509 3212 738 3282 dombrensem,
764 3218 950 3288 prenotatos,
975 3215 1102 3272 Petrum
1125 3215 1318 3286 Hungarum,
1343 3211 1514 3285 Georgium
1538 3228 1603 3270 sar·

336 3319 436 3374 torem
460 3323 491 3375 et
513 3317 687 3388 Nicolaum,
704 3320 781 3376 alias
796 3317 923 3394 judices,
939 3336 996 3377 nec
1011 3336 1073 3378 non
1088 3320 1262 3377 Fabianum
1279 3319 1460 3390 litteratum,
1473 3319 1601 3391 Fryche‚

337 3423 483 3496 Blasium‚
512 3425 615 3483 filium
638 3425 810 3499 Wytezych
833 3431 863 3483 et
886 3426 1066 3500 Georgium,
1090 3427 1193 3484 filium
1217 3427 1371 3484 Francisci
1395 3441 1430 3482 ac
1453 3425 1532 3483 alios
1555 3423 1602 3500 ju·

334 3535 417 3588 ratos
439 3531 531 3602 cives,
555 3531 692 3604 hospites
716 3538 745 3589 et
768 3537 866 3590 totam
888 3533 1142 3591 communitatem
1167 3532 1305 3607 predicte
1329 3532 1462 3590 civitatis
1487 3533 1601 3590 montis

333 3635 518 3695 Grechensis
532 3637 563 3694 in
579 3636 688 3694 eadem
703 3638 828 3696 civitate
845 3640 960 3696 montis
976 3638 1160 3697 Grechensis
1176 3645 1282 3697 contra
1297 3645 1506 3696 memoratum
1519 3641 1601 3713 capi·

333 3741 436 3800 tulum
455 3742 583 3800 ecclesie
598 3743 807 3816 zagrabiensis
828 3744 867 3801 ad
884 3751 1009 3802 octavas
1025 3745 1095 3803 festi
1111 3746 1193 3804 beati
1209 3745 1335 3817 Georgii
1352 3747 1498 3816 martiris,
1520 3761 1602 3803 nunc

331 3853 486 3918 venturas,
510 3853 612 3906 vestre
635 3849 806 3906 serenitatis
829 3857 987 3908 evocasset
1010 3852 1042 3910 in
1065 3853 1266 3924 presenciam,
1290 3853 1445 3910 racionem
1469 3851 1507 3910 de
1529 3867 1600 3925 pre·

332 3951 434 4010 missis
464 3952 649 4012 reddituros.
680 3954 796 4012 Datum
831 3961 942 4014 octavo
965 3957 1015 4014 die
1038 3957 1099 4015 diei
1121 3959 1332 4030 inquisicionis
1355 3965 1385 4016 et
1408 3958 1601 4017 evocacionis

332 4059 551 4134 predictarum.
577 4061 667 4118 Anno
682 4059 801 4118 domini
816 4062 986 4120 millesimo
1003 4063 1307 4137 quadringentesimo
1323 4065 1479 4123 tricesimo
1495 4066 1600 4123 tercio,

439 4170 482 4240 (A
511 4171 606 4233 tergo).
636 4166 772 4225 Domino
794 4169 868 4240 regi.
892 4169 953 4226 Pro
975 4171 1154 4228 honorabili
1175 4171 1313 4244 capitulo
1336 4171 1463 4229 ecclesie
1494 4187 1599 4244 zagru-

334 4271 451 4330 biensis
475 4280 581 4330 eontra
604 4272 754 4346 providos
777 4275 862 4332 viros
886 4273 1086 4348 Stephanum,
1111 4276 1214 4334 filiurn
1237 4277 1397 4335 Michaelis
1413 4277 1598 4336 modernum

334 4392 369 4434 ac
403 4378 596 4448 Michaelem,
620 4378 724 4437 filium
746 4379 928 4452 Sebastiani,
952 4382 1145 4440 Anthonium
1171 4377 1335 4440 Ithalicum
1371 4391 1400 4440 et
1435 4383 1598 4458 Briccium,

331 4482 433 4541 filium
457 4483 614 4542 Benedicti
638 4485 718 4544 alias
739 4484 856 4562 judices
879 4502 915 4545 ac
945 4488 1037 4559 cives,
1070 4488 1207 4562 hospites
1241 4494 1271 4546 et
1306 4495 1404 4547 totam
1428 4493 1599 4548 communi-

336 4593 431 4647 tatem
456 4590 590 4648 civitatis
613 4593 727 4650 montis
751 4592 913 4651 Grecensis
937 4594 975 4652 de
997 4593 1082 4671 juxta
1099 4595 1293 4668 Zagrabiam,
1317 4595 1356 4654 ad
1379 4601 1505 4654 octavas
1528 4596 1599 4655 festi

335 4696 419 4754 beati
440 4694 569 4771 Georgii
592 4699 729 4757 martiris
752 4700 784 4757 in
808 4702 966 4774 presencia
989 4702 1107 4760 domini
1130 4704 1227 4760 nostri
1244 4703 1325 4776 regis
1341 4703 1552 4776 inquisicionis
1568 4709 1598 4762 et

335 4803 527 4861 evocacionis
550 4805 674 4862 relaci0.

437 4937 571 5000 Originale
589 4940 616 4988 in
634 4939 728 4990 charta
748 4941 776 4989 A
795 4947 868 5006 tergo
887 4943 1024 5006 vestigium
1042 4945 1160 5008 impressi
1179 4945 1268 5009 sigilli.
1288 4948 1320 4995 In
1346 4947 1414 4998 arch.
1434 4964 1490 5000 ven.
1511 4949 1596 5014 Capit.

332 5023 396 5074 eccl.
414 5025 515 5089 zagrab.
537 5028 599 5078 Act.
619 5027 681 5092 Cap.
701 5035 753 5080 eut.
773 5029 834 5081 fasc.
857 5042 888 5079 10
916 5047 953 5082 nr.
974 5044 1014 5095 23.
