3736 5826
401 520 540 579 CCXXX

937 519 1130 590 Argumenta.

669 625 870 630 --,-....,,,..-..--
1164 623 1425 632 --.-.--.---.---.-.,.
1438 623 1526 628 ..--...-
1547 622 1578 628 .--
1597 621 1604 624 -

1594 733 1701 789 Pagina

424 818 479 881 163.
501 819 576 868 Anno
599 830 672 882 1452,
694 829 716 882 5.
735 817 817 881 Junii.
844 815 991 880 Zagrabiae.
1013 815 1104 864 Coram
1131 814 1246 880 capitulo
1266 813 1367 880 zagrab.
1387 813 1514 863 Nicolaus
1531 813 1566 862 de

508 906 659 955 Beleslovec
684 913 710 953 et
738 904 877 954 catharina
901 904 1020 961 Praxidic,
1049 903 1104 952 eins
1129 901 1192 961 tilia,
1217 905 1432 953 acommunitate
1452 903 1566 952 civitatis

509 997 662 1045 documenta
681 994 853 1060 possessionis
872 995 1044 1058 oppignorata
1061 991 1112 1042 sibi
1130 993 1250 1042 restituta
1269 1007 1326 1042 esse
1344 991 1498 1058 profitentur
1637 998 1696 1050 225

426 1084 483 1146 164.
513 1083 594 1133 Anno
617 1095 692 1149 1452,
712 1097 735 1145 4.
756 1082 880 1146 Augusti.
895 1082 1039 1146 Krapinae.
1054 1080 1201 1130 Fridericus
1221 1095 1307 1130 comes
1321 1079 1409 1131 Cileae
1428 1087 1453 1128 et
1472 1079 1563 1134 11111111,

514 1172 629 1237 capitulo
648 1172 812 1236 eagrabiense
831 1177 951 1236 precante
971 1169 1095 1224 concedit.
1115 1176 1143 1218 nt
1156 1185 1171 1218 a
1184 1169 1316 1219 nobilibus
1334 1170 1407 1234 regni
1425 1167 1564 1218 Slavoniae

510 1261 543 1310 ad
571 1260 668 1310 cultum
705 1260 820 1308 divinum
855 1259 882 1308 in
910 1257 1019 1308 ecclesia
1047 1257 1189 1307 cathedrali
1216 1259 1361 1322 augendum
1387 1256 1565 1322 possessiones

508 1349 635 1399 donentur
660 1369 1557 1388 ···················································

423 1436 481 1502 165.
509 1439 590 1486 Anno
610 1449 684 1502 1452,
705 1449 745 1499 3ο.
765 1435 920 1485 novembris.
940 1437 972 1484 In
996 1443 1078 1484 castro
1096 1435 1187 1487 Sanac.
1200 1435 1355 1492 Fridericus,
1375 1449 1461 1484 comes
1479 1432 1563 1481 Ciliae

508 1533 534 1575 et
553 1527 643 1583 banus,
663 1525 825 1575 universitati
843 1523 972 1574 nobilium
990 1525 1126 1574 comitatus
1145 1523 1246 1587 zagrab.
1272 1523 1386 1580 mandat,
1405 1529 1434 1571 ut
1452 1537 1562 1576 cansam,

510 1630 577 1678 quae
602 1616 650 1664 iter
675 1615 885 1664 communitatem
908 1613 1021 1663 civitatis
1045 1620 1071 1662 et
1090 1613 1242 1676 Heningum
1260 1612 1293 1661 de
1312 1611 1396 1661 Snsed
1415 1612 1447 1661 de
1466 1611 1563 1660 tributo

511 1705 603 1766 agitur,
622 1704 758 1753 absolvant
765 1723 1559 1742 ·············································

426 1790 485 1843 166.
513 1792 594 1840 Anno
616 1803 690 1857 1452,
710 1791 733 1840 6.
753 1789 906 1843 decembris.
933 1789 1072 1854 anrnbiae
1108 1789 1270 1838 Monasterio
1287 1805 1307 1840 s.
1327 1789 1458 1838 Francisci
1477 1803 1563 1850 nagre-

508 1879 591 1928 biensi
610 1879 713 1944 pistrini
732 1878 811 1942 legati
831 1893 893 1928 usus
911 1895 927 1927 a
945 1879 1097 1942 magistratu
1116 1878 1217 1941 zagrab.
1237 1879 1390 1943 transcripto
1409 1877 1563 1926 documento

510 1967 673 2017 confirmatur
691 1991 1558 2007 ·················································

423 2056 479 2120 167.
505 2055 586 2104 Anno
608 2049 687 2121 1453,Ι
705 2069 724 2106 1.
743 2056 853 2120 januarii
882 2055 1029 2106 Varasdini.
1050 2055 1197 2114 Catharina,
1218 2055 1350 2105 comitissa
1369 2055 1459 2112 Ciliae‚
1478 2054 1560 2103 tribn-

511 2149 565 2192 tum
585 2151 718 2208 acceptum
739 2143 916 2193 communitati
935 2143 1047 2192 civitatis
1067 2150 1252 2192 testatur
1265 2167 1558 2184 ·················

402 2291 405 2298 Δ
423 2232 479 2293 169.
509 2233 589 2282 Anno
611 2245 684 2298 1453,
704 2233 797 2283 martii.
821 2233 918 2284 Budae.
939 2231 1052 2290 Ulricus,
1077 2234 1264 2283 tavernicorum
1288 2233 1413 2298 regalium
1432 2231 1561 2295 magister,

512 2323 688 2371 communitati
717 2321 829 2371 civitatis
857 2321 969 2379 mandat,
997 2326 1026 2369 ut
1051 2322 1181 2371 sutoribus
1206 2323 1234 2371 in
1253 2323 1370 2387 pristinis
1388 2322 1466 2370 etiam
1485 2335 1563 2385 porro

509 2411 641 2472 negotium
659 2420 747 2474 gerere
766 2410 888 2458 concedat
907 2433 1558 2452 ·····································

425 2508 482 2560 170.
511 2499 593 2547 Anno
615 2510 688 2563 1453,
711 2511 732 2548 1.
750 2498 831 2562 Junii.
852 2497 947 2547 Cileae.
969 2497 1118 2550 Fridericus
1137 2497 1226 2548 Cileae
1245 2515 1331 2548 comes
1343 2507 1369 2549 et
1382 2499 1463 2548 banus
1482 2499 1560 2548 corni·

508 2587 573 2634 tatui
587 2586 746 2650 zagrabiensi
759 2587 894 2651 praecipit,
916 2595 944 2636 ut
965 2585 1067 2636 nobiles
1085 2587 1169 2652 campi
1187 2587 1360 2652 ragrabiensis
1380 2589 1413 2637 ad
1425 2587 1562 2636 solvendas

509 2675 623 2738 capitulo
642 2675 753 2724 decimas
774 2673 912 2740 compellat
928 2699 1557 2716 ····································

425 2773 483 2825 171.
511 2763 593 2812 Anno
616 2776 690 2828 1453,
713 2775 752 2816 11.
769 2764 851 2828 Junii.
871 2763 1018 2827 Zagrabiae.
1032 2763 1125 2813 Coram
1144 2765 1295 2828 magistratu
1313 2765 1425 2815 civitatis
1445 2763 1562 2813 Mathaei

510 2851 609 2900 Farlras
640 2853 703 2902 civis
730 2853 839 2902 heredes
866 2853 1022 2902 monasterio
1050 2867 1070 2904 s.
1099 2853 1230 2902 Francisci
1257 2853 1416 2916 zagrabiensi
1448 2853 1561 2917 legatum

510 2941 613 2990 tradunt
621 2963 1556 2982 ·····················································

425 3041 482 3092 172.
511 3030 592 3078 Anao
614 3042 688 3095 1453,
711 3042 749 3092 13.
769 3030 889 3094 Augusti.
909 3031 1020 3080 Romae.
1040 3029 1068 3078 A
1086 3029 1198 3080 Nicolao
1218 3031 1252 3083 V.
1273 3045 1340 3095 papa
1358 3028 1447 3082 abbati
1466 3029 1561 3080 Cister-

511 3119 636 3168 ciensium
664 3119 764 3182 ragrab.
792 3119 867 3167 datur
894 3125 1017 3182 potestas,
1045 3125 1073 3166 ut
1101 3120 1157 3168 eius
1184 3120 1288 3168 nomine
1313 3125 1409 3168 statuta
1424 3118 1562 3184 hospitalis

509 3223 529 3258 s.
548 3207 685 3257 Elisabeth
703 3205 747 3256 siti
765 3207 793 3256 in
811 3207 919 3271 capituli
937 3222 997 3256 area
1014 3215 1153 3265 recenseat,
1173 3207 1317 3273 probetque
1336 3233 1557 3248 ·············

424 3307 479 3360 173.
507 3300 583 3345 Anno
605 3309 679 3361 1453,
699 3308 740 3358 24.
759 3295 883 3359 Augusti.
911 3295 1035 3344 Viennae.
1064 3295 1170 3345 Ulricus
1197 3296 1286 3345 Cileae
1313 3311 1399 3346 comes
1426 3303 1452 3344 et
1478 3295 1561 3345 11111111

509 3384 608 3434 litteras
624 3384 753 3449 Johaunis
771 3385 848 3448 episc.
868 3384 900 3432 de
917 3384 1024 3433 decimis
1042 3385 1127 3449 campi
1144 3383 1318 3448 zagrabiensis
1345 3391 1412 3434 ratas
1439 3384 1519 3434 habet
1532 3408 1556 3424 ··

425 3485 482 3537 174.
511 3476 592 3523 Anno
614 3485 690 3538 1453,
709 3474 733 3525 6.
753 3473 873 3524 octobris.
894 3473 1033 3537 Zagrabiae
1054 3475 1077 3522 A
1092 3473 1200 3531 Mathia,
1213 3473 1307 3523 abbate
1327 3473 1434 3525 Cisterc.
1449 3473 1561 3538 ragreb„

508 3569 603 3612 statuta
620 3561 758 3626 hospitalis
777 3576 796 3610 s.
816 3561 955 3610 Elisabeth
972 3562 1076 3611 nomine
1094 3577 1177 3627 papae
1195 3563 1371 3627 approbantur
1386 3587 1554 3602 ··········

425 3663 481 3716 175.
511 3652 592 3700 Anno
621 3662 696 3715 1453,
727 3662 769 3715 25.
796 3650 918 3704 octobris.
943 3651 1090 3714 Zagrabiae.
1116 3652 1143 3700 A
1162 3651 1303 3709 friderico,
1323 3651 1406 3702 Ciliae
1424 3653 1518 3702 comite
1536 3661 1562 3701 et

510 3740 586 3797 bano,
606 3740 662 3788 dies
680 3739 708 3788 in
726 3755 809 3797 cansa,
835 3754 902 3803 quae
926 3740 994 3789 inter
1011 3741 1220 3789 communitatem
1238 3741 1350 3790 civitatis
1368 3747 1393 3789 et
1412 3740 1563 3804 lieningunr

513 3828 546 3876 de
565 3829 648 3878 Sused
667 3829 751 3892 agitur
769 3829 801 3877 de
820 3828 917 3877 tributo
936 3829 1071 3892 erigendo,
1090 3829 1260 3878 constituetur
1266 3853 1557 3870 ·················

426 3917 482 3971 176.
512 3917 592 3965 Anno
630 3929 703 3982 1453,
741 3928 781 3979 13.
814 3916 968 3968 novembris.
998 3917 1145 3980 Zagrabiae.
1177 3916 1286 3966 Plebani
1317 3917 1428 3967 civitatis
1458 3917 1559 3982 zagrab.

509 4006 635 4056 Mathiam
656 4007 769 4071 priorem
794 4006 1010 4067 Praedicatorum‚
1036 4012 1170 4070 totumque
1188 4014 1342 4056 conventum
1361 4021 1446 4056 coram
1464 4005 1562 4073 populo

512 4095 540 4144 in
558 4094 672 4143 ecclesiis
692 4093 883 4159 parochialibus
902 4111 917 4142 a
936 4110 963 4143 se
982 4096 1140 4160 proscriptos
1159 4095 1277 4144 nuntiant
1297 4119 1553 4134 ···············

426 4196 483 4247 177.
513 4187 588 4232 Anno
610 4195 684 4248 1453.
704 4182 796 4232 Coram
815 4183 967 4245 magistratu
986 4183 1069 4232 civico
1092 4189 1256 4233 exsecutoces
1281 4183 1428 4232 testamenti
1454 4181 1559 4232 Nicolai

511 4273 605 4321 sutoris
623 4271 694 4321 illius
713 4286 802 4320 arvum
820 4271 937 4320 Thomae
956 4270 1006 4320 civi
1026 4283 1058 4334 32
1077 4271 1132 4322 tior.
1151 4272 1207 4320 auri
1225 4271 1340 4321 vendunt
1343 4296 1549 4318 ············

425 4363 473 4426 178
512 4363 593 4410 Anno
615 4373 689 4427 1454,
710 4372 750 4412 20.
770 4361 839 4412 maii.
859 4360 1007 4424 Zagrabiae.
1027 4360 1183 4418 Fridericus,
1213 4360 1296 4410 Ciliae
1322 4375 1408 4410 comes
1426 4367 1452 4408 et
1470 4360 1560 4418 banus,

510 4451 537 4499 iu
550 4465 634 4506 causa,
648 4465 713 4512 quae
726 4449 793 4498 inter
807 4449 1016 4498 communitatem
1030 4448 1142 4497 civitatis
1154 4455 1180 4497 et
1194 4449 1346 4513 Heningum
1360 4448 1453 4512 agitur,
1466 4449 1559 4496 iterum

510 4539 578 4588 diem
597 4535 739 4588 constituit.
748 4561 1271 4576 ······························
1285 4565 1288 4570 ·
1300 4561 1556 4576 ···············
1617 4547 1664 4598 241

428 4639 488 4692 179.
517 4626 598 4675 Anno
620 4639 695 4692 1454,
715 4626 756 4676 28.
773 4625 856 4690 Junii.
876 4625 1024 4689 Zagrabiae.
1038 4625 1070 4674 In
1081 4625 1186 4674 Petrum
1200 4623 1335 4675 sloterkee
1348 4625 1559 4674 archidiaconum

510 4721 616 4780 propter
635 4713 764 4763 falsariam
783 4711 915 4762 cniusdam
932 4713 1080 4762 documenti
1100 4713 1249 4778 capitutaris
1272 4711 1456 4777 sigillationem
1475 4727 1558 4777 poena

511 4803 683 4854 constituitur.
690 4825 1553 4840 ·················································
1616 4812 1666 4862 242

427 4895 482 4944 180.
511 4893 591 4941 Anno
614 4903 688 4956 1454,
708 4903 731 4945 2.
748 4890 824 4956 Julii.
837 4889 933 4940 Cileae.
948 4891 974 4938 A
989 4891 1131 4940 Benedicto
1144 4891 1267 4956 episcopo
1279 4889 1447 4954 zagrabiensi‚
1467 4905 1558 4947 mena,

510 4998 575 5046 quae
594 4981 621 5030 in
640 4981 774 5030 Sloterked
786 4979 995 5030 archidiaconum
1007 4981 1151 5030 constituta
1163 4985 1203 5029 est
1215 4995 1230 5028 a
1243 4977 1364 5045 capitulo,
1378 4977 1559 5044 conprobatur.
1617 4989 1667 5041 243
