3804 5858
619 676 692 734 Doc.
710 673 788 753 360.
810 709 853 720 —
877 676 932 734 An.
956 689 1044 756 1491.
1407 677 1474 756 481

204 891 303 962 gratia
338 898 367 948 et
402 891 510 948 favore
540 906 665 964 semper
689 897 888 964 prosecutum
911 890 1015 961 fuisse,
1039 893 1106 965 ipse
1129 893 1223 949 etiarn
1246 893 1373 965 cupiens
1396 908 1472 950 eum

204 997 328 1066 imitari,
360 997 522 1054 eeclesiam
555 1013 625 1054 cum
659 997 810 1054 universis
842 997 971 1071 capituli
1002 997 1257 1070 possessionibus,
1285 997 1414 1056 decimis
1440 1013 1475 1056 ac

204 1103 298 1159 rebus
322 1107 351 1159 et
373 1103 513 1175 personis
537 1103 677 1176 ipsorum
701 1103 732 1160 in
762 1117 850 1160 suam
881 1104 993 1177 recipit
1024 1103 1248 1176 protectionem
1281 1109 1311 1160 et
1341 1103 1473 1162 tutelam

204 1207 383 1280 specialem,
417 1208 544 1281 viceque
575 1214 605 1265 et
635 1209 664 1266 in
698 1223 829 1282 persona
861 1223 970 1266 eorum
1000 1209 1134 1266 comittit
1155 1209 1341 1282 protectioni
1367 1215 1474 1267 contra

206 1327 322 1372 omnes.

311 1465 417 1530 Georgii
437 1465 607 1516 Marcelovid:
629 1467 755 1530 Regesta,
776 1473 804 1515 ut
826 1481 912 1531 supra.

842 1588 856 1622 ι

792 1695 884 1762 360.

310 1857 390 1905 Anno
413 1867 487 1918 1491,
510 1868 549 1918 19.
568 1857 720 1908 decembris.
737 1856 885 1920 Zagrabiae.

210 1982 313 2040 Coram
348 1984 473 2042 civetatis
502 1984 643 2057 deputatis
673 1985 827 2044 Dorothee
855 1985 926 2042 civis
961 1983 1088 2058 Georgia
1121 1981 1255 2044 Vitkovr'd
1272 1987 1331 2043 civi
1350 1987 1473 2058 vinmm,

618 2109 778 2184 silvamque
800 2121 846 2168 12.
859 2109 930 2184 ster.
955 2109 1058 2170 vendit.

313 2268 377 2326 Nos
399 2270 543 2350 Jacobus‚
560 2269 644 2328 filius
668 2270 775 2340 Vlrici,
797 2269 900 2345 judex,
925 2271 1115 2342 Valentinus,
1140 2271 1302 2341 Fabianus,
1326 2269 1469 2340 Michael,

206 2368 390 2446 Anthonius,
430 2376 621 2448 Valentinus,
653 2375 831 2450 Bollangus,
870 2377 954 2434 Elias
988 2383 1017 2434 et
1042 2375 1223 2434 Benedictus
1244 2373 1347 2452 jurati,
1370 2375 1469 2434 consi·

204 2480 287 2538 liarii
310 2486 340 2538 et
373 2481 509 2539 universi
533 2483 616 2541 cives
648 2483 781 2541 civitatis
811 2483 925 2540 montis
949 2482 1119 2540 Grecensis.
1143 2483 1293 2540 Memorie
1316 2496 1472 2539 commen·

204 2586 323 2658 damus,
348 2593 451 2645 tenore
475 2589 667 2663 presencium
694 2588 908 2662 significantes,
933 2589 1046 2662 quibus
1062 2587 1187 2662 expedit
1204 2587 1370 2646 universis:
1388 2589 1471 2660 quod

205 2693 305 2765 proba
328 2698 358 2750 et
381 2693 507 2751 honesta
524 2693 646 2764 mulier,
663 2694 820 2752 Dorothea
835 2699 954 2765 vocata,
978 2693 1044 2751 filia
1067 2693 1200 2752 condam
1223 2693 1384 2751 Eiizabeth
1402 2709 1469 2750 mu-

138 2869 141 2875 ,
204 2797 297 2868 lieris,
321 2798 430 2855 relicta
454 2813 528 2856 vero
551 2798 682 2856 condam
706 2799 795 2857 Pauli
818 2799 954 2870 sartoris,
972 2800 1048 2857 olim
1065 2800 1200 2857 concivis
1222 2799 1329 2872 nostri,
1353 2798 1392 2855 ad
1416 2813 1469 2856 no·

203 2909 299 2960 stram
332 2904 536 2978 personaliter
558 2904 683 2963 veniens
707 2907 897 2978 presenciam
921 2905 1059 2964 contessa
1083 2912 1128 2964 est
1161 2907 1193 2964 in
1216 2908 1297 2964 hunc
1321 2904 1468 2964 modum:

203 3017 237 3066 ut
260 3010 326 3082 ipsa
350 3009 506 3083 quandam
529 3010 653 3068 vineam
675 3026 772 3082 suam,
798 3011 1037 3084 Myndawschak
1053 3019 1205 3085 vocatam,
1217 3009 1281 3087 jam
1304 3012 1334 3069 in
1351 3013 1466 3069 silvam

203 3115 338 3172 totaliter
361 3114 526 3187 redactam,
543 3132 615 3174 cum
638 3116 776 3190 virgulto
799 3122 829 3174 et
851 3117 940 3176 silvis
963 3118 1021 3175 sub
1038 3123 1067 3175 et
1084 3133 1177 3191 penes
1194 3117 1323 3175 eandem
1346 3117 1469 3174 vineam

201 3219 265 3295 jam
289 3221 319 3278 in
342 3221 454 3279 silvam
479 3221 636 3280 redactam
658 3223 780 3295 habitis,
805 3224 836 3282 in
859 3223 1014 3282 territorio
1037 3229 1143 3282 nostro
1166 3239 1219 3280 seu
1243 3223 1376 3282 civitatis
1400 3238 1469 3296 pre·

203 3326 265 3384 fate
288 3327 368 3386 inter
390 3327 504 3386 silvam
530 3344 583 3386 seu
615 3329 790 3402 virgultum
823 3329 948 3403 providi
972 3335 1002 3387 et
1024 3329 1144 3388 honesti
1168 3329 1227 3387 viri
1250 3327 1345 3388 Blasii
1371 3327 1464 3386 freni·

203 3433 318 3506 parisa
335 3432 532 3492 meridionali
549 3441 638 3508 parte
654 3441 683 3492 et
699 3436 779 3494 inter
802 3436 916 3494 silvam
939 3435 1084 3494 similiter
1106 3450 1319 3492 successorum
1336 3433 1468 3492 condam

203 3539 302 3612 probe
333 3539 473 3598 mulieris
506 3539 770 3614 Pthyczlrowycha
801 3541 883 3600 dicte
919 3541 1207 3616 aseptemtrionaii
1231 3545 1319 3614 parte
1341 3549 1372 3597 et
1388 3538 1468 3614 inira

201 3661 300 3718 usque
322 3646 460 3704 rivulum
492 3662 545 3704 seu
570 3656 708 3705 meatum
731 3663 810 3721 aque
834 3649 984 3722 pluvialis
1007 3663 1025 3705 a
1050 3655 1137 3722 parte
1160 3646 1313 3716 orientali,
1337 3661 1355 3704 a
1378 3652 1466 3720 parte

201 3766 276 3809 vero
300 3751 481 3812 occidentali
506 3754 556 3811 via
579 3755 762 3825 communis,
794 3755 934 3812 habitam
957 3761 987 3811 et
1009 3754 1200 3824 existentem,
1224 3751 1326 3825 ipsam
1349 3752 1468 3810 scilicet

202 3857 395 3916 Dorotheam
418 3859 582 3918 mulierem
606 3876 624 3918 a
647 3860 768 3934 prelata
791 3859 925 3918 condam
947 3860 1107 3918 Eiizabeth
1132 3858 1272 3928 muliere,
1296 3863 1395 3916 matre
1419 3858 1465 3930 ip·

202 3963 265 4021 sius
284 3963 445 4036 legittima,
469 3967 697 4024 testamentaria
720 3967 878 4039 legacione
901 3967 1085 4024 litteratorie
1109 3969 1351 4033 concernentem,
1376 3968 1469 4038 prout

203 4070 315 4127 hocin
339 4069 474 4143 quadarn
509 4071 611 4129 littera
642 4077 746 4130 nostra
775 4088 830 4130 seu
863 4072 996 4130 civitatis
1028 4070 1148 4145 prefate
1171 4069 1364 4146 privilegiali
1389 4075 1468 4126 tem-

203 4191 278 4249 pore
302 4176 451 4249 presentis
473 4175 626 4252 judicatus
648 4177 759 4251 prefati
781 4177 893 4253 judicis
916 4178 1012 4234 nostri
1037 4176 1178 4235 moderni
1203 4175 1241 4233 de
1251 4189 1330 4233 anno
1350 4173 1469 4232 domini

203 4298 283 4340 nunc
296 4283 430 4356 presenti
443 4281 647 4358 infrascripto,
661 4283 737 4342 feria
753 4283 898 4343 videlicet
910 4283 1045 4342 secunda
1058 4285 1088 4341 in
1112 4282 1250 4357 profesto
1268 4283 1356 4339 beate
1372 4281 1465 4338 Lucie

203 4388 340 4460 virginis,
369 4404 451 4446 nunc
474 4389 617 4462 proxime
648 4391 805 4464 preterito,
839 4405 896 4464 pro
920 4395 1008 4464 parte
1031 4389 1131 4463 ipsius
1154 4388 1310 4446 Dorothee
1327 4386 1468 4444 mulieris

203 4493 369 4568 superinde
393 4492 583 4552 coniectast
607 4501 748 4554 emanata
780 4511 816 4554 ac
840 4510 945 4552 coram
968 4495 1058 4552 nobis
1081 4495 1113 4552 iu
1134 4493 1236 4566 specie
1261 4491 1413 4566 producta
1439 4495 1469 4548 et

203 4599 412 4658 demonstrata
436 4615 581 4674 expresse
604 4600 740 4659 vidimus
764 4601 912 4659 contineri
935 4601 1085 4672 occulata,
1109 4599 1202 4658 simul
1226 4614 1298 4657 curn
1321 4598 1468 4655 omnibus

203 4704 343 4764 eiusdem
368 4705 457 4763 vinee
480 4703 544 4780 jam
574 4706 606 4764 in
637 4706 751 4764 silvam
781 4706 905 4765 redacte
929 4713 959 4764 et
981 4707 1133 4763 silvarum
1157 4703 1196 4762 ad
1221 4703 1350 4762 eandem
1375 4701 1462 4776 perti·

202 4812 345 4869 nencium
369 4811 563 4882 utilitatibus,
587 4809 717 4887 juribus,
739 4813 855 4884 usibus,
872 4813 1102 4886 integritatibus
1126 4817 1156 4868 et
1180 4811 1270 4868 metis
1304 4807 1384 4867 infra
1416 4808 1469 4866 de-

203 4916 358 4975 clarandis
392 4933 427 4975 ac
457 4919 653 4992 pertinenciis
683 4919 836 4978 universis
860 4917 1004 4993 prudenti
1026 4925 1056 4976 et
1090 4905 1218 4976 honesto
1242 4916 1311 4974 viro
1334 4913 1471 4987 Georgio

204 5023 430 5096 Wythkowyth
453 5023 545 5096 dicto,
568 5025 681 5084 seniori
711 5023 809 5102 judici
840 5031 870 5084 et
893 5025 1013 5084 concivi
1036 5033 1142 5082 nostro
1166 5039 1201 5081 ac
1225 5038 1282 5097 per
1303 5036 1375 5079 eum
1406 5021 1470 5078 suis

204 5129 373 5187 heredibus
396 5145 455 5205 pro
486 5129 650 5191 duodecim
682 5131 806 5191 florenis
838 5133 906 5191 auri
929 5147 986 5206 per
1009 5130 1140 5190 eundem
1165 5129 1335 5202 Georgium
1360 5127 1470 5200 Wyth·

1338 5248 1372 5306 31
