3828 5822
530 556 603 617 Doc.
621 565 693 634 317.
711 552 788 634 318,
813 589 853 599 -
878 557 935 614 An.
958 552 1176 650 1478-1479.
1422 577 1484 640 399

813 767 894 835 317.

324 909 404 959 Anno
429 909 504 972 1478,
526 920 564 976 15.
584 909 745 975 septembris.
765 909 913 974 Zagrabiae.
938 969 939 974 ¹

209 1035 211 1040 ’
285 1033 431 1093 Statutum
454 1035 489 1095 de
510 1020 665 1094 munitione
687 1054 774 1094 areae
796 1032 968 1110 capi'trclaris
990 1037 1041 1094 adu
1063 1045 1205 1111 noctuque
1226 1037 1416 1100 custodienda.

223 1175 225 1248 ]
325 1181 413 1236 Anno
449 1179 567 1240 domini
603 1177 906 1251 MCCCCLXXVIII,
938 1181 1158 1255 suprascripto,
1194 1181 1272 1240 feria
1307 1184 1414 1256 quinta
1451 1185 1484 1241 in

218 1285 352 1342 crastino
383 1281 579 1344 exaltationis
612 1291 725 1360 sancte
749 1287 857 1358 crucis,
881 1286 913 1344 in
942 1287 1079 1348 sacristia
1103 1288 1256 1357 exteriori,
1282 1288 1400 1348 domini
1424 1305 1482 1364 pro

219 1398 292 1448 tunc
314 1393 510 1465 congregati„
524 1393 716 1454 attendentes
738 1393 965 1452 nonnullorum
988 1393 1122 1452 fratrum
1145 1410 1273 1453 suorum
1297 1411 1391 1469 super
1408 1411 1480 1454 con·

216 1497 428 1556 stitutionibus
458 1497 545 1556 factis
568 1513 628 1556 non
653 1499 915 1569 observacionem,
938 1514 974 1556 ac
996 1498 1135 1570 illorum,
1159 1500 1213 1573 qui
1235 1505 1306 1558 sunt
1328 1501 1479 1574 absentes,

218 1604 273 1676 qui
306 1609 342 1661 ut
371 1604 426 1662 alii
460 1603 499 1661 ad
535 1604 664 1678 plenum
699 1605 879 1678 porcionem
915 1605 1125 1663 canonicalem
1148 1605 1264 1664 habere
1287 1605 1480 1679 contendant,

216 1709 496 1783 quemadmodum,
507 1715 537 1768 et
553 1715 719 1783 presentes,
744 1711 798 1783 qui
815 1709 936 1784 pondus
953 1710 1059 1768 diei'et
1077 1715 1178 1768 estum
1203 1713 1360 1783 sufferunt,
1378 1719 1481 1770 tamen

216 1815 290 1886 illis,
321 1817 436 1888 quibus
468 1816 582 1874 debent
612 1814 725 1875 officiis
748 1821 778 1874 et
801 1811 948 1875 oneribus
971 1815 1100 1874 minime
1123 1817 1263 1875 insistere
1287 1823 1403 1889 curant,
1427 1823 1480 1875 aut

215 1922 279 1980 suis
302 1921 492 1980 officialibus
515 1921 688 1996 adimplere
704 1923 911 1994 committunt,
936 1928 1065 1998 propter
1088 1937 1156 1996 que,
1181 1936 1242 1980 non
1264 1923 1368 1981 solum
1383 1924 1481 1996 negli-

214 2017 320 2100 gencie
356 2029 387 2086 in
421 2029 559 2099 ecclesia,
593 2028 647 2086 sed
683 2034 713 2086 et
741 2029 774 2107 in
808 2029 948 2087 custodia
971 2029 1164 2100 municionis,
1188 2028 1346 2103 adquam
1370 2045 1477 2088 omnes

216 2133 367 2192 debemus
398 2141 427 2192 et
459 2129 622 2209 presertim
647 2142 789 2209 tempore
812 2135 945 2193 insultus
968 2135 1152 2207 Turcorum,
1173 2135 1426 2204 committuntur;
1449 2139 1480 2194 et

214 2255 252 2297 ne
275 2241 349 2298 talia
372 2241 404 2298 in
427 2256 548 2298 cassum
573 2241 682 2300 fierent
705 2245 735 2298 et
758 2239 970 2298 ordinaciones
993 2240 1135 2298 salubres
1159 2240 1197 2298 de
1222 2247 1322 2299 cetero
1356 2247 1480 2299 matura

214 2343 441 2404 deliberacione
473 2352 653 2417 statuerunt,
685 2345 907 2404 ordinaverunt
937 2352 968 2404 et
998 2345 1131 2404 firmiter
1153 2346 1384 2404 observandum
1407 2361 1478 2404 con·

213 2451 378 2522 cluserunt,
402 2459 554 2525 quatenus
578 2453 653 2510 dum
678 2458 708 2510 et
725 2451 849 2525 quando
873 2451 1017 2510 officialis
1041 2467 1135 2526 super
1157 2453 1272 2510 talibus
1296 2452 1478 2510 constitutus

212 2557 305 2615 alicui
333 2557 531 2616 dominorum
554 2553 730 2617 custodiam
760 2563 943 2616 nocturnam
975 2559 1027 2616 vel
1051 2558 1194 2616 diurnam
1217 2559 1305 2616 iuxta
1326 2557 1478 2616 ordinaci-

214 2677 306 2720 onem
333 2663 532 2722 dominorum
566 2663 680 2722 factam
712 2664 865 2735 indixerit,
896 2664 981 2722 omni
1004 2665 1069 2722 sine
1091 2664 1284 2738 negligencia
1306 2670 1336 2722 et
1359 2671 1478 2722 contra-

212 2768 345 2827 dictione
368 2770 496 2828 eandem
524 2769 699 2844 adimplere
715 2770 885 2842 tenebitur3
909 2771 963 2843 qui
986 2777 1089 2828 autem
1112 2771 1172 2828 hoc
1194 2771 1261 2828 sive
1283 2769 1474 2844 negligenter

211 2876 277 2933 sive
300 2876 552 2950 aliquovismodo
576 2876 750 2951 adimplere
771 2891 833 2934 non
856 2877 1020 2951 curaverit,
1045 2892 1103 2951 pro
1126 2878 1229 2951 primo
1251 2877 1398 2951 puniatur
1420 2875 1477 2933 tlo-

210 2997 285 3041 reno
308 2997 378 3054 uno,
395 2998 453 3057 pro
468 2983 603 3041 secundo
619 2991 722 3040 autem
740 2983 885 3055 porcione
902 2983 1071 3040 canonicali
1094 2984 1179 3040 illius
1192 2983 1282 3052 anni,
1307 2996 1365 3056 pro
1381 2981 1477 3040 tercio

200 3065 323 3159 autem,
347 3088 431 3162 quod
463 3089 553 3159 absit,
584 3089 609 3146 si
640 3089 799 3161 negligens
823 3087 917 3146 fuerit
939 3093 993 3144 aut
1016 3088 1151 3146 incurius
1175 3087 1284 3160 predio
1307 3087 1478 3144 canonicali

211 3195 276 3252 sine
298 3195 383 3254 omni
406 3195 509 3268 gracia
542 3195 726 3269 privabitur.
750 3193 898 3266 Quisquis
929 3199 1033 3250 autem
1058 3206 1117 3266 pro
1140 3207 1176 3250 eo
1199 3193 1288 3267 loqui
1309 3193 1360 3270 vel
1384 3192 1474 3249 inter·

210 3300 320 3358 cedere
350 3315 442 3360 ausus
466 3299 567 3372 fuerit,
598 3315 709 3374 penam
746 3315 779 3357 se
811 3299 938 3373 periurii
969 3298 1082 3356 senciat
1107 3299 1272 3356 incurrisse
1294 3298 1362 3371 ipso
1386 3295 1475 3367 facto,

209 3406 248 3464 ad
280 3423 376 3480 quam
407 3406 524 3464 domini
555 3407 664 3464 vicarii
694 3406 847 3464 auxilium
869 3406 941 3462 licet
971 3411 1084 3462 extunc
1106 3405 1286 3478 implorare,
1310 3418 1406 3476 quam
1429 3403 1475 3459 in·

211 3512 343 3570 currisse
366 3511 498 3570 eundem
522 3511 701 3570 declarabit.

320 3648 400 3696 Liber
417 3648 513 3697 rubeus
532 3663 588 3697 ven.
609 3647 717 3712 capituli
734 3647 796 3699 eccl.
824 3647 1005 3711 zagrabiensis.
1024 3648 1057 3694 In
1075 3644 1170 3696 archiv.
1199 3643 1261 3694 incl.
1281 3643 1366 3694 Acad.
1391 3643 1469 3694 scien.

209 3735 278 3786 Slav.
298 3738 387 3788 merid.

802 3947 885 4012 318.

313 4094 394 4143 Anno
414 4103 488 4157 1479,
509 4103 551 4157 25.
568 4090 650 4155 Junii.
669 4091 702 4139 In
719 4088 831 4142 Thatha.

207 4221 351 4291 Matthias,
374 4220 551 4294 Hungariae
573 4225 622 4278 etc.
646 4236 708 4287 rex,
731 4217 856 4291 capitulo
885 4215 1002 4289 sagrab.
1021 4215 1172 4289 praecipit,
1196 4221 1230 4271 ut
1248 4215 1352 4272 narnia
1376 4231 1469 4286 suam,

237 4347 312 4402 quac
333 4328 501 4384 nominatur
524 4319 646 4402 „Paper
667 4325 782 4393 tureffl,
806 4326 837 4380 in
859 4323 1057 4380 communitate
1079 4321 1204 4378 civitatis
1223 4321 1309 4378 stiam
1331 4319 1449 4394 reficiat.

913 4461 1067 4511 Commissio
1087 4461 1191 4525 propria
1208 4459 1306 4508 domini
1325 4459 1401 4522 regis.

312 4578 443 4636 Mathias
467 4576 517 4635 dei
540 4575 642 4650 gracia
666 4591 721 4632 rex
744 4573 913 4646 Hungarie,
937 4571 1085 4630 Bohemie
1108 4578 1163 4630 etc.
1183 4569 1344 4628 Fidelibus
1360 4569 1471 4627 nostris

203 4684 442 4743 honorabilibus
464 4683 602 4756 capitulo
626 4681 754 4738 ecclesie
776 4679 986 4753 zagrabiensis
1009 4678 1143 4736 salutem
1167 4681 1198 4735 et
1220 4676 1366 4749 graciam.
1393 4673 1471 4732 Gra·

204 4791 285 4848 viter
316 4796 347 4848 et
377 4789 548 4848 admodum
584 4788 784 4861 displicenter
816 4785 1001 4858 accepimus
1033 4782 1117 4857 quod
1149 4797 1206 4840 vos
1236 4781 1350 4840 turrim
1372 4781 1471 4852 illam,

205 4913 300 4970 quam
324 4898 356 4954 in
386 4898 510 4955 civitate
541 4901 646 4970 nostra
668 4895 782 4952 montis
806 4892 968 4951 Grecensis
991 4891 1113 4948 habetis
1137 4889 1259 4964 penitus
1283 4887 1418 4945 desolari
1441 4891 1471 4943 et

204 5019 350 5077 magnam
380 5003 502 5061 ruinam
538 5001 603 5076 pati
633 5001 822 5075 permittitis,
843 5004 873 5056 et
895 4998 1017 5055 nullam
1041 4997 1072 5054 in
1095 5011 1131 5053 ea
1154 4993 1328 5053 custodiam
1361 4991 1470 5064 facitis,
