3930 5802
393 563 454 625 134
814 548 888 606 Doc.
913 558 980 626 107.
1004 581 1047 591 -
1071 548 1127 606 An.
1151 556 1239 625 1437.

388 766 523 824 concessi
557 766 716 824 communi
748 764 868 842 justicia
902 767 1086 839 requirente.
1117 763 1233 822 Datum
1257 764 1397 839 predicta
1421 763 1581 838 Zagrabie,
1604 765 1655 824 die

388 869 545 928 dominico
568 872 713 945 proximo
736 876 807 944 post
837 871 1012 945 predictum
1043 868 1156 928 festum
1188 871 1377 929 visitacionis
1411 872 1500 930 beate
1530 887 1656 946 semper

388 976 518 1049 virginis
552 977 657 1036 Marte,
694 981 784 1036 Anno
819 977 938 1036 domini
973 977 1145 1036 millesimo
1170 975 1475 1051 quadringentesimo
1498 977 1655 1036 tricesimo

387 1083 533 1158 septimo.

494 1235 628 1301 Originale
646 1237 673 1285 in
691 1235 786 1294 charta,
806 1251 896 1300 parum
914 1236 1037 1286 attritum.
1058 1235 1178 1300 Sigillum
1196 1237 1357 1304 impressum.
1377 1242 1409 1290 In
1427 1239 1522 1292 archiv.
1541 1237 1587 1288 lib.
1601 1253 1653 1302 reg.

388 1325 457 1380 civit.
475 1325 576 1391 zagrab.

979 1501 1059 1572 107.

494 1645 575 1694 Auno
599 1656 674 1709 1437,
694 1656 734 1695 21.
755 1644 905 1697 decembris.
926 1645 1069 1711 Krapinae.

387 1771 557 1831 Frt'dericus
580 1789 667 1830 conus
695 1771 790 1830 Cilcae
812 1773 937 1845 capitulo
959 1780 988 1830 ct
1004 1773 1201 1830 rornmum'tatr'
1221 1773 1348 1830 civitatis
1368 1791 1426 1831 sese
1454 1792 1550 1832 eorum
1573 1791 1655 1832 accu-
1684 1839 1687 1850 .

386 1879 509 1938 sattbnes
540 1877 680 1949 Villtelmi,
701 1877 795 1938 castri
815 1877 943 1936 Medved
958 1879 1098 1952 capriani,
1120 1879 1262 1954 suscipere
1283 1879 1533 1954 litigatoribusque
1539 1881 1654 1956 justam

683 1985 850 2042 sentenciam
874 1985 952 2044 fem
973 2002 1031 2042 esse
1045 1991 1213 2064 promptum
1235 1985 1359 2042 nuntiat.

493 2129 668 2188 Friden'cus
699 2128 750 2187 dei
777 2130 882 2201 gracia
912 2129 1000 2202 Cilic,
1024 2129 1228 2202 Ortenburge,
1252 2128 1444 2203 Zagorieque
1466 2135 1522 2188 etc.
1542 2145 1654 2189 comes.

387 2235 595 2294 Honorabiles
607 2250 643 2293 ac
654 2234 780 2309 providi
792 2236 882 2293 nobis
895 2229 1017 2293 dilecti!
1035 2235 1094 2294 Per
1108 2235 1250 2294 nobilem
1273 2233 1508 2307 sigismundum
1532 2237 1652 2296 Hann..

388 2343 427 2401 de
449 2341 581 2415 Bednya,
594 2341 740 2400 comitem
755 2345 896 2399 nostrum
915 2341 1159 2413 varosdiensem,
1176 2341 1223 2398 uti
1238 2357 1276 2398 ex
1291 2341 1500 2400 relacionibus
1515 2342 1652 2401 eiusdem

387 2447 592 2524 percepimus,
614 2447 646 2506 id
669 2447 760 2506 nobis
783 2447 957 2519 intimastis,
984 2447 1068 2520 quod
1093 2461 1149 2504 vos
1180 2447 1462 2506 controversiarum
1485 2452 1516 2507 et
1538 2447 1655 2509 discor·

373 2554 512 2613 .diarum
537 2553 700 2612 materiam
723 2552 803 2610 inter
827 2566 887 2610 vos
910 2552 950 2610 ab
973 2567 1034 2610 una
1056 2557 1087 2610 et
1108 2553 1268 2626 egregium
1291 2553 1487 2611 vilhelmum
1503 2562 1654 2629 nostrum,

386 2647 579 2733 illustrisque
610 2659 760 2734 principis
790 2659 912 2718 comitis
945 2659 1044 2717 Vlrici
1066 2662 1121 2717 etc.
1144 2658 1204 2718 filii
1232 2659 1331 2717 nostri
1356 2659 1516 2732 carissimi,
1539 2662 1655 2734 capita·

386 2781 481 2826 neum
503 2765 542 2824 de
564 2765 686 2824 Medwe
708 2768 799 2840 parte
822 2781 861 2823 ex
883 2766 983 2823 altera
1005 2770 1125 2823 motam
1153 2770 1184 2824 et
1213 2765 1401 2838 suscitatam,
1423 2764 1548 2841 judicio,
1571 2768 1656 2828 arbi·

386 2874 508 2947 trioque
530 2875 560 2930 et
582 2871 782 2947 disposicioni
804 2887 840 2930 ac
862 2872 1006 2930 manibus
1029 2872 1143 2930 nostris
1165 2872 1362 2931 submisistis.
1385 2871 1475 2932 Unde
1499 2888 1572 2931 cum
1596 2890 1654 2933 nos

386 2981 457 3057 paci
479 2984 509 3038 et
531 2978 694 3038 concordie
717 2979 859 3052 parcium
883 2979 991 3052 pocius
1014 2993 1110 3052 quam
1134 2977 1288 3037 discordie
1321 2977 1526 3049 intendamus,
1549 2981 1654 3038 animo

386 3087 496 3146 libenti
518 3101 576 3160 pro
598 3085 743 3157 sedanda,
765 3083 1024 3158 informandaque
1047 3089 1078 3143 et
1100 3083 1329 3159 complananda
1359 3085 1427 3158 ipsa
1442 3087 1654 3144 controversia

387 3209 441 3252 seu
464 3191 628 3263 discordia,
653 3206 690 3250 ac
712 3190 935 3250 consolidanda
960 3197 1053 3265 atque
1074 3191 1246 3250 ordinanda
1267 3191 1348 3250 inter
1371 3205 1428 3249 vos
1451 3206 1529 3265 pace
1552 3191 1653 3264 firma,

386 3314 520 3358 unacum
543 3298 613 3356 aliis
635 3299 745 3373 probis
767 3297 915 3356 volumus
937 3298 1134 3371 interponere
1156 3297 1373 3356 favorabiliter
1392 3303 1499 3372 partes
1521 3303 1652 3372 nostras,

385 3421 448 3465 non
461 3405 656 3464 advertentes
671 3405 760 3476 illud,
778 3403 920 3478 quitquid
938 3405 985 3474 sit
1000 3404 1082 3479 quod
1097 3411 1203 3463 contra
1218 3419 1275 3463 nos
1287 3405 1493 3478 commisistis,
1510 3407 1654 3479 quamvis

385 3527 448 3572 non
470 3512 574 3570 levem
597 3511 749 3585 ponderat
772 3527 939 3570 excessum.
961 3511 999 3570 Et
1022 3527 1142 3582 verum,
1157 3495 1237 3585 'quia
1260 3509 1384 3586 judicio,
1409 3511 1600 3586 arbitrioque
1623 3517 1654 3572 et

380 3603 587 3693 'disposicioni
608 3618 790 3678 huiusmodi
812 3635 851 3676 ex
874 3619 965 3678 vobis
988 3618 1123 3677 dominis
1147 3618 1185 3676 de
1208 3619 1346 3692 capitulo
1362 3625 1424 3677 tres
1440 3619 1493 3678 vel
1509 3625 1654 3694 quatuor,

387 3742 426 3785 ex
447 3723 602 3797 vobisque
624 3723 746 3782 civibus
769 3724 908 3796 totidem,
932 3725 987 3799 qui
1009 3725 1166 3783 accionem
1191 3729 1328 3783 vestram
1350 3725 1456 3796 sciant,
1480 3741 1654 3800 proponere

386 3837 416 3889 et
439 3835 545 3888 contra
568 3830 806 3905 proponendam
829 3830 965 3890 finaliter
988 3830 1185 3906 respondere,
1209 3829 1248 3888 de
1269 3835 1334 3889 tota
1355 3832 1528 3890 intencione
1550 3840 1654 3892 vestra

384 3936 553 4008 informati,
576 3953 670 4010 super
684 3933 862 4013 judicioque
884 3943 915 3996 et
929 3938 1059 3997 arbitrio
1074 3952 1110 3996 ac
1126 3937 1332 4012 disposicione
1353 3938 1513 4010 premissis
1529 3946 1652 4000 conten·

384 4049 492 4114 tontes,
516 4043 643 4118 plenam
665 4044 815 4103 habentes
838 4048 1031 4118 potestatem,
1055 4050 1196 4119 presente
1220 4045 1320 4102 eciam
1346 4042 1467 4117 prelato
1491 4044 1653 4106 Vilhelmo

388 4153 564 4225 capetaneo,
588 4165 682 4223 quem
705 4149 851 4209 similiter
874 4164 980 4208 coram
1004 4151 1095 4209 nobis
1117 4149 1283 4224 superinde
1298 4164 1481 4224 comparere
1496 4149 1653 4226 iaciemus,

384 4257 558 4317 necessario
592 4255 707 4315 debent
742 4256 906 4327 interesse;
941 4271 999 4331 pro
1022 4271 1059 4314 eo
1089 4261 1208 4315 vestras
1244 4256 1441 4330 presentibus
1460 4259 1654 4318 consulentes

384 4379 548 4423 monemus
571 4363 763 4431 dilecciones‚
784 4368 935 4437 quatenus
960 4363 1101 4422 homines
1139 4371 1259 4422 vestros
1293 4363 1450 4439 predictos
1484 4365 1582 4423 vestri
1616 4381 1655 4425 ex

385 4476 483 4546 parte,
517 4471 564 4530 uti
596 4469 804 4544 premisimus,
831 4483 937 4528 coram
967 4471 1059 4529 nobis
1089 4469 1128 4529 de
1159 4470 1319 4545 premissis
1342 4470 1382 4528 ad
1408 4470 1653 4545 comparendum

384 4577 580 4649 necessarios,
603 4575 701 4635 vestri
730 4575 875 4635 emedio
914 4577 1081 4650 eligendos,
1116 4578 1148 4635 in
1177 4577 1287 4649 vigilia
1316 4575 1387 4635 festi
1408 4575 1654 4652 Epiphaniarum

386 4683 505 4743 domini
526 4684 669 4758 proxime
691 4699 773 4742 nunc
798 4683 934 4754 affuturi,
958 4683 1094 4743 termino
1118 4683 1237 4742 scilicet
1260 4699 1317 4756 per
1338 4697 1395 4741 nos
1424 4682 1464 4740 ad
1493 4683 1526 4742 id
1557 4684 1655 4760 depu-

385 4795 459 4862 tato,
488 4789 588 4848 nostri
620 4789 653 4848 in
687 4789 880 4864 presenciam
905 4789 1058 4848 destinare
1080 4803 1142 4848 non
1165 4789 1358 4864 postponatis
1378 4788 1410 4847 in
1432 4794 1546 4848 statera
1569 4791 1653 4865 equi·

384 4896 456 4955 tatis
479 4911 573 4970 super
606 4897 766 4971 premissis
798 4895 894 4955 finem
922 4897 1078 4971 recepturi
1114 4896 1294 4969 decisivum,
1319 4895 1463 4971 quitquid
1485 4901 1589 4956 tamen
1621 4899 1655 4958 in

386 5003 545 5077 premissis
577 5004 803 5078 precogitantes
836 5003 1093 5076 deliberaveritis,
1123 5005 1214 5064 nobis
1245 5003 1427 5078 quantocius
1455 5009 1573 5064 vestras
1596 5019 1653 5080 per
