3828 5822
410 581 472 657 384
824 581 897 638 Boc.
915 575 993 656 308.
1018 613 1058 624 -
1084 587 1253 657 An.1477.

406 793 529 869 larunt3
553 809 663 853 verum
686 795 758 853 licet
781 795 934 854 antefatus
956 797 1110 880 Johannes
1133 795 1349 868 Soldynarych
1372 793 1469 870 judex
1491 802 1594 854 suaet
1610 795 1674 854 dic·

408 905 512 958 lorum
542 900 676 958 aliorum
707 915 834 958 suorum
863 901 1036 960 concivium
1060 903 1092 960 in
1115 902 1256 976 personis
1287 901 1319 959 in
1341 902 1494 975 premissa
1517 901 1674 960 adiudica-

407 1004 494 1064 cione
517 1003 631 1080 prefati
655 1007 743 1079 regni
765 1005 930 1066 Sclauonie
951 1007 1032 1078 bani,
1055 1008 1233 1067 racionibus
1258 1013 1287 1064 et
1310 1007 1411 1065 causis
1440 1023 1480 1065 ex
1511 1008 1673 1081 premissis
1777 1013 1783 1034 '

407 1112 536 1170 minime
559 1117 728 1182 contentus,
751 1127 876 1170 causam
899 1113 1029 1171 eandem
1052 1128 1111 1188 pro
1138 1113 1278 1172 eiusdem
1309 1112 1538 1172 deliberacione
1558 1119 1590 1172 et
1613 1113 1674 1172 dis·

407 1219 555 1290 cussione,
577 1217 673 1275 modo
696 1220 759 1292 quo
781 1234 886 1293 supra,
909 1220 940 1277 in
963 1221 1081 1278 curiam
1105 1221 1232 1292 regiam,
1258 1225 1397 1277 nostram
1421 1221 1539 1279 scilicet
1554 1221 1586 1278 in
1603 1235 1673 1294 pre·

406 1324 541 1382 senciam
565 1323 763 1397 perdicium
787 1326 874 1398 regni
904 1324 1068 1384 Sclauonie
1098 1325 1215 1383 banum
1246 1325 1416 1384 transmitti
1446 1326 1671 1401 procuraverit

399 1430 532 1502 Tamen,
557 1430 630 1504 quia
652 1429 737 1488 idem
759 1431 848 1504 regni
871 1425 1034 1490 Sclauonie
1063 1433 1163 1490 banus
1194 1432 1256 1506 ipsi
1283 1431 1418 1515 Johanni
1441 1430 1669 1505 Soldynarych,

409 1536 559 1594 moderno
592 1537 710 1594 scilicet
742 1533 839 1612 judici
872 1537 1044 1612 prescripie
1066 1537 1210 1610 civitatis,
1247 1552 1318 1595 cum
1353 1537 1474 1595 civibus
1509 1543 1539 1595 et
1561 1537 1672 1596 incolis

408 1643 541 1702 aliarum
566 1643 727 1701 civitatum
750 1648 781 1700 et
804 1643 971 1717 opidorum
993 1643 1055 1702 sibi
1078 1643 1235 1702 similibus
1258 1647 1311 1702 aut
1334 1643 1495 1701 nobilibus
1520 1644 1670 1718 personis,

405 1763 493 1807 more
513 1749 614 1822 solito,
637 1749 668 1806 in
692 1749 853 1822 premissis
876 1751 1085 1825 prescriptum
1115 1748 1326 1826 juramentum
1357 1750 1616 1824 quinquagesimo
1638 1767 1671 1809 se

405 1855 623 1929 deponendum
646 1854 838 1914 adiudieasse
861 1863 890 1914 et
914 1857 1099 1931 imposuisse
1114 1857 1173 1915 rite
1196 1863 1227 1914 et
1242 1856 1394 1929 legittime
1415 1856 1507 1915 nobis
1530 1873 1566 1916 ac
1582 1857 1671 1930 regni

404 1961 565 2020 nobilibus
588 1961 753 2020 nobiscum
776 1962 809 2020 in
830 1960 946 2040 judicio
969 1968 999 2020 et
1021 1962 1249 2022 deliberacione
1264 1962 1402 2022 eiusdem
1426 1977 1517 2020 cause
1539 1963 1670 2022 existen·

297 2067 304 2088 ⁹
403 2069 487 2126 tibus
510 2067 776 2142 adinveniebatur,
799 2083 858 2142 pro
881 2083 917 2126 eo
939 2083 996 2128 nos
1019 2083 1151 2126 unacum
1175 2068 1291 2127 eisdem
1314 2068 1403 2142 regni
1425 2069 1587 2127 nobilibus
1604 2085 1669 2127 ma·

403 2179 473 2233 tura
495 2173 662 2246 superinde
677 2173 905 2233 deliberacione
921 2175 1269 2249 prehabitajudicantes
1284 2175 1497 2234 commisimus
1510 2190 1547 2234 eo
1564 2175 1668 2235 modo:

405 2285 440 2338 ut
473 2278 627 2338 antefatus
657 2279 812 2363 Johannes
842 2279 1079 2355 Soldynarych‚
1110 2281 1278 2340 modernus
1313 2282 1431 2340 scilicet
1459 2279 1555 2357 judex
1588 2282 1669 2341 dicte

403 2385 537 2444 civitatis
558 2387 671 2444 montis
693 2385 863 2460 Grecensis,
878 2387 1057 2446 nominibus
1081 2393 1110 2446 et
1132 2388 1164 2446 in
1187 2387 1328 2462 personis
1351 2387 1432 2446 dicte
1457 2388 1561 2446 totalis
1583 2403 1668 2447 com·

350 2573 353 2580 Ι
402 2491 561 2550 munitatis
591 2491 729 2550 eiusdem
758 2492 892 2551 civitatis
922 2493 1177 2568 quinquagesimo
1208 2510 1240 2552 se
1274 2494 1430 2552 similibus
1464 2494 1524 2552 sibi
1547 2493 1669 2552 civibus

402 2597 536 2656 aliarum
560 2597 722 2656 civitatum
745 2605 775 2658 et
798 2599 967 2673 opidorum
989 2605 1042 2658 aut
1071 2599 1232 2664 nobilibus
1262 2600 1402 2674 personis
1430 2600 1583 2673 vigesimo
1614 2599 1665 2658 die

397 2703 472 2763 ¹festi
500 2703 744 2779 Epiphaniarum
768 2704 894 2778 domini,
924 2705 1066 2779 proxime
1090 2705 1227 2778 affuturi,
1250 2721 1355 2764 coram
1379 2705 1518 2778 capitulo
1539 2705 1667 2764 ecclesie

400 2809 587 2869 chasmensis
619 2826 713 2884 super
735 2826 780 2881 eo,
802 2811 885 2884 quod
908 2811 967 2885 ipsi
997 2811 1029 2870 in
1059 2811 1149 2869 totali
1179 2811 1331 2886 premissa
1364 2811 1488 2870 accione
1510 2817 1540 2869 et
1563 2811 1667 2885 acqui·

399 2914 514 2974 sicione
535 2915 609 2974 dicti
640 2915 770 2990 capituli
802 2917 919 2989 agentis
953 2916 1129 2976 innocentes
1160 2918 1222 2976 sint
1258 2921 1289 2976 el
1322 2918 1464 2991 existant,
1488 2917 1611 2992 penitus
1634 2922 1665 2976 et

399 3023 553 3080 immunes
575 3023 608 3080 in
630 3023 769 3082 animum
793 3023 906 3098 prelati
941 3023 1097 3082 Valentini
1123 3030 1196 3082 tunc
1228 3021 1337 3098 judicis
1371 3021 1579 3100 juramentum
1613 3021 1665 3082 de·

399 3142 514 3203 ponere
529 3133 559 3186 et
575 3133 713 3204 prestare
727 3135 758 3188 et
773 3129 883 3188 dehinc
898 3129 1077 3188 huiusmodi
1091 3127 1303 3204 juramentalis
1319 3129 1533 3205 deposicionis,
1553 3129 1665 3188 seriem

398 3239 502 3307 parles
535 3235 568 3293 in
601 3235 712 3294 litteris
746 3235 885 3294 eiusdem
919 3235 1050 3310 capituli
1087 3235 1216 3294 ecclesie
1251 3237 1441 3294 chasmensis
1463 3233 1504 3292 ad
1538 3243 1664 3293 octavas

398 3338 473 3398 dicti
496 3337 565 3398 sesti
581 3341 826 3415 Epiphaniarum
846 3341 973 3413 domini,
989 3358 1070 3400 nunc
1086 3347 1240 3414 venturas,
1261 3341 1414 3414 legittime
1431 3333 1661 3414 perdurandam

397 3442 481 3503 dicto
504 3447 594 3518 regni
626 3445 789 3506 Sclauonie
821 3447 902 3505 bano
932 3447 964 3506 in
994 3447 1101 3506 sedem
1124 3439 1214 3527 (eius)
1244 3447 1478 3521 zagrabiensem
1501 3453 1662 3522 reportare

398 3554 578 3610 teneantur.
614 3553 730 3611 Datum
764 3553 849 3611 Bude
879 3553 1117 3628 quadragesimo
1153 3553 1261 3627 quinto
1295 3553 1346 3612 die
1379 3559 1560 3612 octavarum
1595 3553 1664 3612 festi

397 3655 480 3714 beati
504 3658 662 3718 Michaelis
685 3659 864 3733 archangeli
898 3659 1117 3734 predictarum.
1141 3652 1232 3718 Anno
1255 3659 1374 3717 domini
1397 3660 1567 3717 millesimo
1590 3673 1664 3734 qua·

397 3762 638 3836 dringentesimo
661 3747 889 3840 septuagesimo
912 3767 1054 3842 septimo.

503 3876 544 3942 (A
562 3879 658 3945 eergo).
681 3873 782 3948 Super
810 3871 992 3950 juramento.
1019 3867 1080 3931 Pro
1102 3873 1242 3957 Johanne
1270 3871 1486 3946 Suldynarych
1510 3871 1661 3932 moderno

395 3985 513 4042 scilicet
534 3980 636 4059 judice
659 3981 792 4038 civitatis
815 3979 993 4038 Greczensis
1016 3995 1111 4053 supra
1134 3979 1325 4053 Zagrabiam
1342 3984 1448 4038 contra
1471 3979 1657 4037 honorabile

397 4090 570 4165 capitulum
600 4086 729 4145 ecclesie
758 4085 965 4159 zagrabiensis
997 4101 1053 4159 per
1086 4085 1219 4143 eundem
1251 4085 1403 4168 Johanem
1435 4082 1659 4157 Soldynarych,

395 4196 575 4254 nominibus
597 4199 627 4252 et
650 4193 682 4252 in
705 4194 844 4267 personis
857 4193 955 4252 tocius
978 4191 1209 4250 communitatis
1232 4190 1313 4250 dicte
1337 4191 1471 4250 civitatis
1493 4189 1655 4250 Grecensis

394 4301 653 4376 quinquagesimo
687 4316 720 4358 se
753 4301 910 4358 similibus
947 4299 1009 4358 sibi
1031 4299 1153 4357 civibus
1188 4299 1323 4356 aliorum
1353 4297 1517 4355 civitatum
1539 4301 1569 4354 et
1592 4295 1660 4369 opi·

393 4407 507 4466 dornm
530 4413 583 4464 aut
615 4406 775 4465 nobilibus
807 4407 946 4496 personis
977 4405 1130 4479 vigesimo
1164 4404 1214 4462 die
1245 4403 1314 4461 sesti
1339 4402 1584 4477 Epiphaniarum
1607 4401 1661 4459 do

393 4513 470 4572 mini
500 4513 643 4586 proxime
676 4512 805 4572 affuturi
835 4528 938 4572 coram
970 4513 1109 4586 capitulo
1131 4511 1260 4569 ecclesie
1282 4508 1471 4568 chasmensis
1493 4507 1589 4565 modo
1612 4507 1659 4566 in·

391 4617 558 4693 frascripto
591 4619 773 4692 deponendi,
797 4620 884 4677 cuius
916 4617 1010 4676 series
1033 4634 1090 4692 per
1113 4624 1217 4692 partes
1246 4617 1278 4675 in
1300 4615 1411 4674 litteris
1435 4613 1509 4671 dicti
1531 4613 1661 4688 capituli

392 4725 521 4784 ecclesie
543 4726 733 4783 chasmensis
754 4724 795 4783 ad
819 4723 916 4783 dictas
939 4730 1065 4782 octavas
1087 4723 1162 4782 dicti
1185 4723 1255 4782 festi
1272 4721 1520 4796 Epiphaniarum
1537 4719 1658 4779 domini

390 4849 472 4890 nunc
495 4837 643 4890 venturas
666 4831 819 4904 legittime
840 4829 1075 4905 perdurandum
1098 4829 1188 4903 regni
1211 4827 1374 4888 Sclauonie
1398 4827 1481 4885 bano
1503 4825 1535 4884 in
1550 4825 1658 4885 sedem

384 4939 625 5012 'zagrabiensern
648 4944 695 4996 est
717 4938 914 5011 reportanda,
939 4937 1147 4996 memoriales.

499 5073 634 5139 Originale
652 5075 680 5124 in
698 5075 794 5128 charta.
814 5075 842 5124 A
858 5081 931 5140 tergo
950 5075 1089 5139 vestigium
1107 5073 1227 5139 impressi
1240 5071 1330 5138 sigilli.
1349 5073 1382 5122 In
1395 5071 1491 5123 archiv.
1504 5069 1565 5123 incl.
1578 5069 1659 5123 Acad.

390 5165 487 5218 Scient.
505 5163 605 5218 Slavor.
623 5165 714 5218 merid.
