3930 5802
420 522 480 576 ¹70
825 505 897 562 Doc.
923 519 991 582 123.
1016 539 1055 548 -
1081 507 1137 562 Aa.
1163 518 1253 583 1439.

415 729 444 778 et
479 721 557 778 alios
594 721 806 795 intrascriptos
836 721 876 779 ad
907 728 1032 780 octavas
1065 722 1135 780 festi
1172 723 1254 782 beati
1291 723 1449 782 Michaelis
1488 724 1676 796 archangeli,

414 827 665 901 proclamatorie.

518 939 613 1000 (renor
637 939 819 1003 executionis).
839 936 942 994 Homo
958 937 1061 1008 regius
1077 936 1258 994 Valentinus
1274 937 1359 994 filius
1375 936 1523 1011 Stephani
1545 936 1583 994 de
1598 937 1676 995 Dre-

413 1057 502 1114 noua,
525 1043 714 1116 capitularis,
739 1041 891 1116 Georgius
913 1043 1145 1116 prebendarius.
1169 1043 1380 1101 Proclamacio
1404 1044 1506 1116 prima
1530 1050 1576 1101 est
1597 1043 1677 1102 sacta

414 1147 463 1206 die
476 1148 631 1206 dominico
647 1157 718 1222 post
734 1148 848 1206 festum
863 1151 953 1207 beate
977 1152 1072 1208 Marie
1096 1150 1225 1221 virginis
1249 1150 1426 1208 Natiuitatis
1450 1151 1482 1208 in
1505 1149 1675 1223 Wgrouch,

413 1269 449 1312 ac
471 1255 605 1312 secundo
632 1255 708 1314 feria
742 1257 834 1313 tercia
866 1255 1044 1314 immediate
1069 1258 1208 1329 sequenti
1233 1258 1264 1314 in
1287 1255 1445 1327 Stubicha,
1468 1257 1625 1330 tercioque
1648 1261 1679 1314 et

412 1362 523 1420 ultimo
539 1361 614 1420 feria
633 1367 743 1436 quarta
758 1362 902 1420 similiter
918 1363 1097 1422 immediate
1113 1362 1294 1421 succedente
1306 1364 1336 1420 in
1353 1363 1492 1435 lwanycz
1509 1363 1677 1436 possessio-

412 1467 512 1540 nibus,
536 1473 606 1525 sunt
630 1469 815 1544 proclamati
837 1468 877 1526 ad
899 1474 1026 1527 octavas
1048 1475 1082 1527 ut
1105 1471 1186 1528 intra
1210 1469 1304 1527 datas.

519 1604 653 1669 originale
671 1607 699 1655 in
717 1606 812 1657 charta.
842 1607 870 1655 A
894 1613 966 1670 tergo
995 1607 1133 1670 vestigium
1157 1607 1276 1672 impressi
1302 1606 1390 1672 sigilli.
1424 1609 1457 1656 ln
1484 1606 1599 1656 archivio
1618 1621 1676 1656 ven.

412 1691 496 1757 Capit.
516 1693 578 1744 eccl.
599 1693 699 1758 zagrab.
720 1695 781 1744 Act.
802 1694 865 1759 Cap.
886 1701 937 1745 aut.
957 1695 1018 1747 fasc.
1042 1707 1081 1745 10.
1100 1711 1131 1743 nr
1158 1708 1191 1758 23

1007 1925 1081 1992 123.

516 2069 596 2117 Anno
620 2082 694 2132 1439,
716 2082 756 2132 23.
775 2071 873 2136 aprilis.
893 2071 1009 2122 Posonii.

410 2179 544 2236 Albertus
566 2179 746 2252 Hungariac
768 2189 818 2242 etc.
848 2199 902 2238 rex
932 2182 1056 2254 capetulo
1086 2181 1270 2255 zograbz'ensi
1289 2181 1480 2256 possessiones
1510 2178 1676 2254 Kraljevec,

419 2285 508 2361 Cerjr,
524 2285 674 2362 Kobr'ljak,
691 2285 802 2363 Svibljc
816 2295 845 2344 et
858 2288 1019 2346 Noricum
1035 2289 1164 2346 omnibus
1171 2288 1302 2364 juribus,
1317 2306 1392 2362 quae
1406 2287 1512 2357 absunt,
1529 2286 1602 2342 dono
1616 2284 1675 2341 dat.

851 2427 1006 2478 Commissio
1025 2429 1129 2492 propria
1147 2429 1246 2477 domini
1264 2426 1333 2490 regis
1352 2426 1474 2490 magistro
1492 2424 1625 2488 Stephano
1643 2423 1675 2472 de

883 2517 950 2582 Byk,
970 2518 1103 2582 preposito
1122 2517 1222 2566 albensi
1241 2517 1266 2567 et
1285 2515 1482 2581 prothonotalio
1500 2513 1629 2564 referenti.

513 2627 577 2686 Nos
600 2627 750 2687 Albertus
774 2629 824 2688 dei
846 2631 950 2702 gracia
973 2631 1187 2688 Romanorum
1215 2645 1278 2702 rex,
1310 2644 1433 2702 semper
1462 2629 1619 2700 augustus,
1640 2639 1675 2682 ac

408 2731 574 2805 Hungarie,
597 2733 753 2810 Bohemie,
776 2736 946 2808 Dalmacie,
977 2736 1189 2810 Chroaciequc
1222 2753 1286 2808 rex,
1310 2741 1340 2794 et
1370 2736 1434 2794 dux
1465 2735 1589 2794 Austrie
1619 2741 1674 2790 etc.

407 2838 526 2898 Teuore
549 2843 743 2914 presencium
766 2842 984 2915 significamus,
1008 2844 1122 2916 quibus
1152 2843 1278 2917 expedit
1308 2844 1467 2902 universis.
1498 2840 1591 2916 Quod
1618 2855 1675 2898 nos

407 2947 497 3005 sicuti
519 2947 559 3005 ad
582 2954 739 3007 certorum
761 2953 940 3008 nostrorum
962 2949 1105 3008 fidelium
1135 2951 1399 3024 supplicacionem
1431 2955 1461 3008 et
1491 2948 1674 3008 instanciam

407 3053 497 3111 nobis
520 3060 687 3129 propterea
710 3057 881 3114 subiective
904 3064 1089 3130 porrectam,
1124 3058 1167 3115 sic
1199 3059 1353 3131 novimus,
1384 3059 1481 3115 immo
1504 3057 1674 3130 potissime,

406 3174 529 3218 summa
551 3177 607 3219 nos
631 3161 799 3220 devocione
821 3167 972 3234 monente,
996 3179 1058 3236 qua
1080 3164 1260 3221 beatissimo
1288 3163 1444 3238 Stephano
1474 3164 1550 3236 regi,
1581 3163 1673 3221 huius

406 3267 494 3339 regni
516 3268 685 3341 Hungarie
697 3275 829 3342 patrono
853 3275 882 3327 et
905 3271 1059 3344 apostolo,
1084 3285 1146 3344 quo
1169 3277 1312 3329 monente
1342 3277 1373 3329 et
1402 3272 1570 3329 salubriter
1599 3285 1673 3343 ope·

405 3378 494 3432 rante
516 3373 600 3432 idern
623 3390 755 3448 regnum
778 3377 921 3450 primeva
950 3377 1024 3435 fidei
1058 3375 1213 3434 katholico
1246 3379 1365 3452 accepit
1399 3377 1607 3446 fundamenta,
1640 3376 1673 3434 iu

406 3479 554 3553 cuiusque
576 3481 701 3539 nomine
724 3481 861 3554 glorioso
883 3482 1074 3541 kathedralis
1095 3483 1224 3541 ecclesia
1244 3483 1452 3556 zagrabiensis
1483 3481 1611 3540 fundata
1642 3487 1673 3540 et

406 3585 532 3659 copiosa
566 3587 728 3646 dotacione
762 3588 906 3646 decorata
941 3590 1053 3660 existit,
1087 3591 1216 3663 speciali
1239 3591 1410 3648 intencione
1431 3589 1594 3660 afficimur,
1618 3587 1673 3646 sed

406 3689 448 3746 ob
471 3707 569 3765 spem,
604 3709 700 3766 quam
733 3693 772 3751 ad
804 3701 1039 3765 sacrosanctam,
1072 3695 1267 3753 salutiferam
1297 3701 1327 3753 et
1354 3695 1515 3753 vivificam
1538 3709 1671 3766 crucem,

405 3798 491 3855 cuius
514 3798 666 3870 signaculi
689 3801 826 3858 misterio
849 3801 890 3858 ab
915 3801 1061 3860 omnibus
1089 3800 1203 3877 jugiter
1235 3801 1408 3860 liberamur
1440 3801 1596 3875 periculis,
1620 3815 1671 3872 ge·

404 3905 503 3962 rimus
526 3906 674 3980 precipue
697 3913 727 3964 et
749 3907 909 3979 habemus,
933 3908 1084 3981 quasdam
1101 3908 1308 3982 possessiones
1320 3908 1503 3980 Krolyowcz
1520 3911 1670 3977 vocatam,

404 4025 439 4067 ac
462 4011 642 4083 porcionem
665 4013 939 4086 possessionariam
963 4014 995 4071 in
1017 4016 1209 4088 possessione
1233 4015 1347 4088 Czerye
1370 4015 1539 4089 appellata,
1555 4014 1669 4084 habita,

403 4132 544 4175 necnon
568 4117 721 4176 tributum
744 4119 776 4176 in
798 4118 907 4177 eadem
932 4119 1047 4193 Czerye
1070 4121 1152 4194 exigi
1175 4121 1321 4191 solitum;
1351 4121 1427 4179 item
1449 4121 1527 4178 alias
1550 4134 1670 4194 posses·

403 4223 504 4281 siones
528 4223 701 4296 Kobylyac,
724 4225 875 4298 Zwyblye
898 4231 928 4284 et
950 4226 1069 4285 Naarth
1090 4232 1291 4300 nuncupatas,
1316 4227 1443 4284 omnino
1467 4227 1498 4284 in
1521 4225 1670 4284 comitatu

403 4330 595 4402 zagrabiensi
630 4332 801 4403 existentes,
836 4333 868 4390 in
902 4347 1035 4406 quarum
1069 4333 1199 4407 pacifico
1235 4331 1361 4390 domino
1395 4331 1516 4406 prelata
1539 4331 1668 4390 ecclesia

403 4437 610 4508 zagrabiensis
633 4445 664 4496 et
685 4438 783 4496 altare
806 4444 1004 4512 prenotatum
1026 4441 1058 4498 in
1080 4440 1148 4513 ipsa
1172 4439 1302 4497 ecclesia
1325 4445 1536 4498 constructum
1560 4443 1590 4496 et
1613 4453 1670 4512 per

403 4559 592 4616 consequens
625 4549 728 4602 rector
750 4545 857 4604 altaris
880 4545 1018 4604 eiusdem
1041 4562 1060 4603 a
1088 4545 1207 4603 dudum
1238 4547 1416 4619 perstitisse,
1444 4546 1669 4620 persistereque

403 4655 601 4709 assecuratur
625 4651 723 4710 eciam
747 4652 785 4710 de
808 4653 951 4726 presenti,
975 4653 1070 4710 simul
1094 4653 1273 4710 cumomni
1295 4650 1363 4729 jure
1385 4657 1491 4711 nostro
1524 4653 1619 4725 regio,
1642 4653 1669 4710 si

403 4756 488 4830 quod
522 4757 554 4815 in
588 4758 705 4816 eisdem
736 4759 983 4834 possessionibus
1014 4763 1044 4817 et
1078 4760 1224 4834 porcione
1255 4760 1497 4834 possessionaria
1527 4773 1668 4817 necnon

401 4863 520 4922 tributo
543 4864 682 4938 predicto
707 4866 974 4939 qualitercumque
996 4867 1182 4924 haberemus
1205 4871 1235 4924 et
1257 4869 1396 4925 nostram
1420 4867 1667 4940 quibuscumque

402 4969 513 5042 modis,
548 4971 647 5029 causis
681 4975 711 5030 et
739 4973 916 5032 racionibus
950 4979 1146 5034 concerneret
1178 4975 1379 5046 maiestatem,
1403 4973 1581 5045 cunctisque
1603 4973 1667 5030 suis
