3930 5802
736 541 811 602 Duc.
835 553 903 598 122.
926 571 969 582 -
992 539 1049 596 An.
1072 532 1164 616 1438.
1514 533 1572 610 169

310 762 434 822 attracti
455 778 513 837 per
535 764 716 818 annotatum
739 762 974 833 procuratorem
998 754 1073 813 dicti
1096 753 1226 828 capituli
1241 753 1271 811 in
1289 766 1421 828 persona
1438 749 1577 810 eiusdem

311 869 456 942 congruis
501 867 612 926 diebus
646 866 786 940 ipsarum
822 867 1005 921 octavarum
1041 875 1147 919 coram
1181 861 1250 934 ipso
1284 858 1397 916 comite
1433 857 1578 914 Mathiws

319 975 482 1049 expectati,
506 973 644 1032 eiusdem
675 972 709 1031 in
730 969 923 1045 presenciam
945 982 1007 1026 non
1030 967 1194 1038 venissent,
1213 979 1313 1038 neque
1335 963 1499 1034 misissent,
1523 979 1579 1020 nec

314 1080 538 1155 persolvissent
560 1076 675 1155 judicia
698 1081 868 1150 prenotata,
892 1073 945 1133 sed
968 1089 1001 1132 se
1017 1071 1226 1130 mediantibus
1243 1070 1332 1128 dictis
1352 1069 1465 1128 litteris
1480 1069 1578 1142 ipsius

314 1186 436 1244 comitis
452 1185 596 1243 Mathiws
610 1181 810 1260 judicialibus
826 1180 936 1240 exinde
959 1177 1105 1238 conlectis
1133 1191 1316 1252 procorum
1336 1190 1399 1234 non
1425 1173 1577 1234 veniendo

311 1293 343 1350 in
358 1289 508 1368 judicium
521 1289 674 1348 consuetis
690 1293 720 1346 et
731 1302 792 1346 non
805 1285 1019 1361 persolucione
1035 1283 1189 1342 dictorum
1204 1282 1392 1360 judiciorum
1408 1282 1440 1340 in
1455 1279 1578 1355 dupplo

312 1412 421 1456 eorum
451 1396 596 1470 agravari
629 1393 849 1469 permisissent.
883 1391 1005 1466 Quibus
1038 1389 1183 1449 exhibitis
1218 1388 1357 1462 prelatus
1392 1391 1577 1461 procurator

312 1505 410 1578 ipsius
430 1504 559 1578 capituli
575 1501 725 1575 allegavit
740 1514 777 1558 eo
793 1499 905 1558 modo:
923 1497 1081 1572 quomodo
1105 1511 1196 1554 causa
1214 1495 1365 1570 premissa
1381 1493 1485 1552 medio
1501 1499 1578 1551 tem·

312 1626 389 1685 pore
410 1612 489 1669 inter
503 1611 588 1683 ipsas
604 1612 709 1682 partes
732 1604 965 1680 quodammodo
989 1603 1193 1678 condescensa
1212 1602 1370 1673 extitisset,
1393 1599 1475 1658 unde
1498 1599 1578 1658 side

312 1715 381 1792 jure
403 1720 588 1775 consumare
618 1719 650 1772 et
672 1713 802 1786 equitati
823 1710 989 1781 videretur,
1011 1715 1123 1767 extunc
1145 1708 1229 1766 idem
1245 1707 1418 1782 capitulum
1440 1705 1579 1780 prelatos

312 1824 481 1882 incausam
505 1826 651 1878 attractos
668 1819 708 1876 ad
732 1818 884 1892 premissa
901 1819 1009 1874 contra
1024 1829 1057 1872 se
1079 1815 1198 1886 regiam
1221 1813 1253 1872 in
1283 1813 1478 1887 presenciam
1501 1813 1578 1885 legi·

314 1929 389 1988 time
418 1928 519 1986 facere
543 1925 640 1984 vellet
671 1923 869 2000 proclamari.
899 1923 938 1980 Et
971 1921 1045 1994 quia
1070 1919 1223 1993 allegacio
1245 1919 1343 1994 ipsius
1366 1918 1579 1994 procuratoris

313 2034 505 2094 admittenda
528 2033 595 2092 fore
619 2031 793 2100 videbatur,
817 2044 875 2104 pro
898 2043 934 2087 eo
958 2033 1096 2086 vestram
1112 2027 1287 2086 amiciciam
1304 2026 1501 2101 presentibus
1525 2041 1578 2104 pe·
1679 2053 1682 2058 Δ

314 2143 409 2200 timus
433 2140 606 2213 diligenter,
630 2142 782 2211 quatenus
806 2139 944 2192 vestrum
968 2134 1099 2192 mittatis
1121 2133 1283 2192 hominem
1306 2147 1365 2207 pro
1400 2132 1578 2191 testimonio

315 2247 518 2320 fidedignum,
554 2259 616 2318 quo
650 2245 792 2317 presente
826 2241 1017 2312 Valentinus,
1051 2239 1137 2298 iilius
1161 2239 1319 2314 Stephani,
1355 2240 1408 2298 uel
1432 2238 1580 2297 Nicotaus

313 2359 368 2412 aut
381 2352 559 2411 Demetrius
575 2350 614 2409 de
629 2351 784 2421 Drenova,
801 2348 848 2406 sin
863 2347 1039 2420 Dyonisius,
1062 2347 1146 2406 iilius
1168 2347 1302 2405 Emerici
1325 2345 1364 2404 de
1380 2339 1579 2418 Adamowcz,

314 2476 368 2518 seu
392 2459 489 2518 Lucas
504 2459 570 2516 sive
585 2455 718 2515 Michael
734 2454 772 2512 de
789 2454 940 2526 Kysgora,
963 2469 1041 2511 neve
1057 2453 1213 2513 Lodomer
1229 2453 1267 2512 de
1283 2453 1365 2511 dicta
1383 2452 1579 2524 Adamowcz,

314 2567 384 2626 aliis
406 2565 595 2632 absentibus,
617 2564 714 2622 homo
731 2562 843 2636 regius,
868 2565 1056 2619 memoratos
1071 2559 1274 2635 Stephanum,
1290 2559 1393 2618 filium
1409 2559 1580 2631 Michaelis,

314 2678 387 2732 tunc
408 2671 554 2749 judicem,
577 2685 613 2727 ac
635 2668 828 2740 Michaelem,
862 2667 966 2725 filium
997 2666 1177 2737 Sebastiani,
1209 2667 1403 2725 Anthonium
1425 2665 1579 2738 italicum,

314 2780 468 2838 Briccium
492 2778 733 2847 Dombrensem,
768 2775 896 2832 Petrum
930 2775 1125 2848 Hungarum,
1160 2773 1332 2848 Georgium
1366 2777 1519 2832 sartorem
1549 2777 1580 2830 et

314 2885 488 2957 Nicolaum,
511 2884 590 2942 alias
611 2881 737 2958 judices,
758 2895 876 2938 necnon
900 2881 1072 2940 Fabianum
1095 2880 1277 2953 litteratum,
1292 2881 1421 2954 Fryche,
1438 2879 1578 2938 Blasium

314 2992 416 3050 filium
440 2989 634 3064 Wythezych
665 2993 695 3045 et
725 2986 904 3060 Georgium,
927 2986 1031 3046 filiurn
1060 2987 1215 3046 Francisci
1248 2991 1278 3046 et
1309 2987 1387 3046 alios
1418 2987 1580 3045 universos

316 3100 409 3170 cives,
425 3096 543 3174 juratos
567 3100 598 3153 et
619 3095 758 3168 hospites
781 3098 811 3151 et
834 3098 930 3151 totam
943 3095 1199 3152 communitatem
1219 3095 1352 3153 civitatis
1374 3094 1488 3152 montis
1504 3092 1580 3154 Gre-

315 3203 413 3262 censis
437 3203 476 3260 de
510 3203 597 3260 iuxta
631 3199 817 3272 Zagrabiam
853 3199 887 3257 in
916 3201 1076 3274 premissis
1110 3200 1343 3273 perhemptorie
1365 3214 1579 3275 responsuros,

314 3311 533 3382 racionemque
555 3298 714 3364 efficacem
736 3304 913 3363 reddituros
937 3321 973 3363 ac
996 3305 1035 3364 de
1057 3304 1174 3382 judicio
1194 3307 1418 3380 quinquaginta
1442 3307 1580 3380 quinque

315 3431 491 3474 marcarum
507 3414 598 3472 nobis
624 3417 654 3470 et
670 3413 753 3486 parti
775 3411 904 3470 adverse
927 3412 1147 3486 satisfacturos,
1170 3419 1275 3471 contra
1300 3418 1480 3472 annotatum
1495 3414 1580 3487 capi·

315 3524 417 3581 tulum
449 3521 576 3580 ecclesie
605 3519 814 3592 zagrabiensis
845 3519 885 3576 ad
908 3523 1033 3578 octavas
1063 3519 1134 3578 festi
1156 3521 1240 3579 beati
1262 3520 1423 3578 Michaelis
1452 3519 1580 3577 archan·

315 3630 379 3715 geli
400 3630 433 3687 in
454 3627 553 3686 altera
575 3626 773 3684 revolucione
796 3627 922 3685 annuali
944 3631 1090 3684 venturas
1113 3627 1146 3685 in
1168 3627 1269 3686 tribus
1293 3627 1369 3686 foris
1392 3626 1580 3700 conprovin-

315 3735 447 3794 cialibus
470 3732 597 3807 publice
621 3737 652 3790 et
674 3730 836 3789 manifeste
857 3733 977 3805 regiam
992 3731 1106 3791 faciant
1120 3733 1311 3808 proclamari
1325 3733 1358 3792 in
1373 3733 1577 3808 presenciam,

316 3839 501 3901 insinuando
523 3839 651 3912 ibidem,
664 3844 699 3897 ut
714 3840 741 3897 si
763 3839 904 3899 venerint
925 3845 956 3896 et
970 3841 1003 3897 in
1017 3840 1178 3913 premissis
1201 3855 1233 3898 se
1250 3841 1333 3899 bono
1355 3839 1452 3898 modo
1475 3854 1579 3898 emen·

318 3947 461 4006 daverint
483 3945 522 4004 de
545 3945 635 4004 dictis
656 3943 780 4020 judiciis
810 3946 901 4004 nobis
924 3951 954 4004 et
987 3947 1070 4020 parti
1100 3946 1231 4005 adverse
1254 3947 1466 4018 satisfecerint,
1501 3946 1580 4005 bene

318 4053 454 4128 quidem,
477 4053 618 4126 alioquin
639 4051 782 4125 ipsorum
805 4067 867 4110 non
889 4053 1031 4110 obstante
1053 4053 1198 4112 absencia
1228 4059 1258 4112 et
1288 4053 1461 4112 rebellione
1484 4053 1579 4111 finem

316 4160 459 4218 debitum
482 4165 512 4216 et
534 4157 701 4216 indilatum
724 4157 873 4216 iaciemus
896 4173 987 4216 causa
1008 4159 1041 4218 in
1056 4160 1217 4232 premissa,
1241 4165 1336 4234 prout
1358 4159 1488 4218 dictabit
1502 4159 1581 4217 ordo

315 4263 409 4342 juris;
433 4271 462 4324 et
487 4271 557 4339 post
572 4265 631 4322 hec
645 4265 744 4338 ipsius
759 4264 970 4323 trineforensis
986 4267 1244 4339 proclamacionis
1259 4267 1372 4326 seriem
1395 4281 1468 4324 cum
1481 4265 1580 4324 nomi·

315 4373 408 4432 nibus
431 4372 699 4446 proclamatorum
723 4371 763 4430 ad
779 4371 905 4430 easdem
928 4377 1054 4431 octavas
1076 4374 1204 4432 domino
1226 4381 1333 4433 nostro
1357 4374 1424 4447 regi
1444 4371 1581 4431 fideliter

316 4479 502 4538 rescribatis.
526 4479 644 4537 Datum
667 4479 752 4536 Budc
776 4479 933 4537 tricesimo
956 4487 1068 4554 quarto
1092 4481 1141 4539 die
1165 4481 1288 4539 termini
1305 4480 1466 4554 prenotati
1490 4481 1581 4536 Anno

319 4585 438 4644 domini
460 4585 631 4644 millesimo
654 4585 958 4658 quadringentesimo
973 4587 1132 4645 tricesimo
1151 4591 1269 4646 octavu.

422 4800 468 4868 (Α
487 4804 584 4866 tergo).
608 4791 727 4858 Amicis
750 4799 813 4856 suis
842 4799 1021 4856 reverendis
1055 4799 1192 4873 capitulo
1226 4799 1355 4858 ecclesie
1378 4798 1576 4868 chasmensis

319 4920 378 4979 pro
398 4906 576 4963 honorabili
599 4906 737 4980 capitulo
760 4905 889 4963 ecclesie
904 4905 1112 4978 zagrabiensis
1128 4911 1234 4964 contra
1256 4905 1458 4979 Stephanum,
1474 4903 1577 4962 filium

317 5013 485 5084 Michaelis,
502 5017 574 5069 tunc
589 5009 725 5088 judicem
746 5012 880 5070 civitatis
896 5012 1010 5070 montis
1033 5011 1195 5070 Grecensis
1218 5012 1257 5070 de
1281 5011 1369 5090 juxta
1392 5010 1578 5084 Zagrabiam
