<?xml version="1.0" encoding="UTF-8"?>
<!DOCTYPE html PUBLIC "-//W3C//DTD XHTML 1.0 Transitional//EN"
    "http://www.w3.org/TR/xhtml1/DTD/xhtml1-transitional.dtd">
<html xmlns="http://www.w3.org/1999/xhtml" xml:lang="en" lang="en">
 <head>
  <title>
</title>
<meta http-equiv="Content-Type" content="text/html;charset=utf-8" />
  <meta name='ocr-system' content='tesseract 3.04.00' />
  <meta name='ocr-capabilities' content='ocr_page ocr_carea ocr_par ocr_line ocrx_word'/>
</head>
<body>
  <div class='ocr_page' id='page_1' title='image "./monumentahistor20laszgoog_0381.png"; bbox 0 0 3948 5804; ppageno 0'>
   <div class='ocr_carea' id='block_1_1' title="bbox 371 553 1206 636">
    <p class='ocr_par' dir='ltr' id='par_1_1' title="bbox 371 553 1206 636">
     <span class='ocr_line' id='line_1_1' title="bbox 371 553 1206 636; baseline -0.001 -19"><span class='ocrx_word' id='word_1_1' title='bbox 371 573 432 634; x_wconf 76' lang='lat'>124</span> <span class='ocrx_word' id='word_1_2' title='bbox 794 557 867 616; x_wconf 87' lang='lat' dir='ltr'>Doc.</span> <span class='ocrx_word' id='word_1_3' title='bbox 888 553 946 633; x_wconf 81' lang='lat'>98.</span> <span class='ocrx_word' id='word_1_4' title='bbox 972 591 1010 601; x_wconf 95' lang='lat'>-·</span> <span class='ocrx_word' id='word_1_5' title='bbox 1035 558 1092 616; x_wconf 87' lang='lat' dir='ltr'>An.</span> <span class='ocrx_word' id='word_1_6' title='bbox 1115 554 1206 636; x_wconf 73' lang='lat'><em>1436.</em></span> 
     </span>
    </p>
   </div>
   <div class='ocr_carea' id='block_1_2' title="bbox 364 770 1629 1804">
    <p class='ocr_par' dir='ltr' id='par_1_2' title="bbox 364 770 1629 1804">
     <span class='ocr_line' id='line_1_2' title="bbox 367 770 1629 852; baseline 0.004 -22"><span class='ocrx_word' id='word_1_7' title='bbox 367 786 475 832; x_wconf 88' lang='lat' dir='ltr'>earum</span> <span class='ocrx_word' id='word_1_8' title='bbox 497 770 626 850; x_wconf 87' lang='lat' dir='ltr'>juribus,</span> <span class='ocrx_word' id='word_1_9' title='bbox 650 773 676 832; x_wconf 92' lang='lat' dir='ltr'>si</span> <span class='ocrx_word' id='word_1_10' title='bbox 711 789 770 847; x_wconf 91' lang='lat' dir='ltr'>que</span> <span class='ocrx_word' id='word_1_11' title='bbox 800 773 839 832; x_wconf 91' lang='lat' dir='ltr'>ad</span> <span class='ocrx_word' id='word_1_12' title='bbox 870 773 1049 833; x_wconf 86' lang='lat' dir='ltr'>huiusmodi</span> <span class='ocrx_word' id='word_1_13' title='bbox 1082 780 1180 833; x_wconf 88' lang='lat' dir='ltr'>terres</span> <span class='ocrx_word' id='word_1_14' title='bbox 1201 775 1344 847; x_wconf 89' lang='lat' dir='ltr'>arabiles,</span> <span class='ocrx_word' id='word_1_15' title='bbox 1379 780 1477 852; x_wconf 89' lang='lat' dir='ltr'>prata,</span> <span class='ocrx_word' id='word_1_16' title='bbox 1514 774 1629 847; x_wconf 79' lang='lat' dir='ltr'>senilia,</span> 
     </span>
     <span class='ocr_line' id='line_1_3' title="bbox 366 878 1628 958; baseline 0.002 -21"><span class='ocrx_word' id='word_1_17' title='bbox 366 879 462 938; x_wconf 87' lang='lat' dir='ltr'>silvas</span> <span class='ocrx_word' id='word_1_18' title='bbox 485 885 516 939; x_wconf 96' lang='lat' dir='ltr'>et</span> <span class='ocrx_word' id='word_1_19' title='bbox 536 880 648 938; x_wconf 89' lang='lat' dir='ltr'>rubeta</span> <span class='ocrx_word' id='word_1_20' title='bbox 669 881 794 952; x_wconf 89' lang='lat' dir='ltr'>habent,</span> <span class='ocrx_word' id='word_1_21' title='bbox 811 879 944 940; x_wconf 88' lang='lat' dir='ltr'>debeant</span> <span class='ocrx_word' id='word_1_22' title='bbox 967 878 1006 939; x_wconf 89' lang='lat' dir='ltr'>et&#39;</span> <span class='ocrx_word' id='word_1_23' title='bbox 1020 885 1181 940; x_wconf 89' lang='lat' dir='ltr'>teneantur</span> <span class='ocrx_word' id='word_1_24' title='bbox 1203 897 1386 956; x_wconf 89' lang='lat' dir='ltr'>comparere</span> <span class='ocrx_word' id='word_1_25' title='bbox 1417 879 1568 958; x_wconf 86' lang='lat' dir='ltr'>judicium</span> <span class='ocrx_word' id='word_1_26' title='bbox 1598 887 1628 940; x_wconf 89' lang='lat' dir='ltr'>et</span> 
     </span>
     <span class='ocr_line' id='line_1_4' title="bbox 364 983 1627 1063; baseline 0.002 -19"><span class='ocrx_word' id='word_1_27' title='bbox 364 983 519 1063; x_wconf 86' lang='lat' dir='ltr'>justiciam</span> <span class='ocrx_word' id='word_1_28' title='bbox 543 986 631 1046; x_wconf 85' lang='lat' dir='ltr'>iactis</span> <span class='ocrx_word' id='word_1_29' title='bbox 654 987 686 1046; x_wconf 92' lang='lat' dir='ltr'>in</span> <span class='ocrx_word' id='word_1_30' title='bbox 710 987 871 1062; x_wconf 84' lang='lat' dir='ltr'>premissis</span> <span class='ocrx_word' id='word_1_31' title='bbox 893 1003 913 1046; x_wconf 94' lang='lat' dir='ltr'>a</span> <span class='ocrx_word' id='word_1_32' title='bbox 935 994 1039 1046; x_wconf 88' lang='lat' dir='ltr'>nostre</span> <span class='ocrx_word' id='word_1_33' title='bbox 1063 989 1223 1048; x_wconf 86' lang='lat' dir='ltr'>maiestate</span> <span class='ocrx_word' id='word_1_34' title='bbox 1245 994 1415 1063; x_wconf 90' lang='lat' dir='ltr'>recepture.</span> <span class='ocrx_word' id='word_1_35' title='bbox 1438 989 1476 1046; x_wconf 88' lang='lat' dir='ltr'>Et</span> <span class='ocrx_word' id='word_1_36' title='bbox 1500 987 1627 1046; x_wconf 88' lang='lat' dir='ltr'>tandem</span> 
     </span>
     <span class='ocr_line' id='line_1_5' title="bbox 366 1091 1627 1168; baseline 0.002 -18"><span class='ocrx_word' id='word_1_37' title='bbox 366 1091 520 1166; x_wconf 92' lang='lat' dir='ltr'>quidquid</span> <span class='ocrx_word' id='word_1_38' title='bbox 544 1091 576 1152; x_wconf 91' lang='lat' dir='ltr'>id</span> <span class='ocrx_word' id='word_1_39' title='bbox 592 1094 623 1151; x_wconf 90' lang='lat' dir='ltr'>in</span> <span class='ocrx_word' id='word_1_40' title='bbox 647 1093 807 1168; x_wconf 87' lang='lat' dir='ltr'>premissis</span> <span class='ocrx_word' id='word_1_41' title='bbox 823 1093 942 1166; x_wconf 72' lang='lat' dir='ltr'>feceris</span> <span class='ocrx_word' id='word_1_42' title='bbox 964 1094 995 1152; x_wconf 94' lang='lat' dir='ltr'>id</span> <span class='ocrx_word' id='word_1_43' title='bbox 1014 1099 1119 1153; x_wconf 89' lang='lat' dir='ltr'>nostre</span> <span class='ocrx_word' id='word_1_44' title='bbox 1142 1094 1296 1153; x_wconf 89' lang='lat' dir='ltr'>maiestati</span> <span class='ocrx_word' id='word_1_45' title='bbox 1312 1094 1448 1154; x_wconf 85' lang='lat' dir='ltr'>fideliter</span> <span class='ocrx_word' id='word_1_46' title='bbox 1473 1094 1627 1154; x_wconf 84' lang='lat' dir='ltr'>rescribas</span> 
     </span>
     <span class='ocr_line' id='line_1_6' title="bbox 365 1198 1628 1273; baseline 0.002 -18"><span class='ocrx_word' id='word_1_47' title='bbox 365 1212 401 1256; x_wconf 91' lang='lat' dir='ltr'>ac</span> <span class='ocrx_word' id='word_1_48' title='bbox 423 1203 548 1257; x_wconf 86' lang='lat' dir='ltr'>octavas</span> <span class='ocrx_word' id='word_1_49' title='bbox 568 1204 754 1273; x_wconf 88' lang='lat' dir='ltr'>prenotatas.</span> <span class='ocrx_word' id='word_1_50' title='bbox 777 1198 872 1258; x_wconf 89' lang='lat' dir='ltr'>Secus</span> <span class='ocrx_word' id='word_1_51' title='bbox 894 1199 996 1258; x_wconf 83' lang='lat' dir='ltr'>iacere</span> <span class='ocrx_word' id='word_1_52' title='bbox 1029 1214 1092 1258; x_wconf 90' lang='lat' dir='ltr'>non</span> <span class='ocrx_word' id='word_1_53' title='bbox 1125 1211 1265 1272; x_wconf 89' lang='lat' dir='ltr'>ausums,</span> <span class='ocrx_word' id='word_1_54' title='bbox 1288 1199 1390 1272; x_wconf 84' lang='lat' dir='ltr'>gracie</span> <span class='ocrx_word' id='word_1_55' title='bbox 1427 1204 1533 1258; x_wconf 89' lang='lat' dir='ltr'>nostre</span> <span class='ocrx_word' id='word_1_56' title='bbox 1569 1199 1628 1258; x_wconf 90' lang='lat' dir='ltr'>sub</span> 
     </span>
     <span class='ocr_line' id='line_1_7' title="bbox 365 1304 1629 1378; baseline 0.001 -17"><span class='ocrx_word' id='word_1_57' title='bbox 365 1304 502 1365; x_wconf 88' lang='lat' dir='ltr'>obtentu.</span> <span class='ocrx_word' id='word_1_58' title='bbox 537 1305 735 1364; x_wconf 89' lang='lat' dir='ltr'>Presentibus</span> <span class='ocrx_word' id='word_1_59' title='bbox 769 1306 933 1378; x_wconf 89' lang='lat' dir='ltr'>perlectis,</span> <span class='ocrx_word' id='word_1_60' title='bbox 969 1305 1127 1364; x_wconf 83' lang='lat' dir='ltr'>exhibenti</span> <span class='ocrx_word' id='word_1_61' title='bbox 1160 1304 1316 1364; x_wconf 85' lang='lat' dir='ltr'>restitutis</span> <span class='ocrx_word' id='word_1_62' title='bbox 1352 1305 1469 1363; x_wconf 91' lang='lat' dir='ltr'>Datum</span> <span class='ocrx_word' id='word_1_63' title='bbox 1499 1304 1629 1378; x_wconf 84' lang='lat' dir='ltr'>lglauie,</span> 
     </span>
     <span class='ocr_line' id='line_1_8' title="bbox 366 1410 1625 1486; baseline 0 -18"><span class='ocrx_word' id='word_1_64' title='bbox 366 1411 509 1484; x_wconf 88' lang='lat' dir='ltr'>parcium</span> <span class='ocrx_word' id='word_1_65' title='bbox 532 1411 680 1483; x_wconf 88' lang='lat' dir='ltr'>Moravie,</span> <span class='ocrx_word' id='word_1_66' title='bbox 703 1410 754 1469; x_wconf 92' lang='lat' dir='ltr'>die</span> <span class='ocrx_word' id='word_1_67' title='bbox 785 1410 941 1470; x_wconf 88' lang='lat' dir='ltr'>dominico</span> <span class='ocrx_word' id='word_1_68' title='bbox 971 1411 1116 1485; x_wconf 87' lang='lat' dir='ltr'>proximo</span> <span class='ocrx_word' id='word_1_69' title='bbox 1149 1415 1219 1469; x_wconf 88' lang='lat' dir='ltr'>ante</span> <span class='ocrx_word' id='word_1_70' title='bbox 1252 1410 1365 1469; x_wconf 84' lang='lat' dir='ltr'>festum</span> <span class='ocrx_word' id='word_1_71' title='bbox 1400 1411 1625 1486; x_wconf 88' lang='lat' dir='ltr'>assumpcionis</span> 
     </span>
     <span class='ocr_line' id='line_1_9' title="bbox 364 1515 1624 1591; baseline 0.001 -17"><span class='ocrx_word' id='word_1_72' title='bbox 364 1515 454 1574; x_wconf 90' lang='lat' dir='ltr'>beate</span> <span class='ocrx_word' id='word_1_73' title='bbox 476 1518 574 1576; x_wconf 88' lang='lat' dir='ltr'>Marie</span> <span class='ocrx_word' id='word_1_74' title='bbox 596 1517 726 1591; x_wconf 87' lang='lat' dir='ltr'>virginis</span> <span class='ocrx_word' id='word_1_75' title='bbox 749 1516 893 1591; x_wconf 83' lang='lat' dir='ltr'>gloriose.</span> <span class='ocrx_word' id='word_1_76' title='bbox 917 1519 1007 1576; x_wconf 83' lang='lat' dir='ltr'>Anno</span> <span class='ocrx_word' id='word_1_77' title='bbox 1032 1517 1151 1577; x_wconf 91' lang='lat' dir='ltr'>domini</span> <span class='ocrx_word' id='word_1_78' title='bbox 1180 1517 1352 1576; x_wconf 90' lang='lat' dir='ltr'>millesimo</span> <span class='ocrx_word' id='word_1_79' title='bbox 1386 1516 1624 1591; x_wconf 87' lang='lat' dir='ltr'>quadringente·</span> 
     </span>
     <span class='ocr_line' id='line_1_10' title="bbox 367 1622 1626 1698; baseline 0 -18"><span class='ocrx_word' id='word_1_80' title='bbox 367 1622 447 1682; x_wconf 90' lang='lat' dir='ltr'>simo</span> <span class='ocrx_word' id='word_1_81' title='bbox 470 1624 626 1682; x_wconf 86' lang='lat' dir='ltr'>tricesimo</span> <span class='ocrx_word' id='word_1_82' title='bbox 649 1629 744 1684; x_wconf 88' lang='lat' dir='ltr'>sexto.</span> <span class='ocrx_word' id='word_1_83' title='bbox 760 1625 940 1697; x_wconf 87' lang='lat' dir='ltr'>Regnorum</span> <span class='ocrx_word' id='word_1_84' title='bbox 962 1627 1149 1695; x_wconf 89' lang='lat' dir='ltr'>nostrorum,</span> <span class='ocrx_word' id='word_1_85' title='bbox 1173 1638 1254 1682; x_wconf 90' lang='lat' dir='ltr'>anno</span> <span class='ocrx_word' id='word_1_86' title='bbox 1277 1623 1436 1698; x_wconf 87' lang='lat' dir='ltr'>Hungarie</span> <span class='ocrx_word' id='word_1_87' title='bbox 1458 1629 1513 1681; x_wconf 91' lang='lat' dir='ltr'>etc.</span> <span class='ocrx_word' id='word_1_88' title='bbox 1538 1623 1626 1696; x_wconf 91' lang='lat' dir='ltr'>quiu-</span> 
     </span>
     <span class='ocr_line' id='line_1_11' title="bbox 368 1728 1626 1804; baseline 0 -16"><span class='ocrx_word' id='word_1_89' title='bbox 368 1729 559 1804; x_wconf 82' lang='lat' dir='ltr'>quagesimo.</span> <span class='ocrx_word' id='word_1_90' title='bbox 580 1729 793 1790; x_wconf 89' lang='lat' dir='ltr'>Romanorum</span> <span class='ocrx_word' id='word_1_91' title='bbox 815 1729 928 1790; x_wconf 88' lang='lat' dir='ltr'>XXVI.</span> <span class='ocrx_word' id='word_1_92' title='bbox 952 1728 1100 1788; x_wconf 90' lang='lat' dir='ltr'>Bohemie</span> <span class='ocrx_word' id='word_1_93' title='bbox 1123 1729 1218 1788; x_wconf 88' lang='lat' dir='ltr'>XVll.</span> <span class='ocrx_word' id='word_1_94' title='bbox 1242 1729 1372 1804; x_wconf 89' lang='lat' dir='ltr'>Imperii</span> <span class='ocrx_word' id='word_1_95' title='bbox 1406 1743 1482 1788; x_wconf 88' lang='lat' dir='ltr'>vero</span> <span class='ocrx_word' id='word_1_96' title='bbox 1505 1733 1626 1803; x_wconf 80' lang='lat' dir='ltr'>quarto.</span> 
     </span>
    </p>
   </div>
   <div class='ocr_carea' id='block_1_3' title="bbox 362 1882 1627 2128">
    <p class='ocr_par' dir='ltr' id='par_1_3' title="bbox 362 1882 1627 2128">
     <span class='ocr_line' id='line_1_12' title="bbox 469 1882 1625 1950; baseline -0.003 -16"><span class='ocrx_word' id='word_1_97' title='bbox 469 1882 815 1948; x_wconf 81' lang='lat' dir='ltr'>Originaleincharta.1n</span> <span class='ocrx_word' id='word_1_98' title='bbox 833 1885 948 1950; x_wconf 79' lang='lat' dir='ltr'>margine</span> <span class='ocrx_word' id='word_1_99' title='bbox 966 1885 1082 1936; x_wconf 76' lang='lat' dir='ltr'>interiori</span> <span class='ocrx_word' id='word_1_100' title='bbox 1103 1885 1255 1950; x_wconf 83' lang='lat' dir='ltr'>impressum</span> <span class='ocrx_word' id='word_1_101' title='bbox 1282 1889 1321 1936; x_wconf 84' lang='lat' dir='ltr'>est</span> <span class='ocrx_word' id='word_1_102' title='bbox 1337 1883 1452 1949; x_wconf 87' lang='lat' dir='ltr'>sigillum</span> <span class='ocrx_word' id='word_1_103' title='bbox 1475 1883 1565 1936; x_wconf 71' lang='lat' dir='ltr'>maius</span> <span class='ocrx_word' id='word_1_104' title='bbox 1592 1883 1625 1931; x_wconf 90' lang='lat' dir='ltr'>In</span> 
     </span>
     <span class='ocr_line' id='line_1_13' title="bbox 362 1971 1627 2042; baseline -0.002 -18"><span class='ocrx_word' id='word_1_105' title='bbox 362 1973 477 2024; x_wconf 74' lang='lat' dir='ltr'>archivio</span> <span class='ocrx_word' id='word_1_106' title='bbox 495 1973 541 2024; x_wconf 89' lang='lat' dir='ltr'>lib.</span> <span class='ocrx_word' id='word_1_107' title='bbox 560 1989 613 2038; x_wconf 84' lang='lat' dir='ltr'>reg.</span> <span class='ocrx_word' id='word_1_108' title='bbox 633 1974 702 2026; x_wconf 79' lang='lat' dir='ltr'>civit.</span> <span class='ocrx_word' id='word_1_109' title='bbox 721 1974 823 2040; x_wconf 83' lang='lat' dir='ltr'>zagrnb.</span> <span class='ocrx_word' id='word_1_110' title='bbox 842 1976 922 2025; x_wconf 80' lang='lat' dir='ltr'>Extat</span> <span class='ocrx_word' id='word_1_111' title='bbox 940 1975 968 2025; x_wconf 90' lang='lat' dir='ltr'>iu</span> <span class='ocrx_word' id='word_1_112' title='bbox 987 1981 1147 2042; x_wconf 73' lang='lat' dir='ltr'>unusumpto</span> <span class='ocrx_word' id='word_1_113' title='bbox 1165 1975 1193 2024; x_wconf 88' lang='lat' dir='ltr'>in</span> <span class='ocrx_word' id='word_1_114' title='bbox 1211 1973 1307 2028; x_wconf 78' lang='lat' dir='ltr'>archiv.</span> <span class='ocrx_word' id='word_1_115' title='bbox 1332 1989 1389 2028; x_wconf 84' lang='lat' dir='ltr'>ven.</span> <span class='ocrx_word' id='word_1_116' title='bbox 1414 1974 1499 2040; x_wconf 70' lang='lat' dir='ltr'>Capit</span> <span class='ocrx_word' id='word_1_117' title='bbox 1526 1971 1627 2038; x_wconf 82' lang='lat' dir='ltr'>zagrab·</span> 
     </span>
     <span class='ocr_line' id='line_1_14' title="bbox 362 2061 819 2128; baseline 0.007 -16"><span class='ocrx_word' id='word_1_118' title='bbox 362 2061 425 2116; x_wconf 80' lang='lat' dir='ltr'>Aer.</span> <span class='ocrx_word' id='word_1_119' title='bbox 444 2061 508 2128; x_wconf 89' lang='lat' dir='ltr'>Cap.</span> <span class='ocrx_word' id='word_1_120' title='bbox 526 2069 578 2116; x_wconf 84' lang='lat' dir='ltr'>ant.</span> <span class='ocrx_word' id='word_1_121' title='bbox 596 2063 658 2115; x_wconf 83' lang='lat' dir='ltr'>fasc.</span> <span class='ocrx_word' id='word_1_122' title='bbox 677 2061 701 2114; x_wconf 82' lang='lat'>6.</span> <span class='ocrx_word' id='word_1_123' title='bbox 720 2079 758 2116; x_wconf 90' lang='lat' dir='ltr'>nr.</span> <span class='ocrx_word' id='word_1_124' title='bbox 778 2063 819 2116; x_wconf 87' lang='lat'>26.</span> 
     </span>
    </p>
   </div>
   <div class='ocr_carea' id='block_1_4' title="bbox 967 2293 1029 2361">
    <p class='ocr_par' dir='ltr' id='par_1_4' title="bbox 967 2293 1029 2361">
     <span class='ocr_line' id='line_1_15' title="bbox 967 2293 1029 2361; baseline -0.048 0"><span class='ocrx_word' id='word_1_125' title='bbox 967 2293 1029 2361; x_wconf 82' lang='grc'>98.</span> 
     </span>
    </p>
   </div>
   <div class='ocr_carea' id='block_1_5' title="bbox 437 2469 994 2536">
    <p class='ocr_par' dir='ltr' id='par_1_5' title="bbox 437 2469 994 2536">
     <span class='ocr_line' id='line_1_16' title="bbox 437 2469 994 2536; baseline 0.005 -16"><span class='ocrx_word' id='word_1_126' title='bbox 437 2479 444 2496; x_wconf 85' lang='grc'><em>·</em></span> <span class='ocrx_word' id='word_1_127' title='bbox 469 2469 552 2520; x_wconf 80' lang='lat' dir='ltr'>Anno</span> <span class='ocrx_word' id='word_1_128' title='bbox 574 2470 649 2534; x_wconf 87' lang='lat'>1436,</span> <span class='ocrx_word' id='word_1_129' title='bbox 671 2483 710 2536; x_wconf 88' lang='lat'>14.</span> <span class='ocrx_word' id='word_1_130' title='bbox 729 2471 854 2536; x_wconf 80' lang='lat' dir='ltr'>Augusti.</span> <span class='ocrx_word' id='word_1_131' title='bbox 872 2471 994 2536; x_wconf 80' lang='lat' dir='ltr'>Igleviae.</span> 
     </span>
    </p>
   </div>
   <div class='ocr_carea' id='block_1_6' title="bbox 361 2612 1627 2908">
    <p class='ocr_par' dir='ltr' id='par_1_6' title="bbox 361 2612 1627 2908">
     <span class='ocr_line' id='line_1_17' title="bbox 363 2612 1627 2693; baseline 0 -21"><span class='ocrx_word' id='word_1_132' title='bbox 363 2612 574 2688; x_wconf 64' lang='lat' dir='ltr'>sigismundus,</span> <span class='ocrx_word' id='word_1_133' title='bbox 607 2617 786 2690; x_wconf 79' lang='lat' dir='ltr'>Hungan&#39;ac</span> <span class='ocrx_word' id='word_1_134' title='bbox 817 2623 868 2676; x_wconf 81' lang='lat' dir='ltr'>etc.</span> <span class='ocrx_word' id='word_1_135' title='bbox 902 2635 965 2687; x_wconf 83' lang='lat' dir='ltr'>rex,</span> <span class='ocrx_word' id='word_1_136' title='bbox 980 2617 1080 2693; x_wconf 81' lang='lat' dir='ltr'>judici</span> <span class='ocrx_word' id='word_1_137' title='bbox 1098 2619 1196 2676; x_wconf 72' lang='lat' dir='ltr'>atriae</span> <span class='ocrx_word' id='word_1_138' title='bbox 1218 2625 1248 2678; x_wconf 86' lang='lat' dir='ltr'>et</span> <span class='ocrx_word' id='word_1_139' title='bbox 1270 2616 1427 2676; x_wconf 83' lang='lat' dir='ltr'>Slavoniae</span> <span class='ocrx_word' id='word_1_140' title='bbox 1449 2617 1534 2690; x_wconf 84' lang='lat' dir='ltr'>regm&#39;</span> <span class='ocrx_word' id='word_1_141' title='bbox 1553 2615 1627 2674; x_wconf 85' lang='lat' dir='ltr'>bano</span> 
     </span>
     <span class='ocr_line' id='line_1_18' title="bbox 361 2719 1624 2800; baseline 0.001 -22"><span class='ocrx_word' id='word_1_142' title='bbox 361 2719 491 2800; x_wconf 83' lang='lat' dir='ltr'>mandat,</span> <span class='ocrx_word' id='word_1_143' title='bbox 513 2729 547 2780; x_wconf 79' lang='lat' dir='ltr'>ut</span> <span class='ocrx_word' id='word_1_144' title='bbox 568 2722 612 2780; x_wconf 87' lang='lat' dir='ltr'>ad</span> <span class='ocrx_word' id='word_1_145' title='bbox 629 2723 720 2796; x_wconf 68' lang='lat' dir='ltr'>ipsricr</span> <span class='ocrx_word' id='word_1_146' title='bbox 742 2723 896 2782; x_wconf 80' lang='lat' dir='ltr'>adventum</span> <span class='ocrx_word' id='word_1_147' title='bbox 915 2723 946 2782; x_wconf 81' lang='lat' dir='ltr'>in</span> <span class='ocrx_word' id='word_1_148' title='bbox 969 2740 1067 2794; x_wconf 84' lang='lat' dir='ltr'>causa,</span> <span class='ocrx_word' id='word_1_149' title='bbox 1089 2743 1164 2799; x_wconf 75' lang='lat' dir='ltr'>quaa</span> <span class='ocrx_word' id='word_1_150' title='bbox 1185 2725 1262 2782; x_wconf 80' lang='lat' dir='ltr'>inter</span> <span class='ocrx_word' id='word_1_151' title='bbox 1282 2724 1508 2782; x_wconf 81' lang='lat' dir='ltr'>communitatem</span> <span class='ocrx_word' id='word_1_152' title='bbox 1522 2723 1624 2780; x_wconf 61' lang='lat' dir='ltr'>monas</span> 
     </span>
     <span class='ocr_line' id='line_1_19' title="bbox 579 2827 1415 2908; baseline 0.002 -20"><span class='ocrx_word' id='word_1_153' title='bbox 579 2827 729 2888; x_wconf 80' lang='lat' dir='ltr'>Grecrnsis</span> <span class='ocrx_word' id='word_1_154' title='bbox 751 2835 780 2888; x_wconf 85' lang='lat' dir='ltr'>et</span> <span class='ocrx_word' id='word_1_155' title='bbox 798 2829 954 2904; x_wconf 79' lang='lat' dir='ltr'>capitulum</span> <span class='ocrx_word' id='word_1_156' title='bbox 977 2831 1086 2904; x_wconf 83' lang='lat' dir='ltr'>agitur,</span> <span class='ocrx_word' id='word_1_157' title='bbox 1101 2831 1247 2908; x_wconf 79' lang='lat' dir='ltr'>judr&#39;cium</span> <span class='ocrx_word' id='word_1_158' title='bbox 1270 2831 1415 2906; x_wconf 66' lang='lat' dir='ltr'>dffrant.</span> 
     </span>
    </p>
   </div>
   <div class='ocr_carea' id='block_1_7' title="bbox 356 2991 1625 4664">
    <p class='ocr_par' dir='ltr' id='par_1_7' title="bbox 356 2991 1625 4664">
     <span class='ocr_line' id='line_1_20' title="bbox 466 2991 1625 3067; baseline -0.003 -16"><span class='ocrx_word' id='word_1_159' title='bbox 466 2991 683 3066; x_wconf 81' lang='lat' dir='ltr'>sigismundus</span> <span class='ocrx_word' id='word_1_160' title='bbox 706 2992 757 3052; x_wconf 94' lang='lat' dir='ltr'>dei</span> <span class='ocrx_word' id='word_1_161' title='bbox 769 2993 882 3066; x_wconf 86' lang='lat' dir='ltr'>gracia</span> <span class='ocrx_word' id='word_1_162' title='bbox 906 2993 1120 3052; x_wconf 87' lang='lat' dir='ltr'>Romanorum</span> <span class='ocrx_word' id='word_1_163' title='bbox 1135 2993 1314 3067; x_wconf 86' lang='lat' dir='ltr'>imperator,</span> <span class='ocrx_word' id='word_1_164' title='bbox 1329 3007 1454 3066; x_wconf 89' lang='lat' dir='ltr'>semper</span> <span class='ocrx_word' id='word_1_165' title='bbox 1469 2993 1625 3064; x_wconf 89' lang='lat' dir='ltr'>augustus,</span> 
     </span>
     <span class='ocr_line' id='line_1_21' title="bbox 360 3096 1625 3172; baseline -0.002 -16"><span class='ocrx_word' id='word_1_166' title='bbox 360 3113 397 3156; x_wconf 91' lang='lat' dir='ltr'>ac</span> <span class='ocrx_word' id='word_1_167' title='bbox 419 3099 587 3172; x_wconf 89' lang='lat' dir='ltr'>Hungarie,</span> <span class='ocrx_word' id='word_1_168' title='bbox 610 3096 765 3171; x_wconf 91' lang='lat' dir='ltr'>Bohemie,</span> <span class='ocrx_word' id='word_1_169' title='bbox 789 3099 958 3170; x_wconf 89' lang='lat' dir='ltr'>Dalmacie,</span> <span class='ocrx_word' id='word_1_170' title='bbox 981 3098 1110 3158; x_wconf 86' lang='lat' dir='ltr'>Croacie</span> <span class='ocrx_word' id='word_1_171' title='bbox 1140 3103 1195 3157; x_wconf 91' lang='lat' dir='ltr'>etc.</span> <span class='ocrx_word' id='word_1_172' title='bbox 1224 3115 1287 3157; x_wconf 85' lang='lat' dir='ltr'>rex.</span> <span class='ocrx_word' id='word_1_173' title='bbox 1321 3097 1481 3156; x_wconf 88' lang='lat' dir='ltr'>Fidelibus</span> <span class='ocrx_word' id='word_1_174' title='bbox 1512 3096 1625 3155; x_wconf 90' lang='lat' dir='ltr'>nostris</span> 
     </span>
     <span class='ocr_line' id='line_1_22' title="bbox 360 3201 1625 3279; baseline -0.002 -17"><span class='ocrx_word' id='word_1_175' title='bbox 360 3205 534 3277; x_wconf 89' lang='lat' dir='ltr'>magnificis</span> <span class='ocrx_word' id='word_1_176' title='bbox 557 3205 696 3279; x_wconf 88' lang='lat' dir='ltr'>palatino</span> <span class='ocrx_word' id='word_1_177' title='bbox 719 3209 750 3263; x_wconf 91' lang='lat' dir='ltr'>et</span> <span class='ocrx_word' id='word_1_178' title='bbox 772 3205 866 3264; x_wconf 92' lang='lat' dir='ltr'>iudici</span> <span class='ocrx_word' id='word_1_179' title='bbox 889 3206 973 3264; x_wconf 87' lang='lat' dir='ltr'>curie</span> <span class='ocrx_word' id='word_1_180' title='bbox 995 3209 1107 3277; x_wconf 86' lang='lat' dir='ltr'>nostre,</span> <span class='ocrx_word' id='word_1_181' title='bbox 1131 3205 1207 3264; x_wconf 89' lang='lat' dir='ltr'>item</span> <span class='ocrx_word' id='word_1_182' title='bbox 1229 3205 1317 3278; x_wconf 92' lang='lat' dir='ltr'>regni</span> <span class='ocrx_word' id='word_1_183' title='bbox 1340 3205 1438 3263; x_wconf 78' lang='lat' dir='ltr'>nostri</span> <span class='ocrx_word' id='word_1_184' title='bbox 1461 3201 1625 3262; x_wconf 86' lang='lat' dir='ltr'>Sclauonie</span> 
     </span>
     <span class='ocr_line' id='line_1_23' title="bbox 365 3310 1624 3386; baseline 0.001 -17"><span class='ocrx_word' id='word_1_185' title='bbox 365 3311 464 3383; x_wconf 89' lang='lat' dir='ltr'>bano,</span> <span class='ocrx_word' id='word_1_186' title='bbox 490 3316 673 3386; x_wconf 83' lang='lat' dir='ltr'>vestrasque</span> <span class='ocrx_word' id='word_1_187' title='bbox 705 3313 789 3371; x_wconf 79' lang='lat' dir='ltr'>vices</span> <span class='ocrx_word' id='word_1_188' title='bbox 818 3313 851 3371; x_wconf 88' lang='lat' dir='ltr'>in</span> <span class='ocrx_word' id='word_1_189' title='bbox 881 3311 1018 3371; x_wconf 90' lang='lat' dir='ltr'>iudicatu</span> <span class='ocrx_word' id='word_1_190' title='bbox 1052 3311 1231 3385; x_wconf 89' lang='lat' dir='ltr'>gerentibus</span> <span class='ocrx_word' id='word_1_191' title='bbox 1266 3311 1452 3369; x_wconf 88' lang='lat' dir='ltr'>salutemet</span> <span class='ocrx_word' id='word_1_192' title='bbox 1475 3310 1624 3384; x_wconf 89' lang='lat' dir='ltr'>graciam.</span> 
     </span>
     <span class='ocr_line' id='line_1_24' title="bbox 361 3416 1625 3492; baseline -0.002 -16"><span class='ocrx_word' id='word_1_193' title='bbox 361 3417 442 3492; x_wconf 79' lang='lat' dir='ltr'>Quia</span> <span class='ocrx_word' id='word_1_194' title='bbox 450 3432 506 3477; x_wconf 90' lang='lat' dir='ltr'>nos</span> <span class='ocrx_word' id='word_1_195' title='bbox 515 3417 674 3476; x_wconf 88' lang='lat' dir='ltr'>universas</span> <span class='ocrx_word' id='word_1_196' title='bbox 686 3425 717 3477; x_wconf 89' lang='lat' dir='ltr'>et</span> <span class='ocrx_word' id='word_1_197' title='bbox 729 3418 884 3491; x_wconf 89' lang='lat' dir='ltr'>quaslibet</span> <span class='ocrx_word' id='word_1_198' title='bbox 896 3433 1003 3477; x_wconf 87' lang='lat' dir='ltr'>causas</span> <span class='ocrx_word' id='word_1_199' title='bbox 1016 3419 1096 3478; x_wconf 90' lang='lat' dir='ltr'>iuter</span> <span class='ocrx_word' id='word_1_200' title='bbox 1110 3418 1294 3477; x_wconf 86' lang='lat' dir='ltr'>honorabile</span> <span class='ocrx_word' id='word_1_201' title='bbox 1310 3417 1484 3492; x_wconf 87' lang='lat' dir='ltr'>capitulum</span> <span class='ocrx_word' id='word_1_202' title='bbox 1497 3416 1625 3476; x_wconf 91' lang='lat' dir='ltr'>ecclesie</span> 
     </span>
     <span class='ocr_line' id='line_1_25' title="bbox 360 3521 1624 3599; baseline -0.002 -17"><span class='ocrx_word' id='word_1_203' title='bbox 360 3523 568 3598; x_wconf 89' lang='lat' dir='ltr'>zagrabiensis</span> <span class='ocrx_word' id='word_1_204' title='bbox 583 3525 624 3582; x_wconf 91' lang='lat' dir='ltr'>ab</span> <span class='ocrx_word' id='word_1_205' title='bbox 636 3539 707 3597; x_wconf 87' lang='lat' dir='ltr'>una,</span> <span class='ocrx_word' id='word_1_206' title='bbox 722 3539 757 3582; x_wconf 90' lang='lat' dir='ltr'>ac</span> <span class='ocrx_word' id='word_1_207' title='bbox 768 3523 918 3599; x_wconf 86' lang='lat' dir='ltr'>providos</span> <span class='ocrx_word' id='word_1_208' title='bbox 933 3521 1078 3596; x_wconf 88' lang='lat' dir='ltr'>iudicem,</span> <span class='ocrx_word' id='word_1_209' title='bbox 1094 3525 1210 3582; x_wconf 88' lang='lat' dir='ltr'>iuratos</span> <span class='ocrx_word' id='word_1_210' title='bbox 1226 3529 1256 3582; x_wconf 90' lang='lat' dir='ltr'>et</span> <span class='ocrx_word' id='word_1_211' title='bbox 1271 3527 1389 3582; x_wconf 89' lang='lat' dir='ltr'>ceteros</span> <span class='ocrx_word' id='word_1_212' title='bbox 1405 3524 1490 3582; x_wconf 85' lang='lat' dir='ltr'>cives</span> <span class='ocrx_word' id='word_1_213' title='bbox 1505 3537 1624 3581; x_wconf 88' lang='lat' dir='ltr'>necnon</span> 
     </span>
     <span class='ocr_line' id='line_1_26' title="bbox 359 3629 1621 3705; baseline -0.002 -17"><span class='ocrx_word' id='word_1_214' title='bbox 359 3633 457 3688; x_wconf 90' lang='lat' dir='ltr'>totam</span> <span class='ocrx_word' id='word_1_215' title='bbox 480 3631 735 3690; x_wconf 83' lang='lat' dir='ltr'>communitatem</span> <span class='ocrx_word' id='word_1_216' title='bbox 759 3630 893 3689; x_wconf 83' lang='lat' dir='ltr'>civitatis</span> <span class='ocrx_word' id='word_1_217' title='bbox 915 3635 1020 3690; x_wconf 89' lang='lat' dir='ltr'>nostre</span> <span class='ocrx_word' id='word_1_218' title='bbox 1042 3631 1252 3705; x_wconf 85' lang='lat' dir='ltr'>aagrabiensis</span> <span class='ocrx_word' id='word_1_219' title='bbox 1275 3632 1315 3689; x_wconf 89' lang='lat' dir='ltr'>ab</span> <span class='ocrx_word' id='word_1_220' title='bbox 1348 3629 1447 3689; x_wconf 87' lang='lat' dir='ltr'>altera</span> <span class='ocrx_word' id='word_1_221' title='bbox 1470 3630 1621 3704; x_wconf 92' lang='lat' dir='ltr'>partibus,</span> 
     </span>
     <span class='ocr_line' id='line_1_27' title="bbox 358 3735 1624 3812; baseline -0.002 -16"><span class='ocrx_word' id='word_1_222' title='bbox 358 3737 482 3796; x_wconf 86' lang='lat' dir='ltr'>racione</span> <span class='ocrx_word' id='word_1_223' title='bbox 516 3753 786 3812; x_wconf 88' lang='lat' dir='ltr'>quorumcumque</span> <span class='ocrx_word' id='word_1_224' title='bbox 821 3737 976 3797; x_wconf 85' lang='lat' dir='ltr'>factorum</span> <span class='ocrx_word' id='word_1_225' title='bbox 1009 3743 1039 3797; x_wconf 88' lang='lat' dir='ltr'>et</span> <span class='ocrx_word' id='word_1_226' title='bbox 1072 3739 1274 3812; x_wconf 86' lang='lat' dir='ltr'>negociorum</span> <span class='ocrx_word' id='word_1_227' title='bbox 1304 3753 1403 3812; x_wconf 91' lang='lat' dir='ltr'>usque</span> <span class='ocrx_word' id='word_1_228' title='bbox 1436 3735 1477 3794; x_wconf 88' lang='lat' dir='ltr'>ad</span> <span class='ocrx_word' id='word_1_229' title='bbox 1497 3750 1624 3810; x_wconf 82' lang='lat' dir='ltr'>presens</span> 
     </span>
     <span class='ocr_line' id='line_1_28' title="bbox 359 3843 1622 3918; baseline -0.001 -18"><span class='ocrx_word' id='word_1_230' title='bbox 359 3845 484 3918; x_wconf 88' lang='lat' dir='ltr'>tempus</span> <span class='ocrx_word' id='word_1_231' title='bbox 507 3849 607 3902; x_wconf 82' lang='lat' dir='ltr'>motas</span> <span class='ocrx_word' id='word_1_232' title='bbox 630 3849 660 3901; x_wconf 92' lang='lat' dir='ltr'>et</span> <span class='ocrx_word' id='word_1_233' title='bbox 683 3843 779 3902; x_wconf 85' lang='lat' dir='ltr'>vestri</span> <span class='ocrx_word' id='word_1_234' title='bbox 802 3859 855 3902; x_wconf 91' lang='lat' dir='ltr'>seu</span> <span class='ocrx_word' id='word_1_235' title='bbox 880 3845 1009 3904; x_wconf 89' lang='lat' dir='ltr'>alterius</span> <span class='ocrx_word' id='word_1_236' title='bbox 1039 3851 1178 3904; x_wconf 85' lang='lat' dir='ltr'>vestrum</span> <span class='ocrx_word' id='word_1_237' title='bbox 1209 3845 1241 3903; x_wconf 90' lang='lat' dir='ltr'>in</span> <span class='ocrx_word' id='word_1_238' title='bbox 1271 3843 1431 3918; x_wconf 89' lang='lat' dir='ltr'>presencia</span> <span class='ocrx_word' id='word_1_239' title='bbox 1460 3847 1622 3912; x_wconf 83' lang='lat' dir='ltr'>vertentes,</span> 
     </span>
     <span class='ocr_line' id='line_1_29' title="bbox 359 3945 1623 4025; baseline 0 -20"><span class='ocrx_word' id='word_1_240' title='bbox 359 3945 436 4006; x_wconf 90' lang='lat' dir='ltr'>dum</span> <span class='ocrx_word' id='word_1_241' title='bbox 469 3947 560 4007; x_wconf 86' lang='lat' dir='ltr'>dante</span> <span class='ocrx_word' id='word_1_242' title='bbox 590 3945 717 4008; x_wconf 91' lang='lat' dir='ltr'>domino</span> <span class='ocrx_word' id='word_1_243' title='bbox 742 3949 783 4007; x_wconf 90' lang='lat' dir='ltr'>ab</span> <span class='ocrx_word' id='word_1_244' title='bbox 812 3949 873 4008; x_wconf 90' lang='lat' dir='ltr'>hiis</span> <span class='ocrx_word' id='word_1_245' title='bbox 904 3951 1017 4010; x_wconf 85' lang='lat' dir='ltr'>exteris</span> <span class='ocrx_word' id='word_1_246' title='bbox 1039 3951 1182 4025; x_wconf 90' lang='lat' dir='ltr'>partibus</span> <span class='ocrx_word' id='word_1_247' title='bbox 1216 3965 1347 4023; x_wconf 88' lang='lat' dir='ltr'>regnum</span> <span class='ocrx_word' id='word_1_248' title='bbox 1371 3955 1513 4008; x_wconf 89' lang='lat' dir='ltr'>nostrum</span> <span class='ocrx_word' id='word_1_249' title='bbox 1537 3947 1623 4006; x_wconf 85' lang='lat' dir='ltr'>Hun-</span> 
     </span>
     <span class='ocr_line' id='line_1_30' title="bbox 358 4053 1623 4132; baseline -0.002 -19"><span class='ocrx_word' id='word_1_250' title='bbox 358 4055 444 4128; x_wconf 90' lang='lat' dir='ltr'>garie</span> <span class='ocrx_word' id='word_1_251' title='bbox 465 4053 597 4116; x_wconf 81' lang='lat' dir='ltr'>feliciter</span> <span class='ocrx_word' id='word_1_252' title='bbox 619 4061 820 4129; x_wconf 86' lang='lat' dir='ltr'>revertemur,</span> <span class='ocrx_word' id='word_1_253' title='bbox 844 4057 991 4116; x_wconf 77' lang='lat' dir='ltr'>volumus</span> <span class='ocrx_word' id='word_1_254' title='bbox 1014 4057 1143 4132; x_wconf 90' lang='lat' dir='ltr'>propria</span> <span class='ocrx_word' id='word_1_255' title='bbox 1165 4063 1272 4117; x_wconf 90' lang='lat' dir='ltr'>nostra</span> <span class='ocrx_word' id='word_1_256' title='bbox 1295 4059 1326 4116; x_wconf 91' lang='lat' dir='ltr'>in</span> <span class='ocrx_word' id='word_1_257' title='bbox 1358 4071 1491 4132; x_wconf 87' lang='lat' dir='ltr'>persona</span> <span class='ocrx_word' id='word_1_258' title='bbox 1522 4055 1623 4113; x_wconf 90' lang='lat' dir='ltr'>discu-</span> 
     </span>
     <span class='ocr_line' id='line_1_31' title="bbox 359 4159 1623 4245; baseline 0 -27"><span class='ocrx_word' id='word_1_259' title='bbox 359 4166 432 4232; x_wconf 91' lang='lat' dir='ltr'>tere,</span> <span class='ocrx_word' id='word_1_260' title='bbox 466 4161 643 4220; x_wconf 87' lang='lat' dir='ltr'>adiudicare</span> <span class='ocrx_word' id='word_1_261' title='bbox 673 4167 703 4220; x_wconf 92' lang='lat' dir='ltr'>et</span> <span class='ocrx_word' id='word_1_262' title='bbox 733 4161 795 4221; x_wconf 87' lang='lat' dir='ltr'>fine</span> <span class='ocrx_word' id='word_1_263' title='bbox 818 4161 924 4245; x_wconf 89' lang='lat' dir='ltr'>debito</span> <span class='ocrx_word' id='word_1_264' title='bbox 947 4164 1136 4234; x_wconf 90' lang='lat' dir='ltr'>terminare;</span> <span class='ocrx_word' id='word_1_265' title='bbox 1159 4164 1254 4236; x_wconf 91' lang='lat' dir='ltr'>igitur</span> <span class='ocrx_word' id='word_1_266' title='bbox 1277 4163 1422 4222; x_wconf 89' lang='lat' dir='ltr'>fidelitati</span> <span class='ocrx_word' id='word_1_267' title='bbox 1444 4167 1547 4220; x_wconf 81' lang='lat' dir='ltr'>vestre</span> <span class='ocrx_word' id='word_1_268' title='bbox 1570 4159 1623 4218; x_wconf 83' lang='lat' dir='ltr'>fir·</span> 
     </span>
     <span class='ocr_line' id='line_1_32' title="bbox 357 4267 1623 4346; baseline 0.001 -22"><span class='ocrx_word' id='word_1_269' title='bbox 357 4267 496 4325; x_wconf 90' lang='lat' dir='ltr'>missime</span> <span class='ocrx_word' id='word_1_270' title='bbox 519 4268 725 4343; x_wconf 88' lang='lat' dir='ltr'>precipientes</span> <span class='ocrx_word' id='word_1_271' title='bbox 754 4269 950 4342; x_wconf 87' lang='lat' dir='ltr'>mandamus,</span> <span class='ocrx_word' id='word_1_272' title='bbox 983 4277 1134 4345; x_wconf 90' lang='lat' dir='ltr'>quatenus</span> <span class='ocrx_word' id='word_1_273' title='bbox 1164 4271 1297 4346; x_wconf 89' lang='lat' dir='ltr'>receptis</span> <span class='ocrx_word' id='word_1_274' title='bbox 1326 4269 1523 4346; x_wconf 90' lang='lat' dir='ltr'>presentibus</span> <span class='ocrx_word' id='word_1_275' title='bbox 1553 4284 1623 4342; x_wconf 92' lang='lat' dir='ltr'>pre·</span> 
     </span>
     <span class='ocr_line' id='line_1_33' title="bbox 356 4373 1622 4451; baseline 0 -19"><span class='ocrx_word' id='word_1_276' title='bbox 356 4377 455 4432; x_wconf 89' lang='lat' dir='ltr'>tactas</span> <span class='ocrx_word' id='word_1_277' title='bbox 477 4373 638 4432; x_wconf 89' lang='lat' dir='ltr'>universas</span> <span class='ocrx_word' id='word_1_278' title='bbox 661 4391 768 4434; x_wconf 88' lang='lat' dir='ltr'>causas</span> <span class='ocrx_word' id='word_1_279' title='bbox 791 4385 896 4450; x_wconf 87' lang='lat' dir='ltr'>partes</span> <span class='ocrx_word' id='word_1_280' title='bbox 917 4376 998 4435; x_wconf 89' lang='lat' dir='ltr'>inter</span> <span class='ocrx_word' id='word_1_281' title='bbox 1019 4382 1205 4451; x_wconf 70' lang='lat' dir='ltr'>prenotatam,</span> <span class='ocrx_word' id='word_1_282' title='bbox 1228 4381 1263 4434; x_wconf 96' lang='lat' dir='ltr'>ut</span> <span class='ocrx_word' id='word_1_283' title='bbox 1297 4376 1489 4451; x_wconf 89' lang='lat' dir='ltr'>premittitur</span> <span class='ocrx_word' id='word_1_284' title='bbox 1522 4379 1622 4433; x_wconf 89' lang='lat' dir='ltr'>motas</span> 
     </span>
     <span class='ocr_line' id='line_1_34' title="bbox 357 4481 1622 4558; baseline 0.002 -22"><span class='ocrx_word' id='word_1_285' title='bbox 357 4483 388 4537; x_wconf 90' lang='lat' dir='ltr'>et</span> <span class='ocrx_word' id='word_1_286' title='bbox 409 4483 572 4551; x_wconf 86' lang='lat' dir='ltr'>uertentes,</span> <span class='ocrx_word' id='word_1_287' title='bbox 596 4481 715 4555; x_wconf 88' lang='lat' dir='ltr'>absque</span> <span class='ocrx_word' id='word_1_288' title='bbox 737 4483 824 4541; x_wconf 89' lang='lat' dir='ltr'>omui</span> <span class='ocrx_word' id='word_1_289' title='bbox 845 4484 1028 4556; x_wconf 87' lang='lat' dir='ltr'>gravamine</span> <span class='ocrx_word' id='word_1_290' title='bbox 1051 4489 1081 4542; x_wconf 93' lang='lat' dir='ltr'>et</span> <span class='ocrx_word' id='word_1_291' title='bbox 1100 4484 1275 4542; x_wconf 90' lang='lat' dir='ltr'>variacione</span> <span class='ocrx_word' id='word_1_292' title='bbox 1292 4483 1431 4558; x_wconf 88' lang='lat' dir='ltr'>aliquali,</span> <span class='ocrx_word' id='word_1_293' title='bbox 1447 4481 1488 4540; x_wconf 88' lang='lat' dir='ltr'>ad</span> <span class='ocrx_word' id='word_1_294' title='bbox 1503 4481 1622 4556; x_wconf 87' lang='lat' dir='ltr'>primas</span> 
     </span>
     <span class='ocr_line' id='line_1_35' title="bbox 357 4585 1622 4664; baseline 0.001 -21"><span class='ocrx_word' id='word_1_295' title='bbox 357 4589 483 4644; x_wconf 84' lang='lat' dir='ltr'>octavas</span> <span class='ocrx_word' id='word_1_296' title='bbox 504 4590 577 4661; x_wconf 90' lang='lat' dir='ltr'>post</span> <span class='ocrx_word' id='word_1_297' title='bbox 599 4585 722 4646; x_wconf 79' lang='lat' dir='ltr'>felicem</span> <span class='ocrx_word' id='word_1_298' title='bbox 744 4595 849 4647; x_wconf 90' lang='lat' dir='ltr'>nostre</span> <span class='ocrx_word' id='word_1_299' title='bbox 871 4589 1039 4649; x_wconf 90' lang='lat' dir='ltr'>maiestatis</span> <span class='ocrx_word' id='word_1_300' title='bbox 1063 4591 1104 4648; x_wconf 87' lang='lat' dir='ltr'>ab</span> <span class='ocrx_word' id='word_1_301' title='bbox 1126 4591 1187 4648; x_wconf 91' lang='lat' dir='ltr'>hiis</span> <span class='ocrx_word' id='word_1_302' title='bbox 1217 4591 1397 4664; x_wconf 89' lang='lat' dir='ltr'>regionibus</span> <span class='ocrx_word' id='word_1_303' title='bbox 1427 4587 1467 4646; x_wconf 89' lang='lat' dir='ltr'>ad</span> <span class='ocrx_word' id='word_1_304' title='bbox 1490 4601 1622 4660; x_wconf 89' lang='lat' dir='ltr'>reguum</span> 
     </span>
    </p>
   </div>
   <div class='ocr_carea' id='block_1_8' title="bbox 251 4693 1622 4773">
    <p class='ocr_par' dir='ltr' id='par_1_8' title="bbox 251 4693 1622 4773">
     <span class='ocr_line' id='line_1_36' title="bbox 251 4693 1622 4773; baseline -0.001 -21"><span class='ocrx_word' id='word_1_305' title='bbox 251 4767 255 4773; x_wconf 26' lang='grc' dir='ltr'>Ι</span> <span class='ocrx_word' id='word_1_306' title='bbox 356 4702 497 4752; x_wconf 83' lang='lat' dir='ltr'>nostrum</span> <span class='ocrx_word' id='word_1_307' title='bbox 520 4693 678 4767; x_wconf 87' lang='lat' dir='ltr'>Hungarie</span> <span class='ocrx_word' id='word_1_308' title='bbox 692 4693 831 4753; x_wconf 88' lang='lat' dir='ltr'>fiendum</span> <span class='ocrx_word' id='word_1_309' title='bbox 847 4695 1004 4754; x_wconf 91' lang='lat' dir='ltr'>redditum</span> <span class='ocrx_word' id='word_1_310' title='bbox 1020 4701 1222 4770; x_wconf 90' lang='lat' dir='ltr'>occurrentes,</span> <span class='ocrx_word' id='word_1_311' title='bbox 1245 4697 1278 4755; x_wconf 92' lang='lat' dir='ltr'>in</span> <span class='ocrx_word' id='word_1_312' title='bbox 1300 4695 1496 4770; x_wconf 87' lang='lat' dir='ltr'>personalem</span> <span class='ocrx_word' id='word_1_313' title='bbox 1518 4698 1622 4752; x_wconf 88' lang='lat' dir='ltr'>nostre</span> 
     </span>
    </p>
   </div>
   <div class='ocr_carea' id='block_1_9' title="bbox 355 4799 1622 5091">
    <p class='ocr_par' dir='ltr' id='par_1_9' title="bbox 355 4799 1622 5091">
     <span class='ocr_line' id='line_1_37' title="bbox 356 4799 1622 4876; baseline 0.002 -20"><span class='ocrx_word' id='word_1_314' title='bbox 356 4799 526 4857; x_wconf 87' lang='lat' dir='ltr'>maiestatis</span> <span class='ocrx_word' id='word_1_315' title='bbox 547 4799 750 4873; x_wconf 88' lang='lat' dir='ltr'>presenciam,</span> <span class='ocrx_word' id='word_1_316' title='bbox 772 4801 964 4876; x_wconf 89' lang='lat' dir='ltr'>ubicumque</span> <span class='ocrx_word' id='word_1_317' title='bbox 986 4808 1097 4862; x_wconf 91' lang='lat' dir='ltr'>eotuuc</span> <span class='ocrx_word' id='word_1_318' title='bbox 1119 4804 1201 4862; x_wconf 84' lang='lat' dir='ltr'>intra</span> <span class='ocrx_word' id='word_1_319' title='bbox 1235 4803 1391 4860; x_wconf 89' lang='lat' dir='ltr'>ambitum</span> <span class='ocrx_word' id='word_1_320' title='bbox 1426 4801 1500 4859; x_wconf 89' lang='lat' dir='ltr'>dicti</span> <span class='ocrx_word' id='word_1_321' title='bbox 1534 4799 1622 4874; x_wconf 87' lang='lat' dir='ltr'>regui</span> 
     </span>
     <span class='ocr_line' id='line_1_38' title="bbox 355 4905 1622 4984; baseline -0.001 -20"><span class='ocrx_word' id='word_1_322' title='bbox 355 4905 454 4964; x_wconf 91' lang='lat' dir='ltr'>nostri</span> <span class='ocrx_word' id='word_1_323' title='bbox 475 4905 636 4979; x_wconf 85' lang='lat' dir='ltr'>Hungarie</span> <span class='ocrx_word' id='word_1_324' title='bbox 670 4905 728 4965; x_wconf 90' lang='lat' dir='ltr'>deo</span> <span class='ocrx_word' id='word_1_325' title='bbox 752 4905 830 4965; x_wconf 91' lang='lat' dir='ltr'>duce</span> <span class='ocrx_word' id='word_1_326' title='bbox 852 4906 1002 4966; x_wconf 84' lang='lat' dir='ltr'>fuerimus</span> <span class='ocrx_word' id='word_1_327' title='bbox 1025 4910 1191 4981; x_wconf 86' lang='lat' dir='ltr'>constituti,</span> <span class='ocrx_word' id='word_1_328' title='bbox 1221 4923 1392 4984; x_wconf 88' lang='lat' dir='ltr'>prorogare</span> <span class='ocrx_word' id='word_1_329' title='bbox 1423 4906 1561 4965; x_wconf 85' lang='lat' dir='ltr'>debeatis</span> <span class='ocrx_word' id='word_1_330' title='bbox 1591 4911 1622 4964; x_wconf 89' lang='lat' dir='ltr'>et</span> 
     </span>
     <span class='ocr_line' id='line_1_39' title="bbox 356 5009 1622 5091; baseline 0.005 -21"><span class='ocrx_word' id='word_1_331' title='bbox 356 5009 473 5085; x_wconf 80' lang='lat' dir='ltr'>differe,</span> <span class='ocrx_word' id='word_1_332' title='bbox 506 5018 537 5070; x_wconf 89' lang='lat' dir='ltr'>et</span> <span class='ocrx_word' id='word_1_333' title='bbox 558 5027 646 5072; x_wconf 90' lang='lat' dir='ltr'>secus</span> <span class='ocrx_word' id='word_1_334' title='bbox 669 5027 731 5072; x_wconf 91' lang='lat' dir='ltr'>non</span> <span class='ocrx_word' id='word_1_335' title='bbox 753 5011 874 5074; x_wconf 81' lang='lat' dir='ltr'>facturi</span> <span class='ocrx_word' id='word_1_336' title='bbox 894 5013 1092 5074; x_wconf 87' lang='lat' dir='ltr'>Preseutibus</span> <span class='ocrx_word' id='word_1_337' title='bbox 1114 5014 1247 5089; x_wconf 88' lang='lat' dir='ltr'>denique</span> <span class='ocrx_word' id='word_1_338' title='bbox 1279 5015 1433 5091; x_wconf 86' lang='lat' dir='ltr'>perlectis,</span> <span class='ocrx_word' id='word_1_339' title='bbox 1464 5012 1622 5076; x_wconf 85' lang='lat' dir='ltr'>exhibenti</span> 
     </span>
    </p>
   </div>
   <div class='ocr_carea' id='block_1_10' title="bbox 0 0 1978 5804">
    <p class='ocr_par' dir='ltr' id='par_1_10' title="bbox 0 0 1978 5804">
     <span class='ocr_line' id='line_1_40' title="bbox 0 0 1978 5804; baseline 0 4"><span class='ocrx_word' id='word_1_340' title='bbox 0 0 1978 5804; x_wconf 95' lang='lat' dir='ltr'> </span> 
     </span>
    </p>
   </div>
  </div>
 </body>
</html>
