3930 5802
750 569 823 630 Dec.
847 564 917 626 128.
943 601 981 610 -
1003 569 1059 626 An.
1084 580 1174 646 1439.
1532 570 1588 628 181

1158 671 1591 678 --—--—.-.-.-.———-

433 787 475 854 (A
493 787 589 853 tergo).
624 783 785 842 Fidelibus
818 783 934 842 nostris
967 782 1121 840 canonicis
1151 780 1278 840 ecclesie
1302 782 1498 855 ehamensis,
1534 796 1594 856 pro

326 893 504 950 honorabili
537 891 675 967 capitulo
709 889 837 948 ecclesie
871 889 1078 963 zagrabiensis
1111 894 1218 946 eontra
1252 886 1454 962 Stephanum,
1490 888 1592 946 filium

327 999 496 1070 Michaelis,
519 998 596 1056 alias
619 995 756 1074 judicem
779 996 913 1055 civitatis
936 997 1050 1054 montis
1073 995 1234 1054 Greeensis
1250 994 1289 1053 de
1306 995 1391 1052 iuxta
1407 994 1593 1068 Zagrabiam

328 1109 359 1163 et
392 1105 470 1163 alios
504 1104 719 1177 intrascriptos
754 1102 795 1160 ad
829 1107 955 1160 octavas
997 1099 1067 1159 festi
1100 1101 1184 1158 beati
1219 1101 1379 1158 Michaelis
1415 1099 1593 1173 archangeli

326 1217 465 1270 nostram
487 1209 683 1286 personalem
706 1210 737 1266 in
760 1208 961 1283 presenciam.

359 1402 362 1408 ¹
432 1345 565 1410 Originale
583 1347 610 1395 in
629 1345 724 1398 charta.
744 1347 772 1394 A
791 1350 864 1410 tergo
883 1345 1036 1410 impressum
1054 1349 1094 1394 est
1112 1342 1235 1408 sigillum.
1254 1344 1287 1392 In
1305 1342 1420 1392 archivio
1438 1357 1495 1394 ven.
1509 1341 1592 1408 Capit.

328 1435 391 1486 ecel.
410 1435 511 1500 zagrab.
533 1435 594 1486 Act.
615 1434 677 1499 Cap.
697 1440 749 1485 ant.
769 1434 829 1486 iasc.
852 1445 884 1483 to
911 1449 949 1484 nr.
971 1445 1011 1495 24.

918 1663 1000 1728 128.

433 1789 514 1838 Anno
535 1799 609 1851 1439,
632 1798 670 1851 13.
687 1787 762 1852 Julii.
782 1786 878 1838 Budae.

326 1899 470 1970 Alterius,
499 1899 676 1973 Hungariae
705 1905 755 1958 etc.
789 1915 854 1968 rex,
887 1897 1113 1955 communitatem
1147 1897 1272 1954 cr'rmtatis
1300 1898 1403 1954 neentis
1443 1896 1593 1956 Greccnsr's

510 2003 695 2077 reprehendit
714 2004 746 2061 in
768 2021 809 2074 eo,
831 2001 911 2077 quod
926 2001 1050 2076 capitulo
1071 2001 1254 2076 sagrabiensi
1273 2003 1410 2060 minatur.

431 2147 581 2205 Albertus
602 2146 652 2205 dei
675 2147 780 2220 gracia
802 2146 1015 2204 Romanorum
1038 2161 1102 2218 rex,
1126 2161 1251 2220 semper
1266 2151 1424 2219 augustus,
1448 2161 1483 2205 ac
1506 2147 1593 2204 Hun-

325 2255 419 2328 garie,
442 2253 599 2326 Bohemie,
626 2253 796 2326 Dalmaeie,
819 2251 948 2311 Croacie
970 2258 1025 2311 etc.
1049 2268 1104 2310 rex
1126 2257 1156 2312 et
1186 2251 1250 2310 dux
1273 2253 1405 2312 Austrie.
1429 2253 1590 2312 Fidelibus

324 2361 437 2419 nostris
460 2359 601 2433 providis
623 2357 727 2435 judici,
750 2357 868 2435 juratis,
892 2359 1066 2431 ceterisque
1083 2359 1205 2417 civibus
1228 2363 1258 2416 et
1280 2359 1337 2418 toti
1370 2359 1586 2418 communitati

324 2473 428 2525 nostre
451 2466 587 2525 civitatis
610 2466 725 2524 montis
759 2465 923 2523 Greeensis
958 2464 996 2522 de
1031 2464 1184 2537 Zagrahia
1206 2465 1340 2524 salutem
1374 2470 1404 2524 et
1438 2465 1586 2538 graciam.

324 2572 453 2632 Summe
476 2572 638 2646 displicuit
660 2571 836 2630 eelsitudini
859 2575 962 2630 nostre
985 2571 1069 2645 quod
1101 2572 1269 2630 novissime
1285 2577 1415 2645 excepta
1437 2572 1592 2632 relacione

325 2681 531 2755 percepimus,
555 2679 691 2753 qualiter
713 2679 842 2738 suborta
865 2679 945 2736 inter
967 2693 1024 2736 vos
1054 2683 1085 2736 et
1118 2677 1303 2737 honorabile
1337 2679 1511 2753 capitulum
1543 2695 1591 2736 ee-

325 2785 418 2844 clesie
439 2785 655 2858 zagrabiensis,
678 2785 787 2858 pocius
810 2783 914 2856 vestri,
945 2800 1040 2857 quam
1063 2784 1161 2859 ipsius
1181 2784 1309 2858 capituli
1331 2789 1428 2859 parte,
1453 2784 1590 2858 quadam

325 2891 479 2950 discordia
510 2892 569 2949 sub
593 2891 794 2964 dissensione,
830 2905 885 2949 vos
920 2891 1192 2965 presumpcionem
1216 2896 1352 2949 vestram
1382 2895 1486 2950 nostre
1506 2892 1591 2964 regie

325 2998 503 3056 auctoritati
526 2997 658 3071 preferri
674 2997 814 3055 volentes
830 3001 860 3055 et
884 2997 982 3055 eciam
995 2997 1206 3055 existimantes
1221 3011 1277 3055 nos
1293 3013 1331 3055 ex
1347 3002 1436 3071 parte
1451 2997 1590 3056 eiusdem

324 3103 455 3177 capituli
477 3117 572 3178 super
594 3103 667 3175 illis,
692 3119 752 3176 que
775 3107 882 3161 contra
904 3118 956 3162 eos
979 3103 1145 3174 obieeritis,
1170 3090 1226 3161 vos
1249 3099 1404 3179 justiciam
1433 3104 1587 3162 ministari

324 3223 387 3266 non
410 3223 502 3282 posse
535 3208 659 3266 racione
693 3209 872 3267 huiusmodi
907 3207 1070 3280 discordie,
1106 3211 1243 3284 propriis
1278 3208 1445 3267 insultibus
1479 3213 1587 3267 eontra

324 3315 429 3388 ipsum
453 3314 629 3388 capitulum
651 3314 821 3373 vindictam
844 3320 996 3389 expetere,
1012 3314 1159 3389 idemque
1175 3314 1385 3374 diversimode
1400 3313 1588 3372 dissidentes

325 3419 559 3494 multiplicibus
589 3421 745 3480 minarum
779 3421 1035 3496 imposicionibus
1070 3425 1100 3478 et
1129 3421 1310 3494 obprobriis
1333 3421 1428 3478 variis
1462 3419 1589 3480 cottidie

328 3519 495 3599 afficeritis,
517 3527 615 3585 immo
638 3532 668 3585 et
691 3527 776 3602 quod
799 3527 934 3586 deterius
957 3533 1003 3585 est
1028 3533 1058 3584 et
1075 3528 1156 3585 circa
1179 3529 1258 3585 hanc
1273 3542 1342 3585 rem
1364 3526 1587 3584 documentum

325 3631 511 3706 evideneius,
536 3632 665 3706 quidam
688 3649 727 3690 ex
756 3633 917 3692 nobilibus
947 3633 1034 3706 regni
1057 3633 1155 3692 nostri
1185 3631 1356 3704 Sclauonie,
1379 3647 1460 3690 nunc
1482 3632 1532 3689 hic
1556 3633 1588 3690 in

324 3740 408 3798 curia
433 3746 538 3798 nostra
561 3739 732 3812 existentes,
753 3739 933 3798 intencionis
949 3745 1059 3810 vestre,
1076 3745 1109 3798 ut
1124 3739 1374 3816 presumpmitur
1396 3753 1457 3796 non
1474 3737 1583 3810 ignari,

321 3859 384 3903 uno
405 3861 444 3903 ex
461 3843 596 3903 dominis
619 3843 657 3901 de
680 3844 763 3903 dieto
786 3843 924 3918 capitulo
958 3845 998 3902 ab
1022 3860 1078 3902 ore
1098 3860 1154 3903 suo
1177 3845 1344 3914 audientes,
1377 3844 1477 3904 minas
1514 3859 1588 3902 exu-

321 3953 428 4010 stionis
450 3957 480 4010 et
502 3952 733 4010 incineracionis
756 3966 827 4010 aree
849 3946 1031 4026 capitularis
1054 3951 1188 4010 antefate
1211 3951 1339 4010 ecclesie
1364 3965 1400 4008 ac
1422 3951 1586 4008 hominum

324 4058 574 4133 interempcionis
598 4063 628 4116 et
651 4058 877 4116 vulneracionis
900 4059 1104 4134 imponentes,
1138 4073 1268 4132 gravem
1302 4057 1459 4114 ulcionem
1482 4055 1520 4114 de
1542 4056 1587 4114 in·

322 4162 410 4240 juriis
433 4165 466 4222 in
488 4165 603 4238 quibus
625 4166 731 4238 ipsum
754 4165 927 4239 capitulum
950 4165 1201 4238 criminaremini,
1233 4163 1334 4222 eidem
1369 4161 1506 4237 capitulo
1528 4178 1587 4236 per

323 4285 381 4328 vos
403 4270 509 4343 gladio
539 4285 600 4328 non
632 4268 699 4346 jure
733 4269 899 4344 infligendo
934 4271 1168 4346 pronunciasset
1201 4275 1232 4328 et
1253 4268 1416 4328 manifeste
1449 4267 1587 4344 idipsum

321 4390 378 4434 vos
402 4375 485 4433 velie
508 4378 701 4450 asseruisset,
725 4377 809 4452 quod
839 4393 901 4436 non
937 4378 1041 4436 solum
1075 4378 1107 4436 in
1125 4382 1229 4436 nostre
1264 4376 1433 4434 maiestatis
1456 4389 1587 4447 gravem

322 4481 565 4556 displicenciam,
589 4499 701 4541 verum
724 4485 821 4542 eciam
845 4485 1040 4558 singulorum
1073 4483 1271 4541 audiencium
1300 4481 1483 4540 scandalum
1507 4481 1587 4539 cedit

321 4589 396 4647 satis
425 4587 560 4661 grande;
594 4589 676 4647 unde
711 4591 785 4664 quia
820 4591 998 4666 principum
1032 4591 1214 4648 auctoritate
1248 4588 1354 4648 divina
1384 4586 1587 4662 providencia

324 4699 498 4754 ceterorum
523 4694 701 4754 dileccionis
725 4695 828 4755 dedite
851 4697 976 4756 interest
999 4696 1198 4755 subditorum
1233 4710 1375 4753 excessus
1397 4699 1428 4752 et
1462 4697 1586 4752 mutuas

323 4801 507 4860 insolencias
539 4801 697 4860 interdum
730 4804 833 4876 rigore
855 4801 975 4880 justicie
1008 4801 1165 4862 interdum
1198 4816 1273 4860 vero
1304 4801 1433 4859 alterius
1455 4800 1585 4872 generis,

324 4913 419 4980 prout
440 4909 486 4966 rei
520 4908 655 4981 qualitas
689 4909 836 4984 exposcit,
874 4909 1005 4967 emenda
1038 4908 1218 4978 reformare,
1241 4923 1303 4966 non
1337 4905 1462 4980 expedit
1494 4905 1585 4964 vobis

324 5013 546 5088 quoquomodo
570 5016 844 5090 presumpcionem
866 5019 1004 5074 vestram
1026 5017 1150 5075 racione
1180 5029 1449 5090 quarumcumque
1479 5027 1585 5084 accep·
