3804 5858
391 469 466 544 ‘¹438
826 469 899 526 Dec.
914 464 1057 545 3416.—
1080 468 1135 526 An.
1159 462 1250 544 1487.

404 685 533 758 capituli
555 685 683 742 ecclesie
696 685 892 758 chasmensis,
909 686 1012 744 littera
1028 684 1243 758 privilegialis,
1265 683 1400 744 secundo
1417 683 1466 742 die
1481 682 1557 742 ferie
1573 683 1671 766 tercie

403 791 546 865 proxime
569 797 640 863 post
662 789 776 848 festum
800 790 882 849 beati
901 791 1025 849 Martini
1048 791 1187 863 episcopi
1210 795 1240 848 et
1263 789 1447 848 contessoris
1470 789 1501 848 in
1517 789 1668 848 annodo-

390 897 480 958 mini
503 896 671 954 millesimo
695 895 999 968 quadringentesimo
1021 897 1231 969 octuagesimo
1255 897 1359 970 primo
1381 895 1471 968 edita,
1497 895 1614 954 babens
1635 896 1670 953 in

405 1017 439 1059 se
461 1001 634 1059 verbaliter
655 1001 750 1058 series
771 1005 801 1058 et
824 1001 1030 1060 continencias
1053 1001 1229 1060 litterarum
1253 1001 1385 1076 predicti
1420 994 1537 1060 domini
1569 1001 1672 1059 nostri

402 1107 670 1180 requisitoriarum
693 1108 725 1165 in
748 1106 856 1164 eodem
881 1122 961 1168 anno
985 1106 1203 1179 confectarum,
1227 1107 1281 1166 sed
1305 1113 1336 1169 et
1357 1108 1452 1165 series
1468 1107 1600 1164 aliarum
1616 1106 1671 1164 lit·

404 1219 542 1274 terarum
572 1213 669 1286 ipsius
700 1213 829 1286 capituli
860 1214 1102 1284 statutoriarum‚
1133 1213 1234 1272 adhuc
1266 1219 1407 1287 tempore
1438 1213 1614 1271 donacionis
1637 1218 1672 1270 et

404 1318 582 1376 statucionis
605 1317 759 1376 dictarum
782 1319 1011 1392 possessionum
1035 1320 1067 1376 in
1090 1318 1173 1376 dicto
1188 1333 1268 1376 anno
1284 1318 1387 1391 gracie
1405 1319 1576 1376 millesimo
1590 1333 1671 1391 qua-

403 1424 644 1497 dringentesimo
667 1424 824 1482 tricesimo
854 1439 935 1483 nono
958 1424 1121 1496 editarum,
1144 1424 1291 1496 alfabeto,
1315 1429 1349 1482 ut
1378 1423 1462 1482 idem
1494 1425 1671 1498 capitulum

393 1531 581 1588 'chasmense
597 1534 734 1602 testatur,
746 1531 972 1604 intercisorum,
996 1530 1036 1588 ad
1059 1530 1238 1590 huiusmodi
1261 1529 1443 1590 mandatum
1459 1529 1534 1589 dicti
1549 1529 1672 1590 domini

403 1637 501 1694 nostri
523 1637 604 1708 regis
626 1636 846 1708 requisitarum
868 1643 899 1694 et
921 1638 1169 1708 reinventarum;
1192 1647 1326 1710 quarum
1350 1635 1478 1710 quidem
1491 1635 1670 1694 litterarum

403 1743 634 1800 reinventarum
657 1743 751 1800 series
775 1743 855 1800 inter
877 1749 978 1800 cetera
1001 1743 1206 1816 exprimebat,
1230 1741 1315 1816 quod
1336 1743 1440 1815 regius
1463 1748 1494 1800 et
1517 1741 1591 1800 dicti
1615 1755 1665 1809 ca·

403 1847 497 1919 pituli
520 1848 647 1906 ecclesie
669 1849 858 1906 chasmensis
880 1849 1022 1906 homines
1044 1848 1082 1906 ad
1108 1849 1329 1906 litteratorium
1351 1847 1533 1906 mandatum
1551 1846 1668 1921 prefati

390 1952 534 2010 condam
557 1953 676 2012 domini
698 1954 821 2012 Alberti
843 1954 925 2027 regis
955 1956 1137 2026 transmissi,
1160 1955 1271 2013 litteris
1293 1955 1326 2015 in
1358 1953 1475 2012 eisdem
1505 1955 1666 2024 nominati,

405 2058 441 2116 ad
469 2057 573 2118 iacies·
586 2065 746 2134 prenotate
769 2062 971 2135 possessionis
995 2062 1155 2120 Kralewcz
1178 2076 1297 2120 necnon
1319 2060 1475 2134 porcionis
1498 2061 1665 2134 possessio·

403 2164 489 2222 narie
512 2165 544 2224 in
575 2167 747 2240 prescripta
782 2169 975 2240 possessione
1005 2167 1128 2239 Cherye
1159 2167 1265 2226 habite
1299 2182 1335 2224 ac
1368 2167 1478 2226 tributi
1501 2167 1532 2225 in
1555 2165 1667 2224 eadem
1732 2168 1735 2172 ’

402 2271 485 2343 exigi
507 2272 608 2342 soliti,
631 2273 707 2330 item
729 2273 959 2346 possessionum
982 2273 1159 2346 Kobylyair,
1182 2272 1333 2345 Zwybiya
1362 2277 1393 2331 et
1422 2272 1521 2331 Narth
1544 2271 1667 2346 predic·

324 2429 330 2443 ,
365 2377 371 2383 “
404 2383 515 2448 tarum,
538 2377 725 2451 accedentes,
748 2378 871 2437 easdem
893 2395 964 2436 cum
996 2379 1113 2436 cunctis
1146 2379 1209 2436 suis
1231 2378 1419 2438 utilitatibus
1449 2379 1666 2453 prenominato

403 2483 540 2556 capitulo
563 2489 594 2542 et
616 2501 673 2558 per
696 2500 885 2559 consequens
906 2486 1019 2543 rectori
1041 2484 1115 2543 dicti
1131 2485 1239 2544 altaris
1254 2489 1357 2542 sancte
1374 2485 1476 2542 crucis
1489 2485 1666 2543 statuissent

404 2595 552 2662 perpetue
574 2590 777 2664 possidendas
793 2591 915 2649 nemine
931 2591 1052 2663 penitus
1068 2590 1293 2649 contradictore
1308 2596 1487 2665 apparente.
1511 2590 1666 2665 Quarum·

403 2695 529 2768 quidem
551 2696 728 2755 litterarum
751 2702 815 2754 tam
847 2711 905 2770 per
934 2695 1090 2770 prefatum
1120 2697 1305 2770 magistrum
1327 2696 1536 2768 Benedictum,
1566 2696 1666 2755 direc-

403 2807 502 2859 torem
526 2817 689 2860 causarum
712 2803 865 2875 regalium
888 2803 920 2858 in
939 2815 1072 2875 persona
1094 2801 1168 2859 dicti
1192 2801 1310 2861 domini
1332 2804 1431 2862 nostri
1453 2803 1545 2876 regis,
1568 2819 1664 2876 quam

402 2907 499 2964 eciam
534 2913 768 2981 procuratorem
804 2908 968 2966 memorati
1001 2908 1130 2980 capituli
1160 2909 1288 2986 ecclesie
1319 2909 1527 2982 zagrabiensis
1558 2925 1664 2968 coram

402 3014 492 3072 nobis
515 3013 609 3071 modo
632 3015 786 3088 premisso
809 3013 1035 3088 productorum
1059 3014 1306 3072 exhibicionibus
1322 3013 1420 3086 factis,
1444 3015 1665 3088 tenoribusque

402 3120 582 3178 earumdem
605 3119 751 3195 perlectis
774 3125 805 3178 et
820 3119 995 3191 intellectis,
1019 3119 1103 3177 idem
1126 3121 1275 3192 magister
1297 3120 1478 3179 Benedictus
1502 3119 1586 3179 dicto
1609 3120 1665 3179 do·

401 3228 485 3285 mino
508 3233 614 3286 nostro
635 3227 702 3299 regi
735 3231 765 3284 et
795 3241 852 3300 per
882 3241 1071 3299 consequens
1103 3227 1282 3284 memoratis
1302 3226 1423 3284 civibus
1448 3227 1581 3286 civitatis
1605 3243 1661 3286 sue

400 3333 514 3406 regalis
537 3333 651 3391 montis
674 3331 845 3400 Grecensis,
867 3335 1030 3390 annotatus
1060 3331 1158 3390 eciam
1189 3335 1373 3405 procurator
1403 3332 1501 3406 ipsius
1532 3333 1664 3407 capituli

401 3438 502 3498 eidem
525 3455 581 3513 per
603 3454 659 3498 nos
682 3439 714 3496 in
738 3438 897 3512 premissis
918 3435 996 3513 juris
1012 3437 1188 3510 equitatem,
1204 3435 1386 3510 justicieque
1401 3439 1538 3511 rigorem
1557 3445 1665 3512 postu-

400 3545 505 3604 larunt
527 3545 661 3618 elargiri.
684 3546 803 3604 Verum
826 3545 898 3602 licet
921 3544 999 3602 alias
1022 3545 1055 3602 in
1077 3559 1169 3602 causa
1191 3551 1221 3602 et
1244 3545 1299 3602 lite
1330 3545 1362 3602 in
1385 3547 1545 3619 presencia
1568 3547 1664 3621 preli·

401 3653 467 3710 bati
488 3653 566 3710 oiim
588 3651 707 3710 domini
722 3650 884 3710 Laurencii
901 3651 1155 3709 thavarnieorum
1171 3650 1324 3724 regalium
1342 3651 1483 3724 magistri
1499 3667 1557 3726 pro
1573 3659 1664 3727 parte

401 3757 531 3830 sepefati
563 3759 692 3834 capituli
726 3759 854 3817 ecclesie
884 3757 1091 3830 zagrabiensis
1122 3757 1202 3815 inter
1224 3758 1285 3814 alia
1308 3772 1416 3816 eorum
1439 3761 1567 3833 negocia
1590 3765 1665 3820 tunc

401 3865 481 3923 inter
511 3865 616 3940 ipsum
646 3872 676 3924 et
706 3863 852 3941 jamfatos
882 3865 964 3922 cives
994 3871 1024 3922 et
1054 3865 1193 3938 hospites
1225 3868 1360 3937 pretacte
1391 3865 1525 3924 civitatis
1548 3867 1663 3925 montis

402 3971 565 4031 Grecensis
587 3973 752 4046 presertim
776 3977 806 4029 et
828 3971 977 4044 precipue
999 3985 1093 4044 super
1116 3969 1197 4028 iacto
1220 3971 1463 4045 prescriptorum
1494 3973 1663 4046 possessio-

398 4095 474 4137 num
497 4077 665 4152 Kobylyair
687 4084 717 4136 et
739 4077 911 4150 Zwybiyan
935 4082 1072 4135 vertente
1095 4084 1125 4135 et
1145 4077 1260 4148 habita,
1277 4093 1333 4151 per
1348 4078 1578 4150 prenominatos
1595 4080 1661 4150 My·

400 4184 512 4244 koiech
536 4184 667 4243 condam
697 4182 831 4260 judicem
863 4189 894 4242 et
922 4185 999 4266 Jaxe
1021 4183 1225 4254 aurifabrum,
1248 4189 1322 4241 tunc
1343 4184 1427 4242 cives
1449 4181 1567 4260 juratos
1592 4201 1661 4259 pre·

400 4290 482 4350 dicte
504 4291 637 4349 civitatis
659 4290 772 4362 regalis
796 4291 910 4374 montis
934 4289 1106 4361 Grecensis,
1130 4291 1161 4347 in
1185 4290 1324 4362 ipsorum
1348 4296 1378 4348 et
1401 4291 1498 4348 tocius
1521 4305 1662 4349 commu-

399 4398 504 4456 nitatis
533 4396 671 4455 eiusdem
701 4396 834 4454 civitatis
866 4397 1006 4471 personis
1028 4411 1134 4454 coram
1157 4396 1226 4470 ipso
1248 4395 1376 4454 domino
1399 4397 1569 4455 Laurencio
1593 4397 1660 4458 tha·

399 4504 598 4562 varnicorum
621 4503 771 4576 magistro
794 4502 944 4562 adversus
968 4503 1084 4560 dictum
1107 4503 1280 4576 capitulum
1305 4502 1472 4577 productis,
1495 4503 1591 4560 variis
1615 4503 1664 4576 ip·

399 4625 508 4669 sorum
531 4609 706 4684 privilegiis
729 4610 906 4683 prenotatis,
929 4609 1013 4668 idern
1037 4608 1181 4668 dominus
1213 4609 1411 4668 Laurenciius
1433 4623 1472 4668 ex
1503 4609 1662 4668 tenoribus

399 4716 639 4793 privilegiorum
672 4731 707 4774 ac
741 4729 851 4774 eorum
885 4714 1001 4774 fulcitis
1033 4715 1195 4790 vigoribus
1228 4717 1417 4791 prescriptos
1452 4717 1662 4790 possessiones

399 4822 566 4896 Kobylyak
589 4827 619 4880 et
641 4821 814 4896 Zwybiyan
833 4837 852 4881 a
871 4827 1014 4896 tempore
1029 4821 1173 4882 diuturne
1190 4822 1369 4881 collacionis
1385 4823 1525 4896 ipsarum
1541 4820 1659 4881 eisdem

398 4929 520 4988 civibus
543 4928 631 5002 facte,
654 4935 749 5004 prout
772 4936 803 4989 et
825 4929 1092 5006 quemadmodum
1127 4929 1282 5003 prenotati
1312 4929 1454 5001 magistri
1483 4927 1662 4988 Demetrius
