3828 5822
696 507 769 564 Doc.
793 501 864 584 276.
892 540 929 549 -
954 507 1012 564 An.
1034 516 1122 585 1472.
1478 523 1539 586 343

278 722 426 780 comitatu
449 721 640 794 zagrabiensi
662 722 826 780 existentes
849 720 889 779 ad
919 722 1017 780 altare
1043 727 1146 780 sancte
1174 722 1273 781 crucis
1302 723 1333 780 in
1363 722 1472 782 eadem
1494 740 1537 783 eo

275 828 369 887 clesia
399 827 594 902 zagrabiensi
627 828 730 898 situm,
766 827 805 886 de
839 825 907 903 jure
940 832 1113 900 spectantes
1145 833 1176 887 et
1207 829 1402 902 pertinentes,
1436 835 1542 905 preter

274 949 401 993 omnem
423 932 502 1010 juris
526 933 667 992 ordinem
690 949 709 991 a
732 933 892 992 maiestate
914 933 1000 1006 regia
1023 948 1082 1007 pro
1113 949 1145 992 se
1167 935 1244 1007 ipsis
1272 935 1490 1008 impetrassent
1512 940 1542 994 et

274 1056 325 1100 eas
348 1055 407 1116 pro
431 1055 464 1098 se
487 1039 569 1098 clam
593 1045 623 1097 et
646 1039 766 1098 occulte
789 1056 826 1097 ae
847 1045 952 1113 preter
974 1039 1228 1097 consvetudinem
1243 1040 1335 1098 huius
1351 1042 1438 1113 regni
1452 1056 1541 1102 occu·

276 1152 408 1221 passent,
426 1162 521 1220 seque
536 1147 620 1219 ipsos
636 1147 668 1204 in
682 1145 862 1204 earumdem
879 1145 1052 1203 dominium
1068 1145 1223 1205 introduci
1236 1145 1378 1204 iecissent
1400 1147 1541 1221 potencia

275 1251 441 1328 mediante,
464 1252 496 1310 in
519 1252 701 1327 eorumdem
724 1251 967 1326 protestancium
990 1255 1020 1309 et
1043 1250 1117 1309 dicti
1139 1251 1269 1325 capituli
1298 1250 1383 1328 juris,
1405 1252 1542 1326 preludi-

276 1359 358 1416 cium
382 1365 412 1416 et
435 1357 607 1432 dampnum
638 1357 846 1416 manifestum.
877 1357 967 1416 Unde
997 1356 1078 1416 iacta
1097 1358 1275 1416 huiusmodi
1306 1359 1541 1432 protestantem,

275 1465 439 1523 memorati
463 1463 581 1522 domini
604 1463 841 1523 bartholomeus
864 1469 971 1522 cantor
993 1468 1024 1522 et
1046 1464 1209 1522 canonicus
1232 1479 1269 1522 ac
1284 1464 1418 1522 vicarius
1433 1465 1465 1524 in
1478 1465 1540 1540 spi·

275 1570 440 1628 ritualibus
463 1570 616 1643 generalis
631 1576 662 1628 et
672 1570 861 1646 Demetrius,
884 1569 1119 1629 archidiaconus
1140 1569 1342 1640 kathedralis,
1366 1571 1398 1628 in
1413 1571 1541 1630 ecclesia

275 1677 467 1749 zagrabiensi
490 1675 630 1750 predicta
653 1677 717 1734 suis
739 1681 769 1734 et
792 1675 905 1750 prefati
927 1676 1056 1750 capituli
1086 1676 1214 1734 ecclesie
1247 1677 1454 1750 zagrabiensis
1484 1694 1540 1736 no·

281 1782 419 1840 minibus
449 1789 478 1840 et
512 1783 544 1840 in
573 1767 714 1855 pers'onis
745 1783 977 1840 serenissimum
999 1783 1173 1856 principem
1197 1780 1358 1840 dominum
1382 1783 1540 1858 Mathiam‚

274 1889 323 1946 dei
347 1891 451 1962 gracia
473 1904 579 1962 regern
602 1889 769 1962 Hungarie,
793 1888 938 1947 Bohemie
968 1894 1023 1948 etc.
1055 1889 1217 1948 dominum
1247 1893 1390 1948 nostrum
1420 1891 1540 1961 gracio-

276 1996 434 2054 sissimum
457 2011 474 2052 a
499 1995 667 2053 donacione
690 2003 721 2054 et
741 1995 920 2068 collacione,
937 1994 1074 2069 prefatos
1089 2009 1165 2054 vero
1181 1995 1380 2054 Valentinum
1395 1993 1540 2071 judicem,

272 2101 446 2184 Johannem
475 2102 650 2176 Perowyca,
674 2102 809 2160 alterum
838 2101 1011 2183 Johannem
1044 2101 1166 2173 Pazaar,
1190 2101 1382 2159 Anthonium
1405 2100 1443 2159 de
1466 2101 1541 2160 Klo-

273 2206 362 2278 koch,
394 2208 602 2278 Dominicum,
635 2207 739 2266 filiurn
770 2207 942 2280 Perowycz,
972 2209 1146 2292 Johannem
1170 2205 1390 2280 Saldymaricz,
1417 2208 1540 2266 univer·

273 2328 387 2386 sosque
411 2314 493 2372 ciues
525 2329 578 2390 seu
610 2313 747 2386 hospites
771 2318 907 2386 pretacte
932 2314 1064 2372 civitatis
1087 2313 1202 2371 montis
1225 2311 1387 2371 Grecensis
1410 2319 1440 2371 et
1462 2314 1540 2372 aiios

274 2419 431 2492 quoslibet
452 2419 589 2476 cuiusvis
612 2424 709 2476 status
735 2425 765 2476 et
788 2419 976 2478 condicionis
998 2419 1139 2478 homines
1162 2419 1203 2476 ab
1231 2419 1411 2478 huiusmodi
1441 2419 1540 2494 impe·

272 2527 418 2598 tracione,
452 2525 719 2599 occupacioneque
751 2530 779 2582 et
810 2527 1015 2600 usurpacione
1040 2525 1284 2600 prescriptamm
1308 2525 1539 2598 possessionum

273 2637 303 2689 et
326 2632 509 2706 porcionum
534 2632 848 2705 possessionariarum
879 2631 1045 2704 Cralewcz,
1077 2631 1223 2705 Zwybye,
1255 2631 1363 2702 Narth,
1394 2630 1541 2706 Kobylalr

273 2745 304 2797 et
327 2737 441 2810 Caerye
463 2751 585 2795 necnon
608 2737 719 2795 tributi
734 2753 770 2794 ac
785 2737 1048 2810 pertinenciarum
1064 2737 1255 2810 earumdem,
1271 2737 1381 2810 suique
1396 2738 1538 2812 ipsorum

273 2847 305 2904 in
327 2843 507 2902 earumdem
532 2843 707 2902 dominium
731 2844 961 2902 intromissione
984 2849 1014 2901 et
1037 2844 1098 2901 sibi
1119 2844 1196 2918 ipsis
1227 2844 1486 2918 appropriacione
1510 2851 1540 2904 et

272 2950 510 3020 statuifaccione‚
534 2951 575 3008 ab
591 2950 730 3024 ipsisque
747 2951 990 3024 protestantibus
1009 2951 1119 3024 quavis
1137 2950 1333 3022 alienacione,
1349 2965 1540 3025 usuumquo·

273 3075 333 3132 que
357 3063 387 3114 et
409 3057 568 3115 fructuum
591 3072 627 3114 ac
651 3057 863 3130 quarumlibet
886 3057 1056 3115 utilitatum
1080 3056 1260 3115 earumdem
1286 3057 1487 3130 percepcione
1510 3063 1540 3116 et

273 3163 531 3240 percipiiaceione
549 3169 578 3222 et
595 3165 721 3238 insuper
736 3164 880 3221 universa
896 3163 1106 3238 capitulorum
1121 3179 1158 3221 ac
1180 3169 1389 3221 conventuum
1412 3163 1535 3237 aliaque

273 3271 434 3329 credibilia
462 3270 542 3344 loca,
565 3271 731 3328 auttentica
754 3269 859 3342 sigilla
881 3270 1042 3345 habencia,
1072 3270 1113 3327 ab
1144 3269 1230 3328 omni
1261 3276 1291 3327 et
1323 3271 1536 3342 quarumlibet

272 3377 448 3434 litterarum
479 3375 773 3434 introductoriamm
801 3381 831 3433 et
861 3375 1095 3434 statutoriarum
1126 3374 1291 3448 superinde
1321 3383 1427 3434 contra
1454 3376 1539 3450 ipsos

272 3488 477 3556 protestantes
508 3483 705 3541 emanacione
734 3487 764 3539 et
793 3483 988 3540 concessione
1018 3497 1072 3540 seu
1103 3481 1297 3540 confeccione
1336 3488 1366 3540 et
1398 3481 1538 3540 extrada-

272 3589 359 3646 cione
390 3587 479 3645 iactis
510 3588 748 3662 quomodolibet
779 3589 831 3646 vel
863 3587 973 3646 fiendis
1008 3588 1208 3647 inhibuerunt
1238 3587 1476 3647 contradicendo
1508 3593 1539 3646 et

273 3694 527 3752 contradixerunt
550 3694 718 3753 inhibendo
742 3695 868 3769 publice
891 3701 921 3753 et
945 3694 1107 3753 manifeste
1131 3710 1237 3753 coram
1253 3696 1343 3753 nobis
1357 3695 1533 3754 testimonio

272 3801 468 3874 presencium
499 3799 662 3859 mediante.
692 3800 809 3858 Datum
841 3802 973 3859 sabbato
1005 3801 1149 3873 proximo
1185 3806 1255 3859 ante
1285 3801 1399 3860 sesturn
1427 3801 1538 3859 nativi·

272 3908 343 3964 tatis
366 3907 449 3964 beati
471 3907 621 3990 Johannis
645 3908 786 3981 baptiste.
810 3909 900 3965 Anno
916 3908 1034 3966 domini
1050 3907 1219 3966 millesimo
1235 3907 1538 3982 quadringentesimo

272 4013 502 4086 septuagesimo
525 4013 666 4072 secundo.

377 4201 511 4266 Originale
528 4199 555 4252 in
575 4201 672 4254 charta.
691 4202 718 4250 A
738 4209 810 4267 tergo
828 4203 966 4268 vestigium
984 4203 1102 4268 impressi
1121 4203 1210 4268 sigilli.
1229 4204 1261 4252 In
1273 4203 1369 4255 archiv.
1382 4219 1439 4254 ven.
1452 4202 1536 4268 Capit.

271 4289 372 4353 zagrab.
392 4289 454 4339 Aet.
473 4305 528 4355 cap.
548 4297 600 4340 ant.
619 4291 681 4342 susc.
702 4302 725 4342 2.
744 4307 781 4342 nr.
803 4291 843 4355 36.
