3804 5858
679 515 1107 592 mmssmw·
1455 535 1516 595 m

257 713 340 790 stum
373 730 523 790 kathedre
547 731 630 789 beati
653 730 737 790 Petri
759 731 902 805 apostoli.
925 731 1016 789 Anno
1040 731 1159 791 domini
1181 732 1352 791 millesimo
1376 732 1523 807 quadrin-
1615 716 1616 720 ¹

258 837 427 912 gentesimo
463 837 662 910 nonagesimo
697 837 811 910 quinto.
847 836 1025 909 Regnorum
1059 845 1238 895 nostrorum
1273 838 1431 912 Hungarie
1465 845 1522 897 etc.

257 958 338 1003 anno
354 944 472 1018 quinto,
495 943 643 1002 Bohemie
666 956 742 1001 vero
766 941 914 1000 vicesimo
937 947 1057 1015 quarto.

358 1079 395 1128 Et
407 1053 568 1144 transumpto
581 1077 688 1142 capituli
707 1075 769 1131 eccl.
782 1075 884 1141 zagrab.
902 1075 936 1126 de
954 1092 1023 1127 anuo
1044 1089 1120 1145 1495.
1138 1079 1171 1128 In
1189 1079 1259 1132 arch.
1279 1078 1325 1132 lib.
1339 1096 1392 1146 reg.
1406 1081 1454 1132 cir.
1471 1097 1526 1146 zag.

832 1290 920 1359 379.

271 1423 279 1490 ’,
362 1434 443 1483 Anno
464 1443 538 1496 1495.
559 1443 600 1483 22.
620 1429 712 1482 martii.
734 1430 883 1494 Zagrabiae.

264 1543 431 1618 Capitulum
453 1541 639 1616 zagrabienre
668 1541 789 1599 nuntiis!
809 1540 944 1597 sacellum
973 1558 995 1600 s.
1017 1541 1137 1614 roditur
1159 1543 1190 1598 in
1214 1541 1287 1598 bona
1310 1549 1449 1616 quattuor
1468 1563 1524 1605 scs·

430 1649 540 1706 stonum
555 1648 797 1723 jobagr'onalium,
820 1647 887 1703 oliin
910 1653 1073 1722 raptamm,
1097 1666 1154 1706 esse
1176 1647 1329 1710 cirductum.

366 1793 430 1852 Nos
464 1791 638 1866 capitulum
673 1790 800 1850 ecclesie
833 1791 1051 1864 zagrabiensis.
1084 1793 1234 1852 Memorie
1265 1793 1522 1854 commendamus

256 1907 362 1961 tenore
385 1899 579 1976 presencium
613 1897 828 1970 significantes,
862 1897 976 1970 quibus
1007 1897 1134 1972 expedit
1167 1899 1330 1972 universis,
1353 1901 1436 1978 quod
1467 1917 1523 1962 nos

256 2008 376 2066 litteras
407 2001 596 2064 serenissimi
619 2003 769 2077 principis
800 2001 919 2061 domini
943 2001 1109 2062 Wladislai
1132 2003 1182 2062 dei
1205 2005 1309 2078 gracia
1331 2007 1412 2080 regis
1435 2007 1521 2067 Hun-

259 2114 345 2188 garie
368 2119 398 2172 et
432 2109 578 2170 Bohemie
614 2113 670 2168 etc.
704 2108 822 2168 domini
857 2109 956 2168 nostri
978 2109 1207 2183 graciosissimi,
1228 2111 1466 2172 introductorias
1490 2119 1520 2173 et

254 2219 433 2279 statutorias
456 2211 546 2275 nobis
570 2216 763 2291 preceptorie
785 2215 949 2290 loquentes
972 2224 1002 2274 et
1026 2215 1167 2288 directas,
1190 2232 1313 2275 summa
1337 2234 1409 2278 cum
1432 2236 1519 2279 reve-

255 2327 358 2385 rencia
384 2325 558 2399 recepimus
592 2323 623 2381 in
644 2322 702 2381 lrec
725 2323 837 2381 verba:
864 2315 948 2400 (vide
972 2321 1045 2380 Doc.
1071 2321 1140 2397 376.
1172 2322 1211 2381 de
1234 2338 1314 2382 anuo
1341 2339 1432 2401 1495·
1468 2342 1518 2403 19.

255 2422 414 2509 februari).
437 2430 501 2489 Nos
523 2430 628 2504 itaque
650 2428 804 2488 mandatis
827 2429 926 2503 ipsius
942 2427 1060 2486 domini
1082 2430 1180 2487 nostri
1204 2430 1284 2503 regis
1301 2445 1425 2506 semper
1446 2433 1520 2492 obe·

256 2539 323 2598 dire
345 2538 511 2613 cupientes,
543 2542 576 2594 ut
599 2541 748 2608 tenemur,
772 2551 833 2594 uua
856 2551 927 2593 cum
951 2534 1073 2608 prefato
1096 2536 1187 2594 Petro
1211 2535 1249 2595 de
1272 2536 1354 2596 dicta
1369 2541 1518 2613 Mareucz,

255 2646 380 2705 homine
394 2645 479 2718 regie
494 2643 662 2702 maiestatis
678 2641 826 2717 predicto,
843 2647 984 2699 nostrum
1006 2642 1172 2714 hominem,
1189 2641 1334 2701 videlicet
1349 2643 1517 2705 discretum

256 2751 418 2810 dominum
453 2749 639 2823 Gregorium
673 2747 712 2806 (le
747 2745 1025 2821 Magerlak,‘chori
1049 2747 1131 2804 dicte
1166 2749 1295 2807 ecclesie
1318 2756 1423 2809 nostre
1446 2767 1515 2825 pre·

254 2857 439 2917 bendarium
473 2856 513 2914 ad
549 2855 715 2929 premissas
749 2841 1013 2912 introduccionem
1047 2858 1078 2910 et
1110 2855 1314 2913 statucionem
1348 2855 1513 2930 faciendas,

254 2973 360 3024 nostro
392 2979 449 3038 pro
465 2975 466 2978 ’
481 2962 656 3021 testimonio
681 2960 908 3019 transmisimus
931 2959 1135 3033 fidediguum.
1170 2959 1232 3034 Qui
1255 2961 1381 3021 tandem
1404 2963 1515 3023 exinde

254 3071 293 3130 ad
314 3087 371 3130 nos
400 3071 516 3128 reversi
550 3069 610 3127 sub
632 3064 786 3142 corporali
809 3067 949 3140 ipsorum
973 3064 1156 3141 juramento,
1180 3066 1219 3124 de
1242 3073 1272 3125 et
1293 3083 1388 3142 super
1408 3071 1515 3129 huius·

253 3178 339 3238 modi
353 3177 439 3236 fideli
459 3190 514 3233 sua
537 3175 719 3233 execucione
741 3189 798 3248 per
814 3188 866 3230 eos
881 3186 988 3231 coram
1003 3172 1093 3230 nobis
1117 3173 1254 3246 prestito,
1270 3174 1360 3232 nobis
1383 3177 1517 3249 paritor·

254 3285 346 3343 miter
362 3283 535 3342 retulerunt
557 3296 594 3338 eo
619 3279 729 3338 modo:
755 3277 914 3353 quomodo
938 3277 1075 3352 prefatus
1087 3279 1182 3336 homo
1195 3280 1296 3352 regius
1319 3282 1388 3355 ipso
1411 3289 1517 3345 nostro

253 3390 429 3449 testimonio
453 3393 602 3462 presente,
625 3386 677 3444 die
700 3385 864 3458 dominico,
888 3383 1003 3443 scilicet
1026 3392 1096 3443 ante
1119 3384 1233 3443 festum
1257 3387 1339 3446 beati
1371 3388 1514 3464 Gregorii

163 3497 166 3501 ’
253 3513 343 3572 pape,
367 3497 508 3571 proxime
532 3493 724 3568 preteritum,
757 3491 797 3550 ad
834 3491 928 3550 facies
955 3493 1126 3566 prescripte
1157 3495 1357 3568 possessionis
1381 3495 1519 3556 Cherro-

254 3619 364 3676 mercr,
387 3607 669 3675 consequenterque
693 3598 903 3673 predictarum
926 3606 1060 3672 quatuor
1079 3600 1250 3658 sessionum
1272 3599 1516 3676 jobagionalium

257 3757 263 3769 .
289 3757 295 3769 .
320 3757 325 3768 .
350 3707 458 3768 ricinis
493 3715 523 3765 et
559 3706 778 3765 commetaneis
813 3705 876 3764 suis
899 3706 1051 3764 universis
1073 3705 1225 3779 legittime
1247 3709 1432 3781 convocatis,
1455 3711 1516 3784 sig·

256 3823 365 3874 nanter
388 3829 462 3872 vero
486 3814 645 3871 nobilibus
668 3811 850 3871 Sebastiano
872 3826 986 3884 magno
1010 3811 1048 3870 de
1073 3811 1208 3884 Chakan,
1231 3814 1399 3872 castellano
1424 3818 1516 3876 castri

254 3922 382 3995 Medwe,
398 3933 517 3980 necnon
541 3919 680 3978 Dionisio
696 3917 831 3993 prediali
847 3923 952 3977 nostro
976 3918 1014 3976 de
1038 3918 1210 3992 Zawersya,
1234 3919 1366 3978 discreto
1388 3921 1516 3982 domino

253 4029 426 4101 Dominico,
450 4026 570 4102 prefate
601 4026 729 4084 ecclesie
758 4032 862 4084 nostre
896 4025 1110 4100 prebendario,
1145 4027 1347 4101 possessionis
1371 4028 1518 4088 videlicet

253 4133 355 4193 Rodes
387 4133 546 4208 appellate
570 4146 755 4206 possessore,
778 4136 808 4190 et
828 4132 1060 4204 circumspectis
1083 4132 1158 4190 viris
1175 4132 1326 4191 Michaele
1348 4133 1516 4207 aurifabro,

251 4241 369 4325 Jacobo
404 4239 579 4311 Eelrethych
608 4243 640 4297 et
671 4236 827 4296 Gwrlrone
850 4238 973 4295 civibus
997 4237 1117 4311 prefate
1140 4239 1274 4297 civitatis
1298 4239 1412 4298 montis
1435 4241 1512 4300 Gre-

253 4347 351 4404 censis
374 4345 578 4419 presentibus,
601 4343 789 4415 accedentes,
819 4343 1039 4402 introduxisset
1063 4344 1220 4418 prefatum
1243 4345 1429 4404 Michaelem
1450 4347 1517 4422 ple·

254 4453 371 4510 banum
394 4451 533 4510 eiusdem
565 4451 693 4510 ecclesie
723 4452 814 4510 beate
836 4451 1031 4530 Margarethe
1055 4452 1192 4524 virginis,
1216 4451 1340 4510 nomine
1363 4451 1444 4534 dicte
1467 4468 1516 4510 ca·

253 4558 338 4632 pelle
360 4559 393 4616 in
416 4557 589 4617 dominium
613 4557 802 4629 earumdem,
825 4558 1043 4630 statuissetque
1063 4557 1188 4615 easdem
1205 4557 1305 4615 eidem
1329 4563 1358 4616 et
1373 4565 1517 4618 annotate

253 4665 382 4723 ecclesie
405 4679 461 4722 sue
481 4662 559 4740 juris
594 4664 686 4722 titulo
709 4664 769 4722 sibi
800 4664 998 4722 incumbente
1029 4669 1180 4737 perpetuo
1205 4663 1415 4738 possidendas,
1439 4666 1515 4741 ipsis

252 4772 338 4844 regio
361 4775 392 4829 et
414 4777 519 4829 nostro
542 4771 723 4830 hominibus
745 4771 776 4828 in
800 4769 878 4828 facie
897 4771 1069 4844 prescripte
1093 4770 1302 4844 possessionis,
1327 4771 1514 4830 sessionum·

253 4893 316 4952 que
346 4876 593 4954 jobagionalium
627 4878 772 4951 congruis
803 4883 833 4935 et
854 4878 1017 4950 legittimis
1039 4877 1150 4935 diebus
1173 4877 1259 4936 iuxta
1282 4876 1370 4950 regni
1393 4891 1519 4938 consue·

253 4984 394 5043 tudinem
429 4985 687 5059 permanentibus
719 4991 749 5044 et
782 4999 904 5044 moram
939 4983 1135 5060 iacientibus,
1169 4983 1258 5042 nullo
1296 4982 1521 5044 contradictore
