3930 5802
780 549 854 607 Dec.
878 563 946 607 roa.
970 563 1038 627 1⁰3·
1065 581 1101 594 -
1129 551 1185 612 An.
1209 546 1298 628 1436.

994 759 1080 826 102.

509 903 590 951 Anno
611 901 686 966 1436,
706 913 747 966 23.
767 902 898 954 Octobris,
917 899 1164 965 Quinqneecclesiis.

410 1009 514 1068 Caram
536 1011 660 1086 capitulo
682 1011 963 1086 quinquecclesiensi
983 1012 1094 1084 legatus
1114 1011 1237 1085 capituli
1256 1011 1452 1084 nagrabienris
1467 1012 1501 1070 de
1515 1012 1667 1070 donatione

458 1107 487 1158 et
496 1099 601 1174 stacte
623 1100 717 1160 castri
736 1096 869 1159 Medoed
887 1107 989 1158 contra
1012 1099 1118 1157 nobiles
1140 1099 1263 1158 Alienos
1285 1101 1508 1158 intercessionem
1523 1102 1613 1176 facit.

508 1243 572 1301 Nos
603 1241 776 1318 capitulum
807 1243 934 1302 ecclesie
966 1243 1304 1318 quinqueecclesiensis.
1325 1243 1475 1302 Memorie
1509 1258 1666 1302 commen·

403 1345 523 1421 damus,
547 1347 631 1424 quod
653 1349 847 1408 honorabilis
862 1351 913 1409 vir
927 1351 1075 1424 magister
1093 1349 1248 1409 Fabianus
1264 1347 1404 1408 eiusdem
1419 1350 1546 1408 ecclesie
1561 1353 1666 1408 nostre

403 1460 435 1514 et
456 1455 664 1529 zagrabiensis
699 1455 899 1514 ecclesiarum
929 1457 1110 1528 canonicus,
1138 1457 1170 1514 in
1193 1455 1297 1515 medio
1326 1456 1425 1515 nostri
1458 1454 1663 1531 personaliter

403 1561 586 1620 constitutus
602 1561 764 1636 egregium
779 1561 959 1636 Rodolfum,
975 1562 1077 1621 filium
1093 1561 1221 1621 Rodolfi
1236 1561 1275 1620 de
1291 1562 1402 1634 Athen,
1419 1577 1455 1620 ac
1467 1560 1663 1622 Leonardum

401 1667 504 1727 filium
516 1667 664 1741 eiusdem,
679 1683 798 1727 necnon
813 1669 1044 1728 serenissimum
1057 1668 1234 1743 principem
1251 1667 1413 1727 dominum
1430 1666 1665 1742 sigismundum

403 1773 453 1834 dei
468 1775 572 1848 gracia
583 1774 796 1834 Romanorum
812 1775 1032 1849 imperatorem
1047 1790 1083 1833 ac
1098 1773 1186 1848 regni
1198 1775 1355 1848 Hungarie
1368 1783 1423 1833 etc.
1433 1790 1549 1848 regem,
1562 1773 1664 1832 domi-

401 1896 476 1939 nnm
492 1879 639 1940 videlicet
652 1887 793 1939 nostrum
805 1879 1077 1954 graciosissimum‚
1088 1895 1106 1938 a
1117 1880 1293 1952 domnione,
1306 1879 1495 1955 vendicione,
1510 1879 1664 1955 impigno-

400 1986 523 2044 racione
534 2001 588 2044 sen
604 1985 714 2060 quavis
729 1985 918 2044 alienacione
934 1985 1093 2045 cuiusdam
1109 1985 1203 2044 castri
1219 1986 1293 2045 dicti
1309 1986 1438 2060 capituli
1451 1985 1662 2059 zagrabiensis

401 2096 431 2149 et
450 2091 578 2150 ecclesie
601 2089 739 2149 eiusdem
761 2087 949 2150 Medtiewar
964 2091 1046 2164 dicti,
1070 2093 1102 2150 in
1124 2094 1273 2152 comitatu
1297 2093 1488 2166 zagrabiensi
1510 2091 1609 2150 habiti
1632 2095 1662 2149 et

401 2197 569 2268 existentis,
591 2196 869 2272 universarumque
892 2195 1044 2256 villar'um
1069 2203 1100 2257 et
1121 2199 1352 2274 possessionum
1368 2187 1417 2257 ac'
1430 2199 1564 2257 aliarum
1579 2197 1663 2255 utiti-

400 2307 499 2362 tatum
517 2301 556 2360 ad
572 2291 813 2362 idem'castrunr
829 2305 1047 2378 spectancium,
1062 2319 1182 2363 necnon
1197 2303 1348 2363 villarum
1363 2319 1416 2362 seu
1432 2304 1662 2378 possessionum

400 2408 598 2468 Szlannowcz
622 2413 652 2466 et
665 2407 853 2485 Zenthjacob
879 2415 1127 2484 nuncupatorum
1143 2411 1176 2469 in
1198 2410 1282 2470 dicto
1297 2410 1446 2468 comitatu
1469 2408 1662 2482 zagrabiensi

400 2515 610 2588 existendum,
633 2529 751 2573 necnon
775 2514 848 2574 vadi
870 2531 924 2574 seu
948 2519 1056 2592 portus
1077 2513 1165 2575 fluvii
1181 2515 1262 2575 Zane
1285 2517 1317 2575 in
1340 2516 1448 2574 eedem
1471 2513 1659 2592 Zenthjacob

399 2621 507 2693 habiti,
541 2627 784 2695 cunctarumque
813 2621 985 2679 utilitatum
1015 2637 1068 2680 sen
1106 2628 1316 2697 proventuum
1347 2622 1386 2680 ad
1417 2637 1468 2680 eas
1498 2622 1661 2697 porciones

399 2726 597 2787 Szlannowcz
620 2733 651 2787 et
673 2725 860 2804 Zenthjacob
883 2728 1123 2802 pertinencium
1150 2729 1227 2788 item
1242 2729 1444 2802 magnificum
1459 2727 1661 2800 Fridericum,

400 2833 503 2892 fillum
525 2833 657 2892 condam
680 2829 830 2892 Hermoni
864 2834 902 2891 de
936 2833 1025 2904 Cilic,
1048 2834 1196 2893 comitem
1226 2834 1265 2892 de
1288 2834 1406 2907 eadem,
1428 2850 1464 2892 ac
1494 2833 1660 2902 ericum

399 2939 502 2999 filium
527 2938 665 2998 eiusdem
700 2943 731 2997 et
760 2938 838 2998 alios
872 2939 1031 3013 quoslibet
1063 2941 1103 2998 ab
1138 2941 1308 3015 empcione,
1339 2955 1397 3015 pro
1431 2939 1661 3015 pigrioremque

398 3046 578 3122 recepcione
601 3051 632 3104 et
654 3045 714 3104 sibi
736 3045 813 3120 ipsis
836 3045 947 3120 quovis
970 3045 1034 3104 elio
1057 3047 1178 3120 quesito
1201 3047 1260 3104 sub
1283 3047 1387 3104 colore
1422 3047 1660 3121 perpetuacione

399 3167 452 3211 seu
487 3150 746 3228 appropriacione
780 3150 991 3224 predictorum
1027 3151 1102 3211 catri
1135 3150 1323 3210 Medwewar
1356 3167 1392 3210 ac
1429 3152 1660 3226 possessionum

398 3255 579 3317 Slannowca
602 3261 633 3314 et
662 3253 849 3332 Zenthjacob
883 3257 1120 3330 nominatarum,
1155 3263 1398 3332 cunctarumque
1427 3255 1660 3333 possessionum

398 3379 435 3422 ac
456 3362 607 3422 villarum
630 3367 660 3421 et
693 3362 826 3421 aliarum
857 3363 1027 3422 utilitatum
1050 3361 1089 3422 ad
1124 3363 1208 3422 idem
1242 3369 1378 3422 castrum
1401 3370 1432 3422 et
1461 3363 1559 3423 dictas
1582 3363 1659 3423 duas

398 3469 606 3545 possessiones
636 3469 855 3543 spectancium,
882 3483 1066 3543 uanumque,
1090 3467 1248 3528 fructuum
1279 3475 1310 3528 et
1340 3471 1554 3544 quarumlibet
1575 3469 1659 3532 utili·

399 3580 499 3634 tatum
521 3575 661 3632 eiusdem
683 3579 714 3633 et
736 3573 904 3633 earundem
934 3577 1137 3650 percepcione
1167 3582 1197 3634 et
1227 3575 1484 3651 percipiiaccione
1512 3578 1660 3652 qualiter·

398 3695 532 3755 cumque
556 3679 644 3739 tectis
666 3681 720 3739 vel
742 3679 853 3739 fiendis
876 3681 1037 3755 prohibuit
1060 3681 1297 3741 contradicendo
1320 3689 1350 3740 et
1372 3683 1559 3743 contradixit
1581 3681 1660 3742 inhi-

395 3785 500 3845 bendo
523 3785 648 3860 publice
671 3792 702 3846 et
716 3779 878 3846 manifeste
901 3801 1006 3844 coram
1030 3785 1128 3845 nobis.
1147 3787 1265 3846 Datum
1288 3785 1364 3846 seria
1397 3789 1491 3847 tercia
1514 3789 1660 3864 proxima

396 3899 468 3968 post
497 3891 611 3951 festum
633 3893 796 3951 mantum
817 3891 962 3950 undecim
985 3893 1123 3952 millium
1143 3893 1308 3966 virginum.
1333 3893 1422 3952 Anno
1446 3895 1564 3954 domini
1587 3895 1658 3954 mil·

397 3999 510 4059 lesimo
534 3997 839 4074 quadringentesimo
862 3998 1022 4072 trigesimo
1043 4005 1138 4058 sexto.

500 4117 577 4168 Beth.
596 4116 713 4170 Kreelic.
733 4117 803 4170 Hist.
822 4115 885 4171 eccl.
904 4117 1005 4182 zagrab.
1025 4133 1050 4184 p.
1064 4117 1158 4181 69.1v.
1172 4115 1343 4184 Knlruljevii.
1357 4117 1657 4185 Arklvrspovjcstnicu

393 4205 604 4275 jugoslarenrkn,
623 4213 667 4258 str.
687 4219 728 4269 90.

988 4329 1069 4398 loo.

499 4475 580 4523 Anno
601 4472 676 4538 1436.
699 4484 721 4526 t.
740 4471 895 4522 novembris.
915 4472 1063 4536 Zagrabiae.

393 4585 431 4642 ln
461 4583 561 4642 tabula
590 4582 699 4654 bonati,
729 4583 760 4640 in
792 4601 851 4656 qua
881 4583 958 4640 inter
985 4583 1143 4656 capitulum
1173 4583 1350 4642 eternitatis
1371 4585 1598 4643 communitatem
1622 4585 1658 4642 lis

513 4672 662 4746 agebatur,
683 4672 839 4746 capitulum
860 4671 1045 4744 nagrabiense
1058 4671 1204 4747 judiciam
1226 4671 1413 4746 dffrendam
1438 4680 1528 4730 carot.

500 4798 564 4856 Nos
586 4797 713 4856 Mathlto
737 4797 776 4854 de
795 4797 957 4856 -Tallowcz
974 4812 1142 4872 regnorum
1158 4797 1327 4870 Dalmacie‚
1353 4797 1480 4857 Croacie
1503 4806 1533 4856 et
1556 4799 1655 4857 tocius

393 4905 557 4966 Sclauonie
579 4905 746 4964 banusetc.
759 4905 907 4963 Memorio
930 4903 1186 4964 commendamus
1209 4921 1266 4979 per
1289 4912 1454 4979 presentes,
1478 4904 1653 4978 quodcum

342 4981 346 4990 ι
393 5013 483 5072 nobis
505 5027 566 5070 una
589 5027 661 5070 cum
691 5011 857 5084 magnifico
888 5011 1031 5082 Henrico,
1055 5011 1123 5070 filio
1156 5011 1308 5084 wayuode
1342 5009 1381 5069 de
1415 5011 1564 5070 Thamasi
1599 5017 1655 5072 etc.
