3948 5804
425 571 463 630 32
848 557 921 616 Doc.
947 571 995 640 32.
1020 590 1060 600 —
1084 559 1140 615 An.
1164 573 1252 636 1422.

423 767 532 841 bladis,
557 769 644 844 equis
667 773 698 828 et
720 770 831 844 bobus,
854 771 1025 846 ceterisque
1047 773 1197 832 clenodiis
1220 773 1296 834 inibi
1326 778 1459 851 repertis
1490 781 1521 838 et
1551 779 1684 839 existen·

423 875 506 933 tibus
529 890 548 934 a
569 877 741 935 maioribus
764 878 861 936 eciam
885 877 1070 952 simpliciter
1093 895 1192 954 usque
1214 880 1254 938 ad
1276 883 1395 941 minuta
1418 883 1536 943 eisdem
1552 884 1687 945 dominis

422 981 461 1040 de
483 982 629 1056 capitulo,
653 982 867 1058 prebendariis
889 999 925 1042 ac
947 983 1067 1043 clericis
1090 987 1212 1059 penitus
1241 987 1404 1048 denudatis
1427 1005 1463 1049 ac
1486 990 1525 1048 de
1548 993 1686 1066 propriis

422 1086 548 1146 sedibus
572 1089 762 1162 propulsatis
792 1093 822 1148 et
850 1090 953 1148 eiectis
987 1105 1064 1148 ausu
1095 1091 1247 1166 sacrilego
1281 1095 1485 1169 spoliaverint
1518 1103 1549 1155 et
1580 1099 1685 1157 huius·

422 1192 507 1252 modi
530 1194 640 1268 spoliis
663 1195 695 1252 in
718 1194 849 1268 predam
871 1197 1039 1268 conversis,
1055 1195 1094 1255 ad
1117 1198 1258 1272 ipsorum
1275 1200 1442 1273 civitatem,
1458 1204 1485 1260 si
1501 1202 1562 1262 dici
1579 1209 1683 1262 tamen

421 1299 533 1358 debeat
556 1306 587 1358 et
609 1305 755 1374 meretur,
776 1301 976 1376 deportando.
1000 1303 1105 1362 Eciam
1129 1305 1285 1378 predictas
1319 1307 1420 1366 curias
1452 1323 1582 1368 numero
1604 1309 1685 1383 XIII,

421 1406 473 1478 sic,
497 1411 531 1464 ut
555 1406 753 1481 premittitur,
783 1407 863 1466 inter
893 1413 1011 1467 ceteras
1044 1411 1187 1484 nequiter
1211 1412 1361 1486 spoliatas
1384 1413 1576 1473 incendendo
1599 1431 1684 1474 com·

421 1511 585 1581 busserint‚
608 1511 734 1570 easdem
756 1510 896 1572 funditus
919 1514 951 1572 in
974 1513 1100 1574 favillas
1123 1522 1153 1574 et
1175 1517 1292 1576 cineres
1315 1517 1434 1591 ignium
1457 1519 1632 1594 redigentes
1651 1527 1683 1580 et

420 1617 452 1676 in
474 1619 634 1678 nichilum.
657 1617 760 1691 Quam
783 1618 890 1694 plures
912 1619 1012 1679 libros
1035 1621 1269 1695 ecclesiasticos,
1291 1638 1370 1698 quos
1385 1623 1461 1684 dicti
1476 1625 1596 1687 domini
1611 1633 1683 1686 tunc

423 1741 496 1799 erga
520 1740 553 1784 se
572 1739 665 1784 causa
689 1725 784 1785 studii
806 1727 1040 1801 conservabant,
1063 1728 1236 1803 calicesque
1258 1734 1289 1788 et
1310 1737 1492 1804 paramenta
1525 1733 1606 1792 dicte
1636 1749 1683 1792 ec·

419 1833 512 1890 clesie
534 1833 742 1905 zagrabiensis
764 1849 799 1892 ac
822 1835 899 1892 alias
931 1834 1038 1908 plures
1059 1851 1110 1894 res
1133 1836 1232 1894 eciam
1253 1851 1358 1895 sacras
1391 1838 1577 1897 abstulerint
1598 1839 1679 1897 inter

420 1939 482 1996 alia
504 1939 609 1996 omnia
630 1939 818 2013 supradicta,
841 1955 948 2012 ymmo
971 1940 1012 2000 ad
1036 1940 1189 2001 deteriora
1211 1943 1422 2001 machinantes
1445 1945 1478 2003 in
1508 1943 1682 2018 predictam

418 2044 581 2102 ecclesiam
604 2045 835 2117 zagrabiensem
869 2047 1014 2105 similiter
1037 2047 1192 2120 irruendo,
1216 2049 1317 2123 ipsam
1340 2049 1489 2123 reliquiis,
1517 2051 1679 2122 thesauris,

418 2149 564 2208 videlicet
596 2151 739 2224 reliquiis
772 2155 966 2224 sanctorum,
997 2155 1194 2227 paramentis,
1226 2156 1321 2214 sacris
1351 2157 1490 2214 vestibus
1521 2162 1552 2214 et
1582 2157 1681 2215 eciam

417 2258 526 2315 ceteris
551 2257 640 2314 bonis
662 2257 693 2315 in
716 2255 826 2315 eadem
849 2257 932 2315 ultra
954 2258 1011 2316 illa
1033 2260 1237 2321 existentibus
1260 2265 1291 2319 et
1320 2262 1472 2336 repositis,
1505 2277 1574 2320 earn
1607 2261 1682 2322 forti

418 2378 511 2420 manu
535 2363 707 2421 obsidendo
729 2363 945 2437 obpugnantes
968 2379 1055 2423 more
1078 2365 1258 2424 huiusmodi
1281 2380 1390 2425 eorum
1424 2369 1576 2442 sacrilego
1607 2383 1679 2442 spo·

416 2468 493 2526 liare
517 2469 696 2542 voluissent,
719 2469 744 2527 si
768 2469 885 2527 eisdem
907 2471 1066 2544 sacrilegis
1096 2471 1260 2548 januarum
1291 2489 1328 2531 ac
1357 2478 1520 2547 portarum
1552 2489 1681 2532 suarum

417 2574 566 2634 fortitudo
589 2580 620 2634 et
642 2576 719 2634 inibi
741 2577 906 2635 existentes
928 2592 990 2635 non
1012 2577 1203 2636 restitissent
1235 2577 1388 2653 Quodque
1421 2595 1492 2638 cum
1522 2580 1680 2638 huismodi

416 2681 626 2757 dampnosum
658 2684 800 2757 ipsorum
835 2684 1031 2758 propositum
1066 2685 1278 2758 nequivissent
1307 2685 1477 2759 perficere,
1506 2686 1610 2744 missis
1648 2687 1679 2743 in

416 2789 546 2847 eandem
569 2789 731 2848 ecclesiam
755 2789 900 2864 pluribus
934 2790 1054 2862 sagittis
1074 2795 1105 2848 et
1127 2806 1166 2848 ex
1189 2791 1271 2850 dicta
1293 2791 1434 2867 ipsorum
1458 2791 1582 2850 civitate
1604 2807 1675 2866 pre·

415 2900 501 2954 tensa
535 2899 565 2954 et
598 2895 749 2970 sacrilega
780 2896 976 2967 bambardis;
1010 2911 1158 2970 personas
1192 2898 1319 2972 insuper
1349 2897 1504 2956 dictorum
1538 2897 1680 2955 domino·

413 3017 485 3060 rum
513 3002 793 3076 prebendariorum
827 3007 858 3060 et
890 3003 1077 3061 clericorum
1112 3003 1293 3062 invadentes
1328 3007 1358 3061 et
1394 3018 1504 3060 manus
1537 3003 1680 3077 ipsorum

414 3109 580 3182 sacrilegas
613 3110 769 3168 mittentes
801 3109 833 3167 in
868 3107 995 3166 eosdem
1029 3115 1059 3167 et
1092 3109 1270 3182 iniicientes,
1307 3109 1460 3186 quosdam
1496 3125 1535 3166 ex
1560 3107 1679 3167 eisdem

413 3214 578 3274 detinendo
612 3215 780 3273 enormiter
814 3215 1019 3274 vulneramnt
1052 3221 1083 3274 et
1112 3217 1280 3276 nonnullos
1314 3232 1353 3274 ex
1383 3215 1499 3274 eisdem
1530 3231 1588 3273 nec
1616 3229 1678 3272 non

413 3322 520 3396 plures
553 3338 592 3380 ex
623 3323 803 3380 hominibus
838 3323 981 3396 ipsorum
1012 3325 1238 3399 capitularibus
1271 3339 1345 3382 nece
1374 3321 1549 3381 miserabili
1571 3321 1676 3380 interi-

411 3434 536 3487 merunt
557 3435 586 3487 et
609 3429 796 3500 occiderunt,
821 3429 1086 3505 interemptosque
1109 3435 1139 3488 et
1162 3430 1279 3488 occisos
1302 3447 1359 3504 per
1373 3445 1478 3488 aream
1494 3433 1524 3486 et
1539 3428 1677 3501 plateam

412 3536 616 3609 capitularem
640 3539 800 3593 traxerunt
823 3535 894 3593 hinc
917 3536 1004 3606 inde;
1027 3537 1105 3594 alios
1135 3550 1171 3593 ac
1200 3537 1287 3608 alios,
1322 3550 1401 3609 quos
1432 3543 1505 3593 tunc
1539 3534 1676 3607 reperire

411 3649 588 3718 potuerunt,
612 3641 678 3700 dire
701 3647 731 3700 et
754 3642 865 3699 acriter
888 3643 1088 3700 verberantes
1112 3647 1141 3700 et
1165 3643 1300 3700 letaliter
1315 3642 1513 3699 vulnerantes
1536 3655 1573 3697 ac
1589 3654 1677 3696 more

410 3749 591 3808 carnificum
625 3747 834 3809 inhumaniter
867 3749 1046 3820 sauciantes,
1071 3749 1224 3822 pluraque
1248 3749 1332 3806 mala
1355 3747 1493 3805 inaudita
1516 3752 1546 3804 et
1570 3745 1676 3818 qualia

411 3855 511 3914 facere
546 3859 722 3929 potuerunt,
756 3859 787 3911 et
819 3853 955 3912 finaliter
989 3855 1163 3927 excogitare
1198 3853 1257 3912 deo
1295 3860 1326 3912 et
1355 3853 1534 3912 hominibus
1556 3851 1677 3924 odiosa,

409 3967 534 4020 eruente
558 3961 664 4018 bellue
687 3965 717 4018 et
741 3958 968 4033 perfidissimus
991 3959 1137 4034 populus,
1160 3961 1202 4018 ita
1234 3965 1454 4034 perpetrarunt
1485 3967 1515 4016 et
1544 3958 1672 4016 commi·

409 4075 522 4127 serunt.
546 4068 614 4141 Que
637 4067 741 4125 omnia
764 4071 794 4124 et
817 4066 940 4138 singula
964 4067 994 4124 in
1019 4066 1164 4140 pluribus
1188 4066 1303 4124 litteris
1324 4067 1409 4139 regie
1427 4063 1604 4126 maiestatis,
1620 4079 1676 4120 nec

409 4191 469 4234 non
494 4175 688 4250 processibus
712 4172 870 4247 quondam
893 4171 1059 4230 reverendi
1082 4173 1180 4245 patris
1203 4170 1320 4229 domini
1343 4171 1501 4254 Johannis,
1529 4175 1602 4226 tunc
1625 4181 1673 4225 za·

407 4281 579 4354 grabiensis
602 4279 749 4356 episcopi,
773 4278 1000 4353 predecessoris
1023 4279 1134 4350 nostri,
1159 4282 1190 4336 et
1213 4279 1289 4335 actis
1311 4277 1426 4334 habitis
1448 4273 1614 4349 superinde
1637 4287 1673 4330 ac

407 4386 552 4445 confectis
576 4391 683 4444 contra
706 4400 759 4443 eos
783 4385 906 4458 plenius
929 4385 1133 4455 continentur,
1158 4387 1188 4440 et
1211 4387 1378 4457 propterea
1401 4383 1462 4438 sint
1493 4386 1523 4438 et
1558 4379 1673 4438 luerint

407 4493 728 4551 excommunicacione
774 4492 955 4564 aggravati,
1002 4490 1199 4563 reaggravati
1240 4494 1271 4547 et
1317 4485 1472 4546 interdicti
1514 4483 1676 4544 sentenciis

407 4605 500 4673 atque
530 4599 618 4674 penis
648 4597 766 4669 irretiti,
798 4612 876 4670 quas
906 4597 1064 4670 hucusque
1097 4595 1176 4654 nulli
1207 4593 1341 4652 dubium
1372 4593 1531 4662 sustinent,
1563 4589 1676 4649 animis

407 4721 536 4780 prorsus
559 4705 709 4764 induratis
735 4705 766 4761 in
790 4701 906 4760 eisdem
930 4703 1022 4761 hodie
1046 4701 1258 4760 sordescentes
1282 4705 1313 4759 et
1336 4701 1414 4757 inter
1444 4700 1578 4756 claustra
1600 4695 1675 4753 fide-

405 4813 485 4871 lium
508 4811 577 4886 lupi
600 4825 726 4885 rapaces
751 4813 979 4868 commorantes
1013 4813 1132 4866 ceteros
1163 4806 1356 4865 christicolas
1387 4805 1566 4876 inficientes,
1603 4803 1673 4876 vip-

406 4919 541 4994 perrime
564 4919 672 4991 utique
695 4916 904 4988 generacionis
926 4915 994 4987 filii,
1018 4915 1057 4972 de
1081 4915 1181 4973 heresi
1205 4914 1380 4988 plurimum
1414 4917 1445 4970 et
1474 4911 1676 4968 vehementer

405 5025 557 5100 suspecti;
580 5024 803 5096 subsequenter
826 5037 951 5097 quoque
974 5021 1057 5096 quod
1080 5021 1142 5095 ipsi
1165 5021 1264 5080 eciam
1292 5019 1404 5096 perfidi
1426 5017 1487 5076 filii
1507 5016 1607 5075 Belial
1641 5019 1673 5074 et
