3948 5804
408 541 450 600 90
833 525 906 582 Doc.
927 534 974 601 71.
999 559 1040 570 -
1063 525 1110 583 An
1142 537 1232 602 1434.
1327 477 1334 496 ⁸

406 741 483 798 mini
504 741 659 824 Johannes
682 745 789 799 cantor
812 749 841 800 et
864 743 1044 813 canonicus,
1076 741 1275 816 vicariusque
1306 741 1344 800 de
1374 741 1513 817 capitulo
1542 741 1670 800 ecclesie

405 847 613 920 zagrabiensis
639 847 711 905 sede
727 853 856 908 vacante
875 850 907 908 in
929 849 1145 924 spiritualibus
1168 849 1330 921 generalis,
1354 849 1509 922 ceterique
1531 847 1670 906 canonici

406 952 545 1011 eiusdem
561 951 689 1012 ecclesie
704 955 921 1026 aagrabiensis,
937 959 1076 1012 nostram
1092 953 1239 1012 adeuntes
1255 954 1458 1028 presenciam,
1474 953 1670 1028 presentibus

405 1065 436 1117 et
465 1059 662 1118 audientibus
683 1060 840 1144 Johanne,
874 1060 942 1119 filio
971 1061 1098 1118 Peronis
1133 1057 1236 1135 judice
1269 1067 1300 1119 et
1334 1061 1500 1133 Anthonya
1533 1059 1668 1132 ithalico,

405 1165 496 1222 Petro
527 1165 693 1238 ilungaro,
724 1165 898 1241 Stephano,
932 1168 1009 1225 alias
1032 1167 1177 1225 similiter
1200 1165 1373 1242 judicibus,
1396 1181 1514 1226 necnon
1535 1165 1665 1238 Thomu,

405 1271 473 1330 filio
488 1271 621 1344 Cholny,
637 1271 772 1346 Georgio
795 1279 913 1332 sartore
936 1289 972 1331 ac
994 1273 1160 1332 Benedicto
1182 1273 1327 1332 similiter
1342 1277 1460 1332 sartore
1476 1279 1507 1332 et
1522 1272 1669 1345 Fahyano

405 1377 549 1448 litterato
564 1375 673 1453 juratis
689 1385 719 1436 et
734 1379 856 1438 civibus
871 1380 1005 1438 civitatis
1021 1380 1135 1438 montis
1151 1378 1316 1438 Greceusis
1332 1379 1371 1438 de
1387 1377 1547 1452 Zagrabia‚
1563 1382 1669 1439 contra

405 1489 434 1540 et
457 1483 607 1542 adversus
622 1485 758 1558 eosdem,
774 1486 829 1559 qui
844 1500 903 1560 pro
916 1485 1026 1560 seipsis
1042 1485 1248 1559 personaliter
1263 1491 1293 1544 et
1309 1500 1367 1560 pro
1390 1485 1499 1544 ceteris
1521 1483 1667 1542 omnibus

405 1595 435 1647 et
450 1590 581 1663 singulis
603 1591 724 1648 civibus
748 1597 778 1649 et
801 1592 978 1665 hospitibus
999 1591 1098 1664 ipsius
1121 1590 1256 1648 civitatis
1279 1591 1394 1650 montis
1417 1589 1580 1650 Grecensis
1596 1605 1669 1648 cum

404 1695 568 1756 sufficienti
592 1698 822 1771 procuraciouis
845 1696 992 1755 mandato
1014 1697 1113 1756 nostri
1134 1697 1167 1755 in
1188 1697 1344 1771 presentia
1367 1696 1531 1770 adhebant,
1549 1711 1668 1754 necnon

404 1803 566 1861 universos
588 1801 709 1879 juratos
732 1811 762 1861 et
785 1804 868 1861 cives
891 1804 1025 1861 civitatis
1048 1801 1202 1862 antedicte
1217 1807 1447 1878 proposuerunt
1462 1808 1492 1860 et
1507 1801 1668 1876 conquesti

404 1915 475 1966 sunt
497 1911 587 1982 gravi
609 1925 682 1968 cum
705 1910 845 1983 querella
868 1909 900 1968 in
922 1909 1004 1968 hunc
1026 1908 1174 1968 modum:
1198 1908 1282 1983 quod
1298 1909 1371 1968 licet
1386 1910 1463 1968 alias
1479 1906 1667 1967 reverendus

404 2015 436 2072 in
459 2014 583 2074 Christo
616 2021 706 2090 pater
739 2015 888 2078 dominus,
916 2016 1072 2098 Johannes
1103 2015 1268 2090 episcopus
1299 2016 1507 2088 aagrabieusis
1529 2029 1565 2072 ac
1588 2014 1667 2072 sacri

404 2123 526 2178 romani
548 2123 672 2196 imperii
694 2127 724 2179 et
747 2123 833 2194 regni
855 2122 1015 2194 Hungarie
1036 2137 1179 2180 summus
1213 2121 1425 2194 cancellarius,
1448 2120 1548 2180 felicis
1571 2119 1667 2178 remi-

404 2227 562 2300 niscencie,
597 2227 742 2286 dominus
775 2233 806 2286 et
840 2229 979 2303 prelatus
1010 2227 1194 2286 eorumdem
1218 2227 1418 2286 dominorum
1438 2227 1666 2298 canonicorum,

404 2333 655 2407 gubernatorque
690 2335 789 2408 ipsius
822 2335 956 2393 civitatis
988 2335 1019 2394 in
1050 2349 1142 2392 causa
1172 2350 1224 2392 seu
1248 2335 1459 2392 controversia
1480 2335 1560 2392 inter
1582 2333 1668 2406 ipsos

404 2437 547 2496 dominos
569 2439 608 2498 de
628 2439 711 2499 dicto
733 2442 871 2515 capituto
894 2441 1087 2514 zagrabiensi
1106 2455 1142 2498 ac
1164 2445 1327 2498 annotatos
1356 2440 1439 2498 cives
1468 2445 1499 2498 et
1528 2439 1665 2512 hospites

403 2545 526 2602 racione
548 2549 579 2603 et
601 2550 744 2619 pretextu
767 2545 929 2605 cuiusdam
952 2562 1063 2620 magne
1097 2548 1278 2620 quantitatis
1313 2553 1403 2618 terre,
1437 2561 1555 2608 necnon
1589 2547 1667 2606 certi

403 2652 506 2710 rubeti
541 2655 571 2709 et
604 2651 827 2710 nonnullorum
861 2651 1003 2711 senilium
1037 2667 1072 2711 ac
1104 2659 1266 2728 pratorum
1289 2652 1444 2712 dictorum
1466 2651 1665 2712 dominorum

404 2758 621 2816 canonicorum
655 2763 686 2815 et
718 2757 846 2817 ecclesie
874 2759 1081 2832 zagrabiensis
1104 2757 1242 2846 predicte
1265 2765 1372 2818 exorta
1395 2765 1426 2817 et
1447 2759 1602 2832 suscitata,
1626 2757 1665 2816 de

403 2864 620 2922 commissione
643 2869 673 2923 et
696 2864 842 2923 mandato
864 2865 1053 2924 serenissimi
1083 2863 1202 2924 domiui
1231 2866 1329 2924 nostri
1350 2865 1548 2938 imperatoris
1570 2862 1665 2937 Sigis-

403 2969 512 3028 mundi
536 2976 565 3028 et
590 2971 678 3044 regni
703 2971 861 3045 Hungarie
883 2972 977 3046 regis,
1011 2986 1145 3030 unacum
1167 2969 1338 3030 reverendo
1360 2971 1392 3030 in
1415 2970 1541 3028 Christo
1566 2975 1664 3044 patre,

403 3077 530 3136 domino
566 3077 706 3160 Johanne
740 3079 910 3153 episcopo,
944 3084 1017 3138 tunc
1045 3079 1143 3136 electo
1177 3077 1321 3136 thiniensi
1351 3091 1387 3135 ac
1409 3077 1607 3151 prepositure
1628 3075 1667 3135 de

403 3183 548 3257 Byenyko
570 3184 778 3257 gubernatore
801 3191 832 3242 et
854 3184 953 3255 Petro,
976 3183 1044 3243 filio
1059 3182 1128 3242 Ade
1151 3184 1190 3242 de
1213 3182 1432 3256 Zenthlewlek‚
1455 3181 1533 3265 alias
1549 3181 1666 3240 vicario

402 3291 433 3348 in
468 3289 696 3364 temporalibus
730 3289 868 3348 eiusdem
902 3291 1099 3365 episcopatus
1134 3289 1351 3363 aagrabiensis,
1373 3303 1493 3348 necnon
1515 3287 1667 3362 magistro

403 3395 553 3454 Michaele
575 3395 810 3470 prothonotario
833 3395 916 3455 sedis
946 3396 1101 3454 crisiensis
1124 3402 1155 3454 et
1177 3395 1328 3468 magistro
1362 3395 1502 3478 Johanne
1534 3392 1666 3453 condam

402 3502 440 3560 de
470 3501 620 3561 Rakonolr
649 3499 733 3560 dicto
763 3517 800 3559 ac
831 3501 901 3560 aliis
931 3501 1175 3576 quampluribus
1207 3501 1315 3576 probis
1346 3507 1377 3560 et
1406 3501 1567 3560 nobilibus
1590 3499 1667 3558 uiris

402 3608 487 3666 iuxta
509 3607 733 3666 continenciam
756 3607 932 3666 litterarum
955 3607 1095 3666 eiusdem
1119 3607 1250 3667 condam
1273 3607 1393 3666 domini
1422 3607 1572 3692 Johannis
1602 3607 1666 3680 epi·

401 3716 488 3789 scopi
522 3715 783 3788 obligatoriamm
817 3713 857 3771 ad
892 3713 1041 3772 laesiones
1075 3713 1256 3772 earumdem
1290 3721 1494 3788 utrarumque
1524 3697 1665 3788 parcium

402 3820 612 3879 confectarum
643 3827 673 3878 et
708 3825 930 3891 emanatarum‚
954 3835 1012 3894 pro
1035 3835 1143 3878 earum
1166 3821 1292 3880 arbitris
1315 3820 1422 3880 electis
1444 3821 1524 3880 inter
1547 3819 1666 3878 dictum

404 3927 578 4000 capitulum
602 3933 632 3984 et
654 3931 815 3986 annotatos
838 3927 922 3984 cives
952 3927 1085 3984 civitatis
1108 3925 1247 4001 predicte
1269 3933 1368 3984 metas
1391 3925 1572 3985 earumdem
1595 3940 1666 4000 par-

402 4034 486 4091 cium
510 4034 596 4091 iuxta
619 4033 825 4090 continencias
848 4032 1089 4107 privilegiorum
1112 4037 1142 4090 et
1164 4029 1282 4108 jurium
1313 4037 1378 4090 tam
1408 4032 1506 4106 ipsius
1538 4031 1666 4105 capituli

401 4154 496 4213 quam
519 4140 617 4198 eciam
640 4143 784 4197 annotate
806 4139 940 4197 civitatis
961 4138 1209 4196 reambulassent
1231 4143 1261 4195 et
1284 4138 1470 4211 revisissent,
1494 4137 1665 4210 recisisque

400 4245 516 4303 eisdem
540 4245 630 4304 metis
653 4259 712 4320 pro
735 4260 780 4316 eo,
805 4243 890 4318 quod
912 4245 977 4318 ipse
1001 4249 1112 4303 eotunc
1135 4245 1253 4302 realem
1276 4244 1457 4302 earumdem
1487 4244 1664 4301 metharum

400 4351 632 4409 distinccioncm
667 4352 747 4409 inter
781 4357 885 4426 partes
919 4350 1074 4425 predictas
1110 4349 1211 4408 lacere
1241 4365 1303 4410 non
1335 4351 1515 4422 voluissent,
1546 4347 1663 4408 eisdem

401 4459 542 4532 partibus
573 4458 755 4516 auctoritate
785 4457 1002 4531 superarbitrii
1032 4458 1064 4515 in
1094 4457 1213 4516 eisdem
1245 4457 1357 4516 litteris
1380 4457 1444 4514 suis
1467 4455 1663 4529 obligatoriis

400 4565 558 4635 contentis,
591 4563 623 4621 id
660 4564 865 4622 commisisset
899 4563 958 4620 sub
992 4563 1084 4620 certis
1120 4563 1207 4637 penis
1241 4569 1271 4620 et
1301 4561 1555 4635 obligaminihus,
1579 4559 1662 4635 quod

400 4675 508 4728 neutra
531 4671 673 4744 parcium
695 4669 916 4745 predictarum,
940 4669 1023 4727 ultra
1046 4685 1091 4739 ea,
1114 4671 1144 4728 in
1167 4685 1301 4744 quarum
1322 4677 1484 4740 terrarum,
1500 4682 1665 4726 neruorum

400 4786 430 4834 ct
452 4785 615 4852 pratorum
637 4777 704 4851 ipse
730 4781 835 4850 partes
869 4783 1011 4850 ternpore
1044 4777 1207 4839 revisionis
1240 4775 1452 4850 predictarum
1487 4775 1664 4833 metharum

400 4882 537 4941 dominio
560 4883 739 4952 extitissent,
762 4881 840 4939 nihil
863 4882 985 4956 penitus
1007 4885 1066 4940 sub
1083 4881 1199 4940 eisdem
1216 4883 1462 4955 obligaminibus
1481 4879 1520 4937 de
1545 4878 1662 4938 eisdem

400 4990 489 5048 terris
513 5003 665 5064 occupare
687 4997 717 5046 et
739 4991 887 5046 innovare
909 4989 961 5046 vel
984 4991 1140 5064 extirpare
1163 4988 1357 5058 debuissent;
1381 4993 1485 5046 tamen
1503 4986 1563 5060 ipsi
1579 4986 1663 5044 cives
