3736 5826
549 523 624 580 Dac.
647 532 676 599 7.
702 519 730 582 8.
754 557 797 567 -
821 525 880 583 An.
906 513 1129 604 tuoe—1404.
1451 545 1466 599 7

146 724 252 802 judex
277 747 343 789 suo
372 741 410 792 et
438 738 631 795 nominibus
655 739 768 812 quibus
803 755 906 814 supra,
937 740 1094 814 prefatum
1131 741 1294 823 dominum
1326 747 1467 800 nostrum

149 850 268 908 regem
295 852 317 895 a
345 839 543 902 donacione
575 845 728 903 dictarum
759 847 998 919 possessionum,
1031 848 1134 921 ipsum
1167 862 1241 905 vero
1274 845 1467 922 Stephanum

149 956 267 1000 coram
293 947 405 1005 nobis
435 948 523 1009 facie
553 951 592 1009 ad
624 950 733 1009 faciem
764 957 935 1024 repertum,
959 959 1183 1026 annotatosque
1206 954 1394 1026 magistrum
1415 954 1468 1013 Ni-

150 1049 302 1122 colaum,
330 1051 540 1113 Ladislaum
564 1061 594 1113 et
617 1057 799 1139 Johannem‚
831 1063 864 1116 ut
887 1059 1039 1130 absentes,
1062 1059 1102 1116 ab
1125 1061 1340 1133 occupacione,
1365 1060 1468 1118 deten-

151 1155 249 1212 cione
275 1162 312 1214 et
340 1163 606 1234 perpetuacione
629 1169 659 1220 et
681 1179 714 1220 se
738 1164 850 1236 quovis
874 1165 979 1222 colore
1010 1165 1131 1238 quesito
1161 1165 1193 1222 in
1222 1165 1347 1223 easdem
1371 1167 1468 1224 intro·

155 1256 333 1336 missione,
361 1281 559 1340 usuumque
582 1267 740 1327 fructuum
775 1275 805 1326 et
840 1272 1052 1344 quarumlibet
1082 1271 1253 1330 utilitatum
1285 1272 1466 1331 earumdem

153 1371 393 1443 percepcione
438 1374 493 1431 vel
528 1374 785 1448 percipiiaccione
820 1375 1115 1451 quomodocumque
1149 1376 1238 1435 factis
1272 1378 1324 1435 vel
1357 1377 1468 1437 fiendis

155 1477 342 1548 prohibuit
370 1481 624 1540 contradicendo
647 1487 677 1539 et
699 1482 887 1540 contradixit
910 1482 1080 1540 inhibendo
1105 1498 1211 1541 coram
1241 1485 1332 1542 nobis
1361 1486 1468 1557 vigore

155 1585 188 1640 et
212 1583 429 1643 testimonio
454 1589 650 1661 presencium
672 1587 836 1646 mediante.
871 1589 989 1646 Datum
1012 1587 1163 1661 Zagrabie
1186 1593 1296 1646 octavo
1320 1589 1371 1647 die
1394 1588 1464 1648 festi

160 1688 253 1746 beati
290 1688 445 1764 Georgii
479 1693 625 1752 martiris.
673 1695 765 1751 Anno
799 1693 919 1752 domini
953 1694 1123 1753 millesimo
1158 1693 1465 1768 quadringentesimo

159 1795 321 1854 secundo.

281 1930 439 1996 Originale
458 1933 486 1982 in
513 1933 609 1987 charta.
637 1935 722 1998 Tergo
751 1934 875 1999 impressa
900 1934 948 1982 tria
973 1933 1059 1998 sigilla
1095 1935 1127 1983 In
1146 1933 1250 1982 archivo
1280 1933 1324 1986 lib.
1345 1951 1396 1999 reg.
1417 1937 1465 1988 civ.

162 2017 372 2080 eugubiensis.

287 2250 383 2300 Anno
407 2263 482 2316 1402,
505 2265 527 2306 1.
546 2253 614 2318 maji.
634 2251 782 2317 Zagrabiae.

178 2369 335 2437 Vicebam'
361 2387 392 2437 et
412 2385 523 2438 comites
545 2381 691 2438 comitatus
713 2379 830 2453 sagrab.
854 2397 873 2435 a
896 2380 1093 2438 communitate
1108 2381 1236 2438 civitatis
1259 2383 1366 2438 montis
1389 2381 1462 2440 Gre-

172 2483 271 2540 censis
295 2485 450 2559 impensas
472 2487 503 2544 in
526 2505 616 2545 causa
639 2486 778 2544 adversus
802 2486 956 2544 Nicolaum
980 2485 1115 2544 Praadc't
1134 2493 1208 2555 acta,
1232 2487 1369 2544 toleratas
1403 2506 1460 2545 csse

732 2593 797 2649 testi
817 2597 929 2650 centur.

293 2739 367 2797 Nos
391 2739 533 2812 magistri
555 2738 719 2820 Johannes‚
743 2737 828 2796 filius
851 2735 1000 2811 Stephani
1023 2744 1053 2796 et
1065 2738 1173 2796 Petrus
1198 2737 1363 2809 litteratus,
1381 2738 1464 2795 vice·

180 2843 258 2903 bani
283 2850 319 2904 et
346 2847 475 2905 comites
498 2845 706 2918 zagrabiensis
729 2859 765 2902 ac
788 2845 943 2903 crisiensis
966 2846 1177 2904 comitatuum.
1208 2845 1357 2903 Memorie
1381 2859 1465 2903 com·

181 2950 383 3010 mendamus
413 2967 472 3025 per
504 2955 673 3024 presentes,
705 2949 788 3023 quod
822 2951 894 3024 qnia
925 2949 1027 3022 iudex,
1052 2951 1144 3009 iurati
1167 2957 1197 3009 et
1218 2951 1357 3010 universi
1380 2951 1463 3008 cives

183 3056 330 3116 civitatis
363 3057 479 3116 montis
512 3055 697 3115 Grechensis
731 3055 769 3114 de
805 3055 957 3130 Zagrabia
991 3057 1029 3115 de
1064 3058 1216 3116 universis
1248 3057 1370 3115 iudiciis
1406 3073 1462 3115 seu

183 3162 351 3238 byrsagiis
381 3168 412 3221 et
446 3177 555 3220 eorum
590 3161 825 3234 gravaminibus
858 3163 889 3220 in
920 3163 1034 3236 quibus
1065 3163 1124 3238 ipsi
1148 3167 1255 3221 contra
1277 3164 1463 3236 magistrum

188 3266 360 3328 Nicolaum
384 3269 566 3339 litteratum,
589 3265 692 3324 filium
715 3266 814 3338 Pauli,
840 3267 915 3326 dicti
939 3269 1111 3341 Praudych‚
1136 3271 1291 3327 notarium
1312 3275 1463 3341 nostrum,

187 3373 219 3431 in
254 3375 332 3434 sede
361 3374 500 3433 crisiensi
535 3372 830 3446 quomodocumque
863 3379 893 3430 et
928 3375 1197 3448 qualitercumque
1232 3375 1262 3432 in
1299 3375 1463 3448 quibusvis

193 3483 337 3541 terminis
360 3497 459 3554 usque
482 3479 522 3537 ad
544 3479 602 3538 hec
625 3486 766 3553 tempora
787 3480 923 3538 convicti
948 3481 1077 3538 fuissent
1093 3487 1123 3538 et
1138 3482 1287 3554 agravati,
1305 3497 1344 3538 ex
1359 3485 1464 3538 nostra

193 3587 356 3646 iudiciaria
379 3587 508 3645 licencia
532 3585 756 3658 concordando,
780 3586 872 3643 nobis
896 3587 1110 3645 omnimodam
1141 3587 1347 3662 inpenderunt
1377 3587 1463 3644 satis-

193 3693 374 3764 faccionem,
398 3708 458 3767 pro
481 3708 517 3750 eo
540 3707 596 3750 nos
620 3691 745 3749 eosdem
769 3694 1042 3766 supranominatos
1065 3709 1160 3769 super
1191 3693 1350 3768 premissis
1380 3707 1463 3751 com-

194 3801 341 3863 misimus
365 3800 432 3857 fore
455 3798 617 3873 expeditos
640 3799 747 3871 vigore
778 3803 808 3855 et
842 3799 1018 3856 testimonio
1053 3801 1249 3872 presencium
1284 3800 1463 3857 litterarum

194 3915 372 3968 nostrarum
397 3905 559 3964 mediante.
582 3905 699 3962 Datum
723 3904 873 3976 Zagrabie
897 3905 928 3962 in
961 3905 1080 3962 octavis
1110 3905 1180 3964 festi
1216 3906 1299 3963 beati
1333 3903 1463 3978 Georgii

193 4015 343 4076 martiris.
367 4016 457 4070 Anno
481 4011 599 4070 domini
622 4010 793 4068 millesimo
819 4010 1125 4084 quadringentesimo
1148 4010 1290 4070 secundo

299 4149 434 4214 Originnle
453 4150 480 4197 in
499 4147 587 4196 charte
614 4147 698 4210 Tergo
717 4147 870 4212 impressum
895 4146 1016 4210 sigillum.
1055 4147 1087 4195 In
1106 4147 1210 4196 archivo
1229 4147 1277 4198 lib.
1309 4162 1360 4209 reg,
1391 4145 1460 4194 civit.

194 4240 376 4305 zagrabiensis.

297 4434 379 4482 Anno
401 4444 475 4495 1404,
497 4443 538 4494 24.
557 4429 655 4496 aprilis.
675 4431 773 4484 Budae.
808 4343 843 4407 8.

193 4533 394 4608 Sigrismundus
425 4533 603 4612 Hungarcoe
637 4539 683 4589 ctc.
718 4551 789 4603 rex,
830 4539 1002 4588 mercatores
1036 4530 1236 4603 zograbicnses
1271 4547 1307 4586 ex
1337 4529 1465 4604 qualibet

598 4639 746 4696 exactione
769 4637 926 4695 tributaria
949 4637 1056 4694 eximit.

297 4775 515 4849 Sigismundus
542 4774 594 4832 dei
615 4775 719 4847 gracia
750 4790 805 4831 rex
840 4773 1007 4844 Hungarie,
1042 4771 1212 4844 Dalmacie,
1244 4771 1371 4831 Croacie
1404 4777 1461 4829 etc.

190 4885 403 4956 marchyoque
420 4882 737 4956 Brandemburgensis
754 4889 807 4939 etc.
825 4881 904 4938 sacri
919 4880 1041 4937 romani
1064 4880 1189 4953 imperii
1213 4879 1347 4938 vicarius
1369 4894 1460 4950 gene-

189 4990 264 5047 ralis
289 4997 319 5047 et
343 4989 432 5061 regni
457 4989 603 5046 Bohemie
626 4989 824 5061 gubernator.
847 4986 1010 5044 Fidelibus
1026 4987 1089 5043 suis
1105 4987 1257 5044 universis
1275 4985 1452 5043 castellanis
