3804 5858
378 530 441 588 424
748 511 823 573 Boc·
841 523 916 587 334·
933 521 1008 585 335·
1030 543 1073 552 -
1096 509 1152 567 An·
1175 504 1267 585 1483·

378 727 497 785 bibenti
518 727 675 785 restitutis.
698 727 814 784 Datum
839 725 922 783 Bude
945 725 1022 784 feria
1047 730 1134 783 sexta
1149 725 1293 799 proxima
1311 731 1381 798 post
1397 724 1510 782 festum
1528 726 1641 782 Ascen-

377 833 471 890 sionis
495 831 623 891 domini.
647 833 737 889 Anno
761 831 899 890 eiusdeln
928 832 1096 888 millesimo
1121 829 1426 903 quadringentesimo
1451 831 1639 902 octogesimo

378 939 482 996 tercio.
505 939 685 1010 Regnorum
707 944 884 995 nostrorum
908 937 1067 1010 Hungarie
1090 942 1145 994 etc.
1169 951 1249 994 anno
1273 937 1422 994 vicesimo
1453 941 1548 1007 sexte,
1586 935 1641 993 Bo-

377 1044 480 1102 hemie
503 1058 578 1101 vero
602 1042 840 1116 quintodecimo.

483 1179 617 1243 Originale
642 1179 670 1227 in
688 1179 843 1230 membrana.
872 1181 904 1227 In
931 1179 1047 1229 inferiori
1071 1180 1185 1242 margine
1212 1179 1364 1243 impressum
1391 1185 1431 1226 est
1460 1177 1582 1242 sigilium.
1612 1179 1644 1225 Iu

381 1267 496 1317 archivio
508 1267 555 1320 lib.
575 1283 627 1331 reg.
646 1269 715 1319 civit.
735 1267 835 1330 zagrab.

972 1496 1061 1562 334.

486 1655 566 1704 Auno
588 1656 663 1718 1483,
687 1667 725 1706 11.
743 1653 825 1718 Junii.
845 1653 994 1717 Zagrabiae.

446 1781 593 1841 statutum
615 1781 740 1854 capituli
758 1779 793 1838 de
807 1781 880 1855 foro
903 1780 933 1837 in
956 1798 1029 1838 area
1052 1782 1211 1855 capitulari
1230 1799 1317 1839 curae
1339 1782 1460 1855 capimli
1480 1781 1581 1840 iudicis

911 1887 1112 1947 committenda.

486 2033 575 2090 Anno
599 2030 718 2089 domini
741 2029 1035 2088 MCCCCLXXXIII
1058 2030 1135 2090 feria
1151 2032 1245 2090 tercia
1261 2033 1293 2090 in
1309 2031 1388 2090 festo
1406 2031 1486 2091 beati
1506 2033 1642 2092 Barnabe

381 2137 526 2211 apostoli,
550 2136 730 2194 conclusum
753 2142 798 2193 est
821 2136 1041 2209 capitulariter,
1066 2136 1150 2211 quod
1176 2137 1214 2196 de
1230 2143 1332 2196 cetero
1350 2155 1464 2212 spanus
1481 2155 1536 2196 seu
1551 2137 1642 2216 judex

380 2250 485 2301 noster
507 2243 620 2300 habeat
651 2241 815 2316 diligenter
844 2241 1011 2316 providere
1038 2244 1119 2300 circa
1149 2243 1252 2301 forum
1274 2249 1418 2302 nostrum
1441 2245 1491 2302 hic
1514 2246 1546 2304 iu
1567 2259 1640 2302 area

380 2354 486 2406 nostra
509 2347 577 2407 fieri
601 2349 737 2420 solitum,
760 2349 803 2406 ita
826 2347 979 2419 videlicet,
1004 2348 1089 2422 quod
1111 2349 1179 2423 ipse
1201 2365 1260 2423 pro
1292 2364 1383 2423 posse
1413 2365 1469 2408 suo
1500 2349 1644 2408 defendat

381 2470 488 2512 omnes
516 2453 682 2512 vendentes
705 2459 735 2512 et
758 2459 894 2512 ementes
917 2455 948 2511 in
973 2454 1091 2526 eodem,
1115 2459 1145 2512 et
1167 2456 1194 2513 si
1216 2455 1338 2528 aliquis,
1356 2457 1517 2530 presertim
1543 2472 1581 2514 ex
1597 2456 1643 2515 fa·

383 2559 472 2618 milia
494 2565 635 2618 nostrum
660 2560 798 2630 alicuius,
820 2560 914 2617 alicui
938 2559 1082 2618 vendenti
1104 2560 1157 2618 vel
1172 2561 1286 2619 ementi
1302 2561 1483 2620 violentiam
1498 2563 1644 2635 intulerit,

381 2667 495 2724 habeat
526 2664 558 2724 id
592 2681 706 2740 spanus
740 2681 794 2724 seu
823 2663 916 2741 judex
947 2673 1051 2723 noster
1074 2667 1178 2740 ipsum
1202 2666 1357 2724 detinendi
1381 2673 1411 2725 et
1434 2668 1643 2727 incarcerandi

384 2773 511 2846 plenam
535 2771 715 2830 facultatem
739 2778 769 2829 et
791 2773 900 2845 puniat
923 2787 994 2829 eum
1018 2773 1104 2830 iuxta
1134 2773 1299 2830 arbitrium
1331 2774 1469 2847 capituli.
1502 2773 1593 2846 Quod
1617 2775 1644 2832 si

382 2878 525 2936 dominus
548 2877 592 2935 sic
615 2876 729 2935 detenti
752 2892 885 2952 spanum
909 2883 962 2935 aut
984 2875 1120 2952 judicem
1141 2882 1281 2936 nostrum
1305 2879 1484 2938 molestaret
1508 2885 1561 2938 aut
1584 2881 1642 2938 im·

381 2984 509 3059 pediret.
533 2989 645 3042 extunc
667 2985 708 3042 sit
730 2985 872 3059 privatus
894 2989 1000 3042 nostro
1031 2985 1191 3042 consorcio
1222 2985 1261 3042 ad
1291 2985 1457 3044 arbitrium
1490 2991 1643 3046 nostrum.

382 3089 415 3149 Si
437 3105 513 3148 vero
535 3105 651 3165 spanus
674 3095 728 3147 aut
750 3088 845 3164 judex
867 3090 899 3147 in
922 3091 1083 3164 premissis
1106 3089 1200 3148 fuerit
1221 3091 1382 3164 negligens
1413 3098 1465 3149 aut
1494 3092 1643 3150 remissus

382 3196 511 3254 eandem
536 3211 649 3270 penam
671 3196 819 3269 paciatur.

494 3348 573 3397 Liber
599 3348 693 3398 rubeus
719 3364 777 3400 ven.
805 3348 911 3413 capituli
938 3349 1000 3402 eccl.
1037 3351 1188 3414 zagrab.1u
1215 3350 1311 3402 archiv.
1338 3350 1401 3401 incl.
1429 3345 1513 3401 A'cad.
1544 3349 1644 3400 Sciant.

384 3437 453 3490 Slav.
472 3438 561 3490 merid.

966 3669 1054 3736 335.

487 3846 568 3894 Anno
590 3844 664 3907 1483,
687 3855 726 3907 17.
746 3844 906 3909 septembris.
927 3845 1073 3908 Zagrabiae

381 3973 518 4032 Matlrr'as
538 3971 632 4031 Gercb
653 3973 753 4042 banus,
777 3973 865 4030 Petro
887 3973 1002 4046 Belkaj
1021 3990 1055 4030 ac
1076 3971 1237 4030 [adulatio
1259 3971 1367 4050 Reuss,
1390 3971 1571 4046 omnibusque
1593 3990 1643 4028 no·

381 4081 484 4138 bilibus
499 4080 653 4154 praecipit
676 4097 711 4136 ne
733 4080 764 4136 in
772 4079 997 4153 possessionibus
1018 4080 1079 4136 suis
1094 4097 1113 4134 a
1128 4078 1236 4136 civibus
1251 4077 1487 4153 zagrabr'ensr'bus
1502 4076 1639 4135 m'butrrm

862 4193 920 4258 pro
942 4202 1031 4242 merce
1048 4192 1157 4258 petant.

486 4330 618 4388 Mathias
653 4327 755 4388 Gereb
790 4329 829 4386 de
864 4329 1024 4402 Vingarth,
1059 4343 1228 4402 regnorum
1262 4329 1432 4402 Dalmacie,
1463 4328 1591 4387 Croacie
1614 4333 1644 4386 et

381 4435 544 4495 Sclauouie
567 4436 673 4493 banus.
697 4435 836 4508 Egregiis
859 4435 950 4493 Petro
974 4435 1119 4506 Bochkay
1142 4450 1177 4492 ac
1199 4435 1345 4494 Ladislau
1360 4434 1465 4508 Rohiy
1482 4435 1520 4493 de
1537 4435 1644 4506 Delie,

381 4541 539 4600 vicebanis
560 4541 674 4600 nostris
698 4540 772 4599 dicti
794 4541 882 4614 regni
905 4540 1068 4599 Sclauouie
1091 4556 1127 4599 ac
1149 4541 1303 4599 universis
1334 4547 1364 4599 et
1394 4542 1525 4614 singulis
1555 4540 1644 4599 nobi·

380 4649 464 4707 libus
487 4653 518 4706 et
539 4646 667 4706 alterius
690 4647 824 4705 cuiusvis
846 4652 944 4705 status
968 4653 997 4705 et
1013 4647 1200 4706 condicionis
1216 4646 1450 4720 possessionatis
1465 4647 1645 4705 hominibus

381 4755 485 4814 ubivis
519 4770 577 4829 per
609 4771 704 4828 regna
738 4755 904 4828 Hungarie,
938 4755 1107 4826 Dalmacie,
1138 4753 1265 4812 Croacie
1288 4761 1318 4812 et
1341 4752 1505 4812 Sclauouie
1528 4753 1645 4812 tributa

379 4860 575 4933 habentibus,
597 4876 717 4921 necnon
740 4868 770 4919 et
792 4862 995 4935 exigentibus,
1019 4868 1176 4935 presentes
1198 4861 1320 4931 visuris,
1344 4860 1478 4918 salutern
1501 4875 1573 4918 cum
1597 4859 1642 4917 di·

380 4967 524 5026 leccione.
556 4965 737 5026 constitutis
766 4968 858 5026 uobis
887 4968 918 5026 iu
942 4967 1066 5026 civitate
1088 4968 1201 5026 montis
1225 4965 1396 5038 Greceusis‚
1420 4963 1588 5040 prudentes
1611 4971 1641 5023 et
