3930 5802
741 463 814 520 Doc.
837 477 906 541 143.
929 496 972 506 —
995 465 1051 522 An.
1075 479 1167 545 1447.

325 677 431 750 aliqua
453 676 557 734 littera
580 683 633 734 aut
655 677 766 746 littere,
791 676 873 750 quod
898 693 960 736 non
983 679 1148 752 credimus,
1172 681 1232 737 sub
1247 680 1361 753 sigillis
1376 682 1489 739 nostris
1504 681 1589 756 apud

325 783 556 840 commissarios
579 781 678 840 felicis
701 782 928 842 recordacionis
951 785 1089 858 Ewgenii
1112 801 1194 860 pape
1217 787 1249 844 in
1283 785 1393 844 eadem
1423 802 1515 846 causa
1544 803 1592 845 re-

325 888 494 963 periantur,
524 903 563 945 ex
596 895 669 946 tunc
703 886 844 960 dicimus,
875 889 958 963 quod
990 891 1061 949 talis
1083 890 1187 950 littera
1209 897 1263 949 aut
1284 891 1387 951 littere
1410 891 1533 951 fuerunt
1557 898 1587 951 et

325 994 386 1052 sint
409 992 486 1052 false
508 1009 564 1051 nec
586 993 624 1051 de
647 995 724 1052 scitu
747 1010 783 1052 ac
804 995 965 1055 voluntate
987 1003 1091 1056 nostra
1115 1004 1276 1070 emanate;
1310 999 1392 1071 quia,
1414 999 1593 1057 beatissime

327 1105 424 1172 pater,
447 1099 570 1170 scimus,
596 1099 757 1158 dominum
774 1100 973 1160 Benedictum
990 1103 1176 1178 episcopum
1191 1108 1332 1162 nostrum
1345 1105 1450 1164 virum
1465 1103 1595 1163 doctum

328 1211 358 1262 et
380 1205 606 1264 benemeritum
629 1222 695 1264 esse
718 1213 749 1265 et
770 1206 872 1280 fuisse,
896 1215 942 1268 est
964 1210 1047 1268 enim
1083 1210 1203 1268 arcium
1232 1211 1413 1269 liberalium
1447 1211 1595 1284 magister

327 1315 357 1368 et
381 1327 467 1370 sacre
489 1313 645 1386 theologie
669 1314 890 1373 baccalaureus
913 1314 1073 1388 formatus,
1096 1316 1136 1374 ad
1159 1317 1298 1390 regimen
1314 1316 1451 1392 predicte
1466 1316 1594 1376 ecclesie

327 1425 438 1492 aptum
461 1424 491 1478 et
512 1421 632 1493 utilem,
651 1427 717 1478 tarn
739 1421 771 1480 in
793 1422 1008 1496 spiritualibus
1024 1437 1119 1496 quam
1135 1423 1362 1497 temporalibus
1378 1422 1593 1493 sufficientem,

331 1525 385 1600 qui
406 1525 507 1600 ipsam
530 1526 693 1584 ecclesiam
717 1518 862 1601 plurimis
885 1529 974 1586 annis
996 1529 1076 1586 rexit
1098 1534 1130 1588 et
1152 1529 1271 1588 utiliter
1292 1529 1486 1603 gubernavit.
1521 1527 1594 1585 Ideo

327 1639 418 1708 pater
428 1631 614 1704 beatissime,
630 1632 731 1691 eidem
746 1635 901 1693 sanctitati
916 1640 1016 1694 vestre
1029 1635 1242 1710 supplicamus
1257 1635 1419 1694 humiliter
1430 1639 1461 1693 et
1474 1632 1593 1704 devote,

328 1744 479 1812 quatenus
513 1738 617 1797 divine
651 1739 869 1799 retribucionis
903 1741 1023 1812 intuitu,
1055 1740 1163 1800 eadem
1196 1741 1356 1801 beatitudo
1389 1745 1493 1800 vestra
1516 1739 1594 1796 velit

328 1846 413 1903 viam
435 1849 465 1903 et
487 1844 619 1904 modum
642 1829 786 1920 cogitare,
821 1853 855 1905 ut
888 1846 1027 1921 predicta
1062 1847 1262 1906 translatione
1293 1852 1421 1919 mutata,
1453 1845 1594 1920 prefatus

328 1949 472 2010 dominus
506 1951 697 2026 Benedictus,
731 1952 871 2027 prelatus
905 1959 1017 2025 noster,
1048 1953 1220 2014 honoribus
1252 1953 1316 2012 suis
1346 1953 1485 2028 pristinis
1508 1949 1593 2025 apud

328 2057 490 2116 ecclesiam
524 2059 757 2131 zagrabiensem
789 2065 990 2119 conservetur
1023 2067 1053 2118 et
1086 2061 1178 2118 nobis
1208 2061 1394 2132 restituatur,
1419 2073 1514 2132 quem
1537 2073 1595 2131 per

328 2169 485 2239 presentes
507 2165 678 2237 repetimus
701 2172 852 2239 quantum
876 2165 914 2224 de
936 2162 1005 2242 jure
1028 2181 1202 2241 possumus,
1219 2166 1292 2241 quia
1307 2172 1450 2224 nostrum
1465 2165 1593 2222 interest

328 2270 444 2329 habere
464 2271 583 2329 bonum
606 2277 636 2329 et
659 2272 768 2330 utilem
791 2279 958 2348 pastorem.
981 2272 1043 2331 Pro
1066 2273 1180 2348 quibus
1214 2272 1374 2330 beatitudo
1405 2277 1509 2330 vestra
1537 2284 1594 2328 nos

327 2376 456 2434 habebit
479 2393 537 2451 pro
560 2378 659 2436 salute
682 2383 713 2436 et
735 2379 868 2452 longeva
890 2378 1030 2438 eiusdem
1053 2377 1253 2438 beatitudinis
1268 2384 1370 2437 vestre
1385 2377 1593 2452 prosperitate

328 2483 523 2542 humillimos
543 2491 732 2556 exoratores,
757 2500 852 2558 quam
876 2485 1046 2543 altissimus
1070 2483 1201 2543 feliciter
1231 2499 1414 2543 conservare
1445 2483 1591 2557 dignetur

328 2587 368 2646 ad
401 2589 542 2663 regimen
573 2589 702 2648 ecclesie
737 2607 791 2648 sue
825 2596 928 2650 sancte
959 2597 989 2650 et
1020 2591 1205 2650 universalis
1236 2596 1333 2649 status
1363 2589 1595 2649 christianitatis

327 2697 473 2755 unionem
508 2701 656 2770 optatam.
690 2691 807 2756 Datum
842 2697 892 2756 die
915 2689 1052 2770 Veneris,
1084 2697 1236 2771 vigesima
1259 2697 1373 2756 mensis
1394 2695 1478 2754 maii.
1503 2697 1594 2753 Anno

329 2802 448 2862 domini
471 2804 640 2863 millesimo
665 2804 969 2879 quadringentesimo
992 2804 1230 2879 quadragesimo
1251 2804 1396 2880 septimo.

763 2923 885 2973 Oratores
904 2929 929 2972 et
948 2922 1075 2988 capellani
1093 2921 1233 2988 capitulum
1252 2922 1360 2972 ecclesie
1377 2919 1558 2986 zsgrabiensis.

434 3048 513 3096 Liber
531 3048 627 3098 rubens
645 3064 701 3098 ven.
722 3048 830 3114 capituli
847 3048 909 3101 eccl.
937 3042 1118 3113 zagrabiensis.
1137 3050 1170 3098 In
1188 3048 1282 3100 archiv.
1311 3047 1374 3098 incl.
1393 3047 1477 3099 Acad.
1503 3046 1593 3096 scient.

329 3134 398 3186 Slav.
417 3136 506 3187 merid.

923 3311 1001 3380 143.

435 3438 515 3490 Anno
536 3447 610 3500 1447,
630 3447 672 3500 23.
690 3436 811 3489 octobris.
830 3437 979 3501 Zagrabiae.

335 3538 442 3598 Coram
463 3539 598 3596 cmitatu
620 3539 738 3612 zagrab.
761 3540 946 3596 communitas
978 3539 1104 3596 ciuitatis
1125 3539 1228 3595 montis
1257 3535 1406 3596 Grecensr's
1428 3554 1448 3592 a
1470 3537 1594 3610 capimlo

387 3627 571 3702 zagrabiensi
590 3645 677 3701 agros
697 3623 839 3702 quosdam
861 3629 1070 3685 communitatis
1093 3634 1194 3686 contra
1208 3627 1265 3702 jus
1287 3625 1422 3699 accipitri
1443 3632 1527 3682 vetat.

434 3773 498 3831 Nos
532 3771 685 3845 Georgius
718 3771 857 3846 Glaynar
891 3787 994 3832 comes
1028 3778 1058 3830 et
1090 3769 1208 3849 judices
1242 3771 1397 3830 nobilium
1431 3770 1593 3828 comitatus

327 3880 547 3954 zagrabiensis.
571 3879 719 3937 Memorie
735 3879 990 3938 commendamus
1008 3895 1062 3954 per
1076 3884 1242 3953 presentes,
1258 3876 1342 3951 quod
1366 3877 1416 3934 vir
1438 3875 1590 3950 providus

329 3993 359 4044 et
383 3987 531 4044 honestus
555 3985 704 4058 Mathyas,
728 3984 813 4043 filius
830 3985 960 4057 Andree,
982 3983 1100 4060 juratus
1123 3985 1200 4042 civis
1223 3984 1357 4042 civitatis
1378 3983 1492 4040 montis
1515 3980 1592 4039 Gre-

329 4092 428 4150 censis
451 4091 490 4150 de
512 4088 600 4166 juxta
634 4090 828 4164 Zagrabiam,
861 4098 1043 4166 procurator
1078 4091 1249 4163 legittimus
1284 4090 1423 4147 virorum
1448 4088 1593 4146 similiter

328 4196 534 4272 providorum
550 4201 580 4255 et
595 4197 804 4270 honestorum,
820 4195 931 4273 judicis
944 4205 974 4255 et
996 4195 1170 4272 juratorum
1191 4211 1227 4253 ac
1242 4196 1459 4254 universorum
1475 4194 1591 4252 civium

329 4311 358 4361 et
380 4304 479 4362 tocius
502 4303 732 4361 communitatis
752 4304 870 4362 civium
892 4309 922 4362 et
945 4303 1105 4376 hospitum
1127 4309 1158 4360 et
1180 4301 1427 4360 inhabitatorum
1456 4299 1592 4358 civitatis

328 4416 489 4485 prenotate
523 4409 700 4468 nominibus
734 4417 764 4467 et
797 4427 829 4468 m
864 4410 1005 4485 personis
1037 4410 1178 4482 ipsorum
1211 4413 1354 4466 nostrum
1395 4404 1591 4482 judiciarium

328 4516 435 4574 adiens
470 4521 677 4590 conspectum,
711 4515 802 4574 nobis
836 4532 893 4590 per
927 4515 1058 4574 modum
1079 4515 1316 4589 protestacionis
1339 4519 1369 4571 et
1391 4512 1590 4570 inhibicionis

329 4621 503 4696 significare
526 4622 647 4680 curavit
670 4622 701 4680 in
723 4623 805 4680 hunc
820 4621 965 4681 modum:
983 4629 1017 4680 ut
1039 4622 1199 4696 sicutipse
1221 4635 1354 4678 unacum
1373 4619 1463 4677 dictis
1478 4616 1590 4694 judice,

328 4728 437 4806 juratis
460 4733 491 4786 et
512 4728 665 4786 universis
687 4728 809 4787 civibus
831 4743 867 4786 ac
890 4733 953 4786 tota
977 4728 1198 4785 communitate
1220 4727 1336 4784 civium
1367 4733 1396 4783 et
1430 4725 1591 4798 hospitum

329 4851 365 4893 ac
387 4833 631 4894 inhabitatorum
654 4833 787 4892 civitatis
809 4839 969 4908 prenotate
993 4834 1209 4908 percepissent,
1232 4831 1430 4890 honorabiles
1454 4831 1515 4888 viri
1538 4829 1591 4888 do·

330 4942 405 5000 mini
428 4940 613 5016 prepositus,
635 4945 742 4998 cantor
779 4945 809 4997 et
842 4939 940 4998 lector
975 4954 1011 4997 ac
1033 4940 1127 4997 ceteri
1162 4937 1279 4996 domini
1311 4937 1457 4995 videlicet
1490 4937 1590 4995 archi·
