3804 5858
665 588 738 646 Dec.
756 597 829 664 372.
855 622 890 632 -—
918 589 973 646 An.
998 600 1090 666 1494.
1376 606 1509 701 Q
1531 659 1532 662 ,

243 805 382 862 interiori
409 802 624 878 capitulariter
646 804 848 876 congregatis,
873 808 994 862 matura
1017 802 1254 877 deliberacione,
1278 817 1415 877 sanoque
1438 817 1509 862 con·

193 909 202 922 '
244 909 324 980 silio,
348 909 507 967 communi
533 909 674 966 omnium
696 913 770 967 voto
801 915 908 967 contra
934 909 1117 982 magistrum
1141 909 1313 968 Fabianum
1336 909 1375 967 de
1396 908 1511 968 Zenthe

243 1015 422 1072 canonicum
458 1014 586 1072 ecclesie
613 1015 821 1088 zagrabiensis
851 1016 974 1074 racione
1008 1031 1191 1074 excessuum
1225 1023 1255 1074 et
1290 1014 1509 1072 scandalorum

242 1134 381 1192 suorum,
398 1120 588 1179 sufficienter
623 1121 777 1179 monitum
811 1127 842 1179 et
878 1120 1037 1179 emendari
1070 1136 1132 1179 non
1167 1128 1335 1187 curantem.
1359 1121 1508 1179 sententia

242 1227 444 1299 pronunciata
467 1232 514 1283 est
539 1226 632 1284 modo
664 1226 863 1300 infrascripto
871 1247 879 1298 ;
902 1227 1119 1301 uniusquidem
1150 1227 1302 1286 sentencie
1326 1226 1507 1300 pronuncia·

241 1331 316 1388 tioni
340 1337 370 1388 et
393 1330 593 1390 declarationi
606 1331 810 1391 interfuerunt
834 1333 878 1391 hii
901 1332 1019 1391 domini
1044 1331 1245 1408 infrascripti,
1268 1332 1429 1390 videlicet:
1452 1329 1507 1390 Mi·

240 1436 329 1494 chael
362 1439 538 1512 prepositus
562 1436 671 1514 major,
703 1439 811 1498 Petrus
845 1440 952 1508 lector,
989 1439 1129 1498 Andreas
1154 1438 1352 1497 decretorum
1390 1437 1507 1508 doctor,

240 1529 474 1602 archidiaconus
504 1543 701 1616 kathedralis,
730 1546 862 1604 Mathias
892 1545 1075 1618 dubicensis,
1111 1545 1269 1624 Johannes
1291 1542 1506 1614 kamarcensis,

239 1648 395 1730 Johannes
425 1652 601 1724 goricensis‚
634 1652 753 1710 Blasius
785 1653 980 1712 decretorum
1004 1652 1112 1713 doctor
1134 1652 1174 1710 de
1198 1650 1332 1710 Kemlelr
1353 1649 1507 1708 archidia-
1563 1729 1566 1736 Ι

239 1769 342 1826 conus,
373 1755 543 1830 Gregorius
572 1759 676 1830 Bexin,
710 1759 842 1817 vicarius
872 1761 903 1816 in
936 1759 1162 1834 spiritualibus,
1187 1759 1341 1841 Johannes
1364 1756 1505 1828 Warasd,

222 1860 319 1918 ‘alter
341 1861 496 1943 Johannes
520 1871 630 1936 custos,
667 1864 834 1938 dignitarii;
871 1867 945 1924 item
970 1866 1108 1923 canonici
1131 1864 1309 1938 simplices:
1332 1863 1446 1920 Paulus
1467 1861 1506 1920 de

238 1965 339 2038 Zytec,
375 1969 473 2027 Lucas
507 1970 545 2028 de
580 1970 733 2042 Dombro,
771 1971 881 2030 Gallus
917 1971 956 2030 de
991 1971 1149 2046 Zepnicza,
1173 1969 1286 2027 Paulus
1309 1968 1348 2027 de
1371 1964 1505 2040 Roycha,

238 2071 412 2146 Stephanus
436 2075 474 2132 de
505 2075 612 2144 Crisio,
637 2078 717 2136 alter
740 2077 913 2151 Stephanus
936 2078 974 2136 de
997 2077 1195 2148 Hrazthocza,
1220 2076 1338 2132 Maleus
1359 2074 1505 2144 notarius,

239 2179 378 2238 Andreas
402 2184 567 2255 organista,
591 2185 707 2261 Paulus
727 2185 766 2242 de
789 2185 914 2243 civitate
937 2190 966 2242 et
990 2184 1172 2242 Benedictus
1196 2181 1235 2239 de
1257 2181 1430 2238 Petrovina.

343 2286 438 2345 Cuius
471 2291 625 2347 sentencie
658 2297 746 2348 tenor
769 2291 839 2349 talis
868 2291 980 2350 estin
1002 2285 1128 2348 nomine
1151 2287 1276 2346 domini.
1302 2289 1412 2344 Amen.
1435 2285 1501 2344 Nos

237 2391 411 2464 capitulum
442 2395 571 2452 ecclesie
602 2397 810 2468 zagrabiensis
843 2413 900 2471 per
923 2397 1002 2454 hanc
1024 2403 1162 2454 nostram
1185 2393 1374 2452 sentenciam
1399 2391 1503 2450 decre·

236 2497 340 2556 vimus
364 2506 394 2557 et
417 2483 621 2574 declaramus,
646 2503 720 2576 quia
743 2504 891 2576 magister
913 2503 1067 2560 Fabianus
1084 2502 1121 2559 de
1146 2501 1265 2558 Zenche
1281 2497 1502 2558 concanonicus

235 2610 347 2676 noster,
371 2605 411 2663 ad
442 2608 619 2681 sepissimas
650 2609 838 2668 moniciones
860 2615 981 2668 nostras
1003 2626 1022 2666 a
1044 2609 1190 2683 pluribus
1214 2604 1390 2664 retrossuxis
1413 2605 1501 2663 annis

236 2715 265 2768 et
288 2712 483 2785 temporibus
507 2729 525 2770 a
550 2715 709 2773 consorcio
726 2716 886 2774 cuiusdam
910 2716 1051 2774 mulieris
1073 2715 1232 2772 Dorothea
1256 2719 1372 2783 vocate,
1395 2710 1501 2768 relicte

235 2817 383 2876 videlicet
413 2819 546 2878 condam
577 2822 693 2880 Mathie
724 2821 874 2894 Zekirich,
904 2833 970 2879 tarn
1001 2823 1033 2880 in
1056 2822 1121 2879 vita
1153 2819 1290 2877 eiusdem
1315 2817 1419 2874 mariti
1443 2817 1501 2889 sui,

236 2939 332 2996 quam
347 2925 445 2982 eciam
469 2934 540 3000 post
563 2932 697 2986 mortem
720 2943 810 2986 suam
833 2928 989 2986 abstinere
1011 2934 1042 2986 et
1063 2927 1232 2998 retrahere,
1257 2922 1500 2995 scandalumque

235 3030 363 3102 perinde
397 3034 600 3092 commissum
634 3034 800 3093 emendare
830 3049 892 3093 non
921 3034 1043 3092 curavit
1072 3049 1172 3106 neque
1204 3013 1291 3094 curat
1325 3028 1423 3086 eciam
1452 3027 1498 3085 de

234 3137 377 3210 presenti,
402 3139 476 3211 quin
515 3141 622 3213 pocius
656 3156 713 3214 per
747 3140 938 3214 posessiones
973 3145 1095 3198 nostras
1119 3143 1149 3198 et
1181 3134 1309 3204 ecclesie
1339 3139 1444 3190 nostre
1466 3134 1499 3190 in

233 3241 416 3300 scandalum
451 3253 481 3302 et
515 3241 723 3320 vilipendium
758 3247 900 3305 omnium
933 3251 1075 3304 nostrum
1110 3258 1141 3303 et
1164 3243 1262 3301 tocius
1296 3240 1372 3330 cleri
1404 3239 1497 3296 huius

233 3347 362 3419 capituli
385 3351 482 3408 nostri
504 3351 634 3409 eandem
651 3353 776 3426 publice
800 3359 870 3427 post
885 3369 917 3410 se
942 3369 1050 3423 curere
1066 3351 1137 3409 feeit
1160 3359 1190 3409 et
1212 3351 1243 3408 in
1266 3346 1374 3405 itinere
1396 3345 1497 3402 eidem

232 3466 336 3511 comcs
359 3459 389 3512 et
412 3458 571 3516 consocius
595 3473 737 3516 essenon
760 3459 899 3531 erubuit;
915 3458 986 3516 ideo
1010 3473 1066 3516 nos
1090 3459 1159 3532 pari
1182 3458 1341 3518 voluntate
1364 3465 1394 3517 et
1417 3461 1497 3518 votis

232 3561 372 3618 omnium
396 3565 662 3632 concurrentibus,
693 3565 732 3622 ad
764 3579 873 3623 sonum
898 3567 1025 3623 maioris
1048 3579 1198 3639 campane
1221 3565 1433 3638 capitulariter
1464 3566 1496 3623 in

232 3667 370 3726 sacristia
401 3671 589 3744 congregati,
614 3687 650 3730 ea
680 3673 811 3744 racione,
843 3679 966 3730 maturo
996 3671 1126 3730 consilio
1150 3661 1418 3744 superinde'inter
1438 3686 1494 3729 nos

230 3773 395 3843 prehabito
425 3775 477 3847 sic,
509 3783 543 3834 ut
573 3778 771 3851 premittitur,
795 3793 851 3851 per
881 3779 960 3835 hanc
983 3785 1121 3836 nostram
1154 3777 1339 3834 sentenciam
1364 3777 1496 3835 eundem

229 3878 415 3949 magistrum
450 3881 624 3940 Fabianum
659 3882 848 3942 sufficienter
879 3890 942 3940 tam
973 3871 1187 3958 capitulariter
1222 3893 1284 3941 tam
1317 3883 1414 3941 eciam
1439 3898 1496 3956 per

229 3982 401 4055 singulares
432 4001 580 4060 personas
612 3987 746 4046 fraterne
780 3991 935 4046 monitum
957 3995 987 4046 et
1009 3989 1138 4046 minime
1161 3986 1369 4058 emendatum,
1393 4001 1429 4045 eo
1454 3987 1494 4044 ad

229 4087 287 4145 hoc
316 4091 414 4148 nostri
444 4093 475 4150 in
499 4093 637 4152 medinm
660 4096 836 4168 specialiter
867 4102 977 4153 vocato
1001 4101 1031 4152 et
1054 4101 1262 4169 comparente,
1285 4109 1380 4168 seque
1403 4093 1493 4150 nulla

228 4193 350 4252 racione
373 4212 520 4256 excusare
550 4199 674 4258 valente
703 4202 869 4270 ¹consorcio
891 4207 998 4260 nostro
1021 4201 1185 4274 capitulari
1208 4199 1404 4257 decernimus
1428 4213 1494 4256 esse

226 4299 416 4372 privandum
451 4310 481 4361 et
511 4306 674 4378 privamus
696 4308 728 4365 in
751 4309 810 4366 hiis
839 4309 971 4380 scriptis,
996 4307 1093 4365 donec
1115 4316 1144 4365 et
1169 4321 1330 4380 quousque
1346 4305 1385 4362 de
1408 4320 1493 4363 scan-

227 4404 307 4462 dalis
330 4408 394 4464 suis
417 4425 449 4467 se
480 4413 636 4470 curaverit
668 4414 834 4472 emendare
861 4423 890 4472 et
915 4413 1040 4472 tandem
1063 4413 1245 4471 emendatus
1267 4412 1405 4485 graciam
1431 4427 1493 4468 me·

225 4512 323 4570 ruerit
347 4514 495 4576 obtinere.
888 4495 890 4502 Α

330 4618 408 4676 Item
439 4621 522 4680 idern
554 4627 702 4699 magister
736 4628 891 4686 Fabianus
926 4630 967 4686 ab
989 4627 1100 4685 eadem
1130 4625 1285 4684 sentencia
1307 4639 1364 4682 nec
1388 4623 1488 4681 verbo

224 4728 281 4778 11ec
302 4725 419 4797 scripto
442 4730 626 4802 appellavit.

335 5025 414 5076 Liber
432 5027 527 5076 rubeus
544 5043 601 5079 ven.
616 5027 700 5094 Capit.
720 5029 820 5094 zagrab.
841 5031 875 5078 In
892 5031 988 5082 archiv.
1008 5031 1068 5084 incl.
1089 5033 1173 5085 Acad.
1193 5033 1289 5084 Scieut.
1309 5033 1378 5086 Slav.
1399 5035 1488 5086 merid.
