3932 5806
698 564 771 622 Dec.
795 556 865 638 258.
893 594 930 605 -
956 560 1013 619 Arc
1037 553 1129 637 1468.

879 875 961 946 258.

388 1079 468 1128 Auno
491 1077 566 1140 1468,
585 1088 610 1138 9.
628 1075 722 1127 martii.
741 1075 849 1139 Agriae.

281 1258 424 1328 Mothites,
449 1257 627 1332 Hungon'ae
656 1266 703 1317 etc.
726 1277 789 1328 rex,
819 1257 896 1316 cives
917 1261 946 1312 rt
958 1252 1130 1327 jobcgr'ones
1151 1251 1227 1310 civit.
1250 1252 1353 1310 montis
1382 1249 1544 1326 Cretensis,

280 1401 377 1440 eorum
399 1389 603 1457 paupertatem
633 1383 783 1459 mr'serans,
813 1380 848 1438 dc
877 1377 1118 1438 extraordinaria
1147 1383 1223 1434 taxa
1253 1375 1340 1434 medii
1351 1375 1389 1450 fl.
1411 1374 1546 1432 solvenda

860 1502 970 1560 liberat.

385 1703 448 1762 Nos
472 1703 603 1761 Mathias
626 1701 675 1760 dei
698 1702 801 1774 gracia
823 1717 879 1759 rex
903 1699 1070 1774 Hungarie,
1086 1698 1254 1772 Dalmacie,
1271 1695 1398 1755 Croacie
1414 1699 1468 1755 etc.
1484 1695 1546 1753 Me·

279 1811 377 1868 morie
392 1807 647 1868 commendamus
663 1824 719 1882 per
742 1813 908 1880 presentes,
933 1804 1017 1878 quod
1041 1819 1106 1878 nos,
1129 1810 1197 1862 tum
1219 1801 1259 1861 ad
1281 1802 1546 1877 supplicacionem

277 1917 487 1974 nunnulomm
512 1914 655 1972 fidelium
677 1919 856 1971 nostrorum
871 1927 927 1986 per
941 1926 994 1970 eos
1009 1926 1069 1986 pro
1089 1918 1177 1985 parte
1199 1909 1341 1968 fidelium
1365 1913 1544 1967 nostrorum

277 2023 498 2081 universorum
529 2021 653 2090 civium,
684 2019 876 2094 populorum
907 2022 937 2075 et
966 2017 1127 2090 hospitum
1155 2017 1288 2078 civitatis
1311 2020 1417 2074 nostre
1432 2014 1546 2106 montis¹

278 2128 441 2187 Greccnsis
473 2127 511 2185 de
540 2124 627 2202 juxta
650 2123 845 2199 Zagrabiam,
868 2128 973 2180 nostre
996 2131 1163 2197 propterea
1185 2131 1362 2198 porrectam
1384 2122 1545 2193 maiestati,

281 2241 349 2292 tum
372 2233 470 2292 eciam
493 2232 720 2306 compacientes
735 2229 920 2304 paupertati,
937 2228 1126 2288 desolacioni
1149 2235 1179 2288 et
1201 2232 1289 2290 ruine
1312 2230 1450 2290 eiusdem
1467 2231 1542 2290 civi·

281 2341 352 2398 tatis
382 2340 414 2398 in
445 2353 522 2412 quas
553 2339 621 2411 ipsa
651 2337 760 2395 civitas
783 2341 814 2393 et
836 2334 936 2392 incole
960 2334 1283 2410 eiusdem-potissime
1305 2339 1365 2397 hiis
1389 2313 1545 2412 preteritis

282 2446 476 2520 temporibus
510 2451 639 2518 propter
671 2442 800 2516 plagam
830 2439 1011 2515 'pestiferam
1041 2442 1073 2500 in
1102 2443 1220 2502 incolas
1250 2445 1412 2518 utriusque
1450 2459 1542 2503 sexus

202 2599 205 2606 .
282 2557 421 2609 secutam
452 2548 585 2621 devenit,
616 2547 747 2607 eandem
776 2547 932 2605 civitatem
964 2547 1072 2605 sedet
1095 2549 1187 2621 cives,
1211 2551 1347 2623 populos
1374 2555 1404 2608 et
1427 2550 1545 2608 incolas

281 2656 420 2715 eiusdem
442 2672 461 2715 a
484 2655 642 2714 solucione
665 2659 736 2712 taxe
752 2669 806 2712 seu
832 2653 1072 2712 contribucionis
1095 2655 1192 2713 medii
1214 2655 1330 2728 florem,
1347 2671 1407 2742 que
1422 2656 1545 2714 racione

280 2762 513 2836 prorogacionis
535 2760 643 2838 judicii
663 2761 816 2834 generalis
832 2760 864 2818 in
886 2775 982 2834 regno
1004 2767 1112 2819 nostro
1134 2759 1297 2820 Sclauonie
1320 2768 1351 2820 et
1372 2762 1453 2820 inter
1467 2761 1546 2819 alias

280 2868 421 2927 civitates
452 2869 550 2927 eciam
573 2866 613 2925 ad
637 2865 753 2924 dictam
777 2867 937 2926 civitatem
958 2869 1097 2925 nostram
1119 2868 1235 2927 montis
1257 2867 1419 2928 Grecensis
1440 2873 1471 2927 et
1500 2869 1545 2926 in-

279 2975 363 3032 colas
393 2975 533 3033 eiusdem
562 2974 710 3047 imposita
739 2972 840 3044 fuerit,
870 2974 1009 3048 graciose
1039 2975 1220 3048 exemimus,
1251 2975 1489 3034 exoneravimus
1511 2980 1542 3033 et

279 3081 544 3154 supportavimus,
567 3080 666 3138 immo
689 3079 864 3152 eximimus,
886 3095 1091 3138 exoneramus
1113 3086 1144 3139 et
1166 3085 1390 3155 supportamus
1420 3096 1544 3155 presen-

280 3187 363 3244 cium
393 3202 450 3260 per
480 3182 629 3257 vigorem.
662 3185 842 3245 Mandantes
875 3186 966 3244 vobis
995 3185 1143 3244 fidelibus
1164 3189 1278 3246 nostris
1301 3188 1492 3246 dicatoribus
1515 3193 1545 3245 et

280 3291 497 3350 executoribus
527 3290 707 3349 huiusmodi
738 3292 833 3349 medii
855 3290 963 3350 floreni
986 3292 1018 3350 in
1042 3295 1190 3351 comitatu
1214 3295 1407 3368 zagrabiensi
1433 3295 1544 3352 consti·

279 3398 361 3462 tutis,
385 3397 497 3455 harum
519 3397 597 3454 serie
614 3396 803 3472 firmissime,
821 3403 972 3470 quatenus
988 3398 1102 3456 amodo
1126 3399 1272 3474 deinceps
1298 3399 1437 3474 prefatos
1452 3401 1544 3470 ciueS,

280 3503 415 3577 populos
446 3509 474 3560 et
506 3502 624 3561 incolas
654 3502 735 3562 dicte
758 3504 892 3562 civitatis
915 3503 955 3561 ad
977 3503 1161 3562 solvendam
1183 3504 1297 3563 dictam
1321 3511 1427 3563 taxam
1449 3503 1544 3563 medii

281 3607 388 3668 floreni
404 3615 506 3668 artare
521 3617 551 3667 et
567 3609 758 3682 compellere
773 3610 826 3668 vel
849 3608 974 3668 eosdem
997 3611 1120 3669 racione
1143 3626 1205 3670 non
1220 3611 1388 3669 solucionis
1404 3610 1543 3669 euisdem

279 3717 311 3774 in
335 3716 484 3791 personis,
515 3716 769 3789 possessionibus,
793 3731 910 3774 necnon
934 3716 1027 3775 rebus
1050 3724 1080 3775 et
1104 3718 1193 3775 bonis
1216 3719 1358 3792 ipsorum
1382 3717 1543 3791 impedire,

279 3803 446 3882 molestare
474 3837 528 3881 seu
560 3821 784 3896 dampnificare
811 3839 966 3898 nusquam
996 3829 1026 3882 et
1054 3839 1252 3898 nequaquam
1276 3824 1463 3899 presumatis
1485 3840 1542 3882 nec

280 3930 347 3988 sitis
377 3929 444 3988 ausi
475 3928 570 3987 modo
600 3929 731 4002 aliquali
754 3929 857 4002 gracie
880 3937 985 3988 nostre
1007 3930 1066 3987 sub
1089 3931 1228 3989 obtentu.
1250 3929 1448 3990 Presentibus
1475 3945 1545 4004 per·

280 4037 376 4110 lectis,
407 4037 565 4094 exhibenti
595 4036 752 4094 restitutis.
784 4038 899 4095 Datum
930 4037 1032 4110 Agrie,
1064 4037 1140 4095 feria
1171 4040 1266 4097 tercia
1296 4039 1440 4113 proxima
1474 4042 1544 4111 post

279 4141 467 4200 dominicam
498 4142 664 4200 Invocavit.
695 4145 785 4200 Anno
816 4142 934 4200 domini
958 4142 1128 4201 millesimo
1152 4144 1459 4218 quadringentesimo
1482 4143 1543 4200 Lx.

279 4253 398 4305 octavo.
423 4247 521 4320 Regni
542 4248 640 4305 nostri
662 4263 742 4306 anno
765 4247 938 4321 undecimo,
961 4249 1173 4308 coronacionis
1198 4266 1272 4308 vero
1296 4257 1415 4324 quartu.

818 4404 859 4451 Ad
879 4402 1035 4454 relacionem
1053 4405 1152 4454 domini
1171 4405 1287 4469 episcopi
1306 4405 1488 4469 zagrabiensis.

384 4593 519 4658 Originale
534 4595 562 4644 in
581 4595 676 4646 charta.
704 4597 736 4645 In
755 4597 870 4660 margine
896 4597 1012 4647 inferiori
1039 4598 1193 4662 impressum
1211 4605 1250 4647 est
1269 4597 1383 4662 sigillum
1401 4598 1491 4650 maius.
1509 4599 1542 4648 In
1607 4592 1611 4602 '

278 4682 392 4734 archivio
407 4681 454 4734 lib.
473 4697 525 4748 reg.
544 4683 593 4736 civ.
611 4684 711 4749 zagrab.
