3930 5802
744 570 816 626 Doc.
842 563 911 629 161.
937 601 976 610 -
1002 567 1059 626 An.
1084 577 1172 642 1452.

346 782 455 844 Signum

348 872 451 924 notarii.

425 983 463 1040 Et
486 995 544 1053 ego
566 979 732 1062 Johannes,
748 979 905 1038 Dominici
921 979 1113 1040 Wenczeslai
1130 980 1168 1039 de
1183 978 1437 1062 Jalrozerdahely,
1457 977 1589 1036 clericus

320 1087 529 1162 zagrabiensis
563 1086 694 1144 diocesis
719 1091 749 1144 et
772 1086 918 1160 publicus
940 1101 1027 1145 sacra
1050 1087 1207 1162 imperiali
1230 1087 1412 1145 auctoritate
1441 1083 1588 1154 notarius,

321 1196 394 1268 quia
428 1193 588 1268 premissis
619 1191 761 1265 sessioni,
796 1192 961 1251 donacioni
994 1198 1024 1251 et
1057 1179 1351 1267 recipiadmissioni,
1386 1191 1519 1264 aliisque
1560 1193 1590 1247 et

321 1301 452 1374 singulis
475 1299 635 1373 premissis
659 1297 735 1356 dum
758 1299 802 1356 sic
825 1297 934 1356 fierent
957 1305 987 1357 et
1010 1305 1174 1373 agerentur
1203 1314 1336 1356 unacum
1367 1296 1590 1372 prenominatis

321 1407 452 1464 testibus
485 1405 619 1477 interfui,
655 1420 752 1478 eaque
787 1406 892 1463 omnia
926 1411 956 1464 et
990 1406 1111 1480 singula
1145 1407 1189 1464 sic
1222 1405 1292 1464 fieri
1327 1405 1393 1463 vidi
1422 1409 1451 1462 et
1474 1402 1589 1474 audivi,

321 1511 454 1585 ideoque
477 1512 538 1570 hoc
561 1526 687 1586 presens
710 1510 875 1585 publicum
898 1512 1140 1571 instrumentum
1163 1511 1274 1571 exinde
1297 1509 1423 1583 conieci,
1439 1511 1590 1585 signoque

323 1623 352 1676 et
381 1619 507 1678 nomine
541 1619 619 1676 meis
652 1618 751 1676 solitis
775 1622 805 1675 et
835 1618 989 1677 consvetis
1014 1619 1195 1692 consignavi
1217 1623 1344 1692 rogatus
1364 1622 1394 1676 et
1416 1615 1590 1690 requisitus

272 1799 276 1807 .
322 1725 354 1782 in
375 1723 471 1782 fidem
495 1729 525 1782 et
547 1725 760 1783 testimonium
782 1725 923 1782 omniurn
946 1730 976 1783 et
998 1725 1194 1798 singulorum
1218 1724 1451 1798 premissorum.

428 1880 561 1944 Originale
579 1881 606 1929 in
624 1879 779 1933 membrana.
797 1881 830 1928 Iu
847 1879 961 1930 archivio
979 1881 1040 1933 hon.
1060 1879 1164 1945 collegii
1185 1880 1272 1932 Praeb.
1292 1880 1394 1945 engrab.

923 2133 1003 2202 161.

432 2307 513 2357 Anno
534 2319 609 2374 1452,
631 2321 645 2357 2
674 2308 804 2362 februarii.
823 2309 971 2373 anrabiae.

330 2432 435 2492 Coram
471 2434 597 2506 Urbano,
630 2436 725 2494 villico
755 2436 814 2494 vici
842 2435 1023 2508 Latinorum,
1058 2433 1167 2496 Ursulo
1189 2437 1305 2494 domina
1328 2443 1358 2493 et
1385 2434 1496 2504 Givan,
1518 2433 1592 2492 cives

323 2541 448 2600 ce'w'tote's
469 2542 572 2599 montis
601 2541 760 2612 Grecensis,
785 2543 920 2601 Andreae
942 2545 1076 2602 canonio)
1092 2552 1199 2602 terrem
1214 2561 1299 2602 suam
1315 2541 1453 2601 arabilem
1468 2541 1594 2616 quinque

794 2649 865 2724 ster.
890 2651 962 2710 auri
982 2651 1117 2712 vendunt.

429 2793 492 2852 Nos
516 2794 661 2853 Vrbanus
684 2789 818 2867 villicus,
841 2792 941 2870 jurati,
964 2797 1120 2871 ceterique
1143 2796 1226 2855 cives
1257 2799 1287 2854 et
1317 2794 1456 2868 hospites
1487 2791 1590 2850 libere
1624 2831 1629 2841 .

325 2901 403 2959 ville
438 2901 500 2959 vici
533 2901 715 2960 Latinorum
751 2900 788 2960 de
823 2901 983 2974 Zagrabia.
1008 2903 1170 2972 (Memorie
1194 2899 1450 2960 commendamus
1473 2884 1591 2976 tenore)

325 3008 520 3082 presencium
543 3007 888 3081 significantesquibus
911 3008 1036 3082 expedit
1059 3009 1228 3068 universis:
1260 3007 1343 3082 quod
1374 3004 1507 3081 provida
1538 3003 1592 3062 do·

324 3115 409 3172 mina
432 3113 548 3172 Vrsula
579 3117 689 3172 vocata
713 3105 845 3193 (relicta)
872 3157 1158 3174 ..........
1182 3120 1212 3173 et
1235 3115 1336 3173 Givan
1359 3113 1435 3171 civis
1458 3111 1592 3170 civitatis

327 3221 442 3278 montis
465 3218 636 3292 Grecensis,
660 3221 700 3278 ab
723 3235 785 3278 una
808 3224 904 3294 parte,
929 3227 1017 3295 parte
1040 3236 1115 3280 vero
1138 3222 1179 3279 ab
1203 3221 1301 3279 altera
1326 3218 1514 3278 venerabilis
1538 3216 1592 3275 do-

325 3327 428 3384 minus
451 3317 616 3404 (Andreas)
640 3326 876 3384 archidiaconus
907 3326 1115 3386 kamarcensis
1146 3333 1177 3386 et
1207 3328 1371 3385 canonicus
1394 3324 1522 3383 ecclesie
1545 3339 1592 3381 za·

325 3433 498 3505 grabiensis
521 3448 626 3492 coram
649 3433 740 3492 nobis
771 3433 976 3508 personaliter
1007 3433 1180 3491 constitutis
1204 3477 1394 3491 .......
1417 3429 1592 3489 contessum

324 3539 425 3598 extitit
440 3539 566 3596 oraculo
579 3539 651 3598 vive
673 3541 759 3598 vocis
782 3555 835 3598 sue
860 3541 890 3598 in
910 3541 992 3599 hunc
1015 3539 1159 3598 modurn:
1183 3538 1341 3612 quomodo
1357 3539 1424 3612 ipsa
1440 3535 1592 3611 quasdam

324 3651 421 3704 terras
444 3661 514 3704 suas
538 3638 697 3724 (arabiles)
717 3646 750 3706 in
772 3646 928 3705 territorio
951 3651 1056 3705 nostro
1077 3647 1240 3704 existentes
1264 3649 1293 3702 et
1309 3645 1438 3715 habitas,
1455 3643 1592 3717 quinque

325 3751 423 3810 dietas
446 3757 527 3810 terre
550 3752 679 3812 arabilis
702 3753 733 3811 in
757 3769 789 3810 se
813 3753 1009 3825 continentes,
1034 3751 1296 3827 quarumquidem
1326 3744 1494 3830 (terrarum
1516 3749 1592 3806 vici·

323 3861 416 3917 natur
437 3874 455 3916 a
479 3851 712 3936 septemtrione)
736 3903 897 3917 ......
921 3874 939 3916 a
961 3864 1049 3935 parte
1072 3873 1148 3916 vero
1171 3857 1313 3917 orientali
1344 3863 1427 3917 terra
1462 3854 1591 3913 arabilis

323 3964 511 4024 venerabilis
535 3965 595 4023 viri
617 3964 736 4023 domini
763 3965 826 4022 Viti
850 3966 1001 4038 prepositi
1024 3965 1097 4023 dicti
1121 3963 1250 4037 Boshka,
1275 3979 1292 4021 a
1316 3967 1404 4036 parte
1426 3977 1501 4020 vero
1526 3975 1591 4018 me·

323 4069 468 4128 ridionali
490 4077 572 4129 terra
594 4071 723 4129 arabilis
746 4071 869 4129 discreti
892 4071 952 4130 viri
975 4071 1093 4129 domini
1108 4071 1264 4128 Dominici
1289 4067 1496 4144 prebendarii,
1518 4082 1589 4141 pre·

324 4177 474 4248 bendalis,
514 4192 531 4234 a
563 4181 653 4252 parte
683 4193 758 4235 vero
792 4177 974 4235 occidentali
1008 4177 1120 4234 fluvius
1155 4175 1398 4248 Bwkowschyalr
1431 4179 1461 4232 et
1494 4187 1593 4246 usque

325 4283 479 4340 fossatum
502 4299 535 4342 se
557 4283 783 4358 protendentes,
818 4299 890 4342 cum
912 4284 1058 4342 omnibus
1082 4283 1263 4342 earumdem
1286 4283 1421 4356 quinque
1437 4281 1591 4340 dietarum

324 4394 406 4447 terre
440 4391 569 4448 arabilis
604 4391 791 4448 utilitatibus
826 4395 856 4449 et
890 4391 1087 4464 pertinenciis
1121 4391 1273 4448 universis
1308 4389 1409 4448 eidem
1440 4387 1591 4460 magistro

325 4495 455 4568 Andree,
480 4503 533 4554 aut
556 4495 606 4554 illi
629 4495 681 4554 vel
704 4497 777 4569 illis,
802 4498 850 4554 cui
873 4497 925 4554 vel
949 4497 1063 4570 quibus
1092 4497 1159 4570 ipse
1189 4498 1221 4554 in
1251 4497 1316 4554 vita
1346 4495 1398 4554 vel
1429 4495 1460 4552 in
1492 4499 1592 4552 morte

324 4602 452 4675 dederit,
476 4603 639 4661 donaverit
663 4603 713 4660 vel
736 4603 888 4675 legaverit
912 4603 964 4661 vel
1000 4603 1184 4674 vendiderit,
1221 4619 1280 4676 pro
1310 4603 1446 4676 quinque
1468 4599 1591 4658 florenis

278 4731 286 4746 ·
323 4709 391 4767 auri
414 4708 515 4783 plene,
538 4713 573 4768 ut
597 4709 683 4780 dixit,
707 4709 747 4766 ab
772 4708 881 4766 eodem
904 4709 1037 4782 receptis
1060 4717 1089 4767 et
1117 4709 1240 4781 habitis,
1274 4707 1472 4779 vendidisset,
1496 4705 1591 4764 tradi·

324 4815 420 4873 disset
443 4819 473 4874 et
494 4815 687 4887 assignasset,
712 4815 810 4874 immo
833 4814 983 4888 vendidit,
1000 4815 1126 4874 tradidit
1149 4820 1179 4872 et
1202 4815 1370 4888 assignavit
1387 4829 1443 4888 per
1458 4811 1591 4871 eundern

323 4929 376 4980 aut
407 4922 499 4980 illum
534 4923 586 4980 vel
619 4923 700 4994 illos,
734 4923 783 4980 cui
815 4923 867 4980 vel
902 4922 1024 4996 quibus,
1048 4923 1127 4980 sicut
1150 4920 1314 4996 prefertur,
1335 4921 1366 4979 in
1389 4921 1454 4979 vita
1485 4921 1536 4978 vel
1560 4921 1591 4978 in

323 5033 425 5087 morte
448 5029 619 5095 donaverit.
642 5028 795 5103 legaverit
818 5034 871 5087 aut
895 5027 1077 5102 vendiderit,
1098 5027 1166 5106 jure
1196 5034 1347 5103 perpetuo
1378 5031 1408 5086 et
1437 5027 1591 5086 irrevoca-
