3948 5804
735 547 1141 625 Mffi-Mmd
1506 563 1562 612 m

307 766 463 827 dicacione
485 773 516 826 et
537 766 695 826 solucione
711 765 792 824 dicte
814 768 885 824 ta‘xe
900 763 1073 838 imperialis
1090 763 1258 822 maiestatis
1279 761 1464 834 absentasse,
1487 777 1570 820 rece·

306 874 424 952 pissent
440 874 501 933 soli
523 873 704 932 auctoritate
728 871 845 932 domini
863 870 946 929 Petri
961 871 1103 946 preventi
1118 869 1199 929 etad
1215 885 1306 928 usum
1330 884 1421 927 suum
1443 883 1571 926 conver·

307 980 421 1040 tissent
444 979 545 1054 Super
568 979 681 1054 quibus
703 979 849 1036 omnibus
873 977 1041 1051 premissis,
1065 977 1125 1052 ipsi
1149 977 1231 1036 cives
1255 976 1416 1050 pecierunt
1438 990 1494 1050 per
1514 987 1570 1031 nos

306 1085 473 1162 superinde
496 1085 555 1146 sibi
579 1085 647 1144 dari
670 1085 790 1143 litteras
824 1089 953 1154 nostras,
988 1099 1066 1158 quas
1102 1081 1219 1142 eisdem
1256 1081 1463 1142 concessimus
1486 1093 1570 1138 com·

306 1193 394 1252 muni
416 1190 538 1268 justicia
559 1191 722 1252 mediante.
745 1191 862 1250 Datum
892 1189 968 1250 feria
1003 1189 1137 1250 secunda
1167 1191 1312 1266 proxima
1345 1193 1417 1262 post
1456 1187 1570 1246 festum

306 1297 395 1358 beate
418 1297 607 1358 Scholastice
630 1298 761 1370 virginis
783 1303 814 1356 et
836 1297 981 1356 martiris.
1016 1297 1106 1356 Anno
1140 1295 1259 1358 domini
1289 1293 1460 1354 millesimo
1496 1308 1571 1367 qua-

305 1403 546 1478 dringentesimo
569 1404 726 1464 tricesimo
748 1410 842 1464 sexto.

412 1537 545 1603 Originaie
563 1540 591 1590 in
609 1539 698 1592 charta
715 1545 754 1590 sat
767 1555 879 1592 exesum.
897 1541 983 1606 Tergo
995 1539 1148 1606 impressum
1161 1545 1201 1592 est
1214 1539 1336 1605 sigilium.
1354 1540 1387 1590 Iu
1399 1536 1494 1590 archiv.
1509 1536 1569 1592 inci.

306 1629 391 1681 Aoed.
410 1629 505 1681 Sciens.
519 1627 617 1681 slavor.
637 1629 727 1680 merid.

910 1840 971 1910 95.

413 1929 495 1980 Anno
516 1930 590 1994 1436.

371 2054 507 2136 an'uriae
528 2076 548 2116 α
570 2057 696 2137 capitulo
719 2053 840 2132 sagrab.
864 2057 971 2116 cibibus
993 2056 1182 2116 Grecensibus
1203 2058 1313 2130 illatae,
1335 2058 1511 2130 reseruntur.

411 2202 497 2275 item,
520 2203 552 2260 in
574 2216 655 2260 anno
679 2201 797 2260 domini
820 2201 990 2260 millesimo
1013 2201 1260 2276 ccccxxxvi,
1282 2207 1424 2277 tempore
1445 2201 1572 2262 secundi

306 2307 458 2388 judicatus
481 2308 595 2384 prefati
617 2309 699 2368 Petri
721 2305 840 2384 judicis,
863 2305 982 2382 Symon
1001 2307 1146 2367 officialis
1169 2325 1222 2368 seu
1247 2307 1339 2368 iudex
1355 2307 1486 2384 capituli
1501 2324 1571 2383 pre·

307 2416 381 2475 dicti
404 2431 476 2474 cum
499 2413 708 2474 familiaribus
729 2415 793 2472 suis
814 2431 852 2473 ex
875 2415 1094 2474 commissione
1117 2421 1148 2473 et
1170 2415 1333 2474 uoluntate
1356 2414 1486 2490 capituli
1501 2429 1571 2488 pre·

306 2521 410 2594 notati,
434 2520 604 2596 quemdam
626 2521 728 2580 civem
751 2521 884 2580 civitatis
907 2521 1046 2596 predicte
1067 2522 1192 2581 nomine
1215 2523 1384 2580 Martinam
1407 2522 1570 2593 cultorem,

306 2627 425 2688 dictum
448 2626 564 2700 Chucir,
588 2629 619 2686 in
642 2626 763 2686 koucha
786 2641 842 2686 sua
872 2629 954 2686 circa
977 2628 1102 2687 vineam
1124 2629 1223 2702 ipsius
1252 2629 1351 2687 noctis
1381 2629 1413 2686 in
1443 2627 1571 2686 silencio
1649 2651 1652 2656 ·

249 2711 252 2716 ¹
305 2735 470 2807 existentis,
493 2735 638 2793 manibus
662 2739 692 2792 et
715 2735 842 2793 armatis
865 2741 895 2792 et
916 2735 1115 2809 potenciariis
1145 2733 1329 2806 invadendo,
1360 2733 1436 2792 diris
1467 2739 1497 2791 et
1527 2733 1571 2792 le-

305 2841 443 2900 thalibus
466 2841 634 2900 verberum
654 2855 690 2898 ac
705 2841 874 2899 vulnerum
890 2841 993 2916 plagis
1009 2841 1120 2914 affecit,
1137 2841 1278 2916 potencia
1295 2839 1459 2913 mediante,
1475 2839 1570 2898 nullis

305 2948 405 3023 culpis
440 2948 503 3006 suis
538 2947 744 3022 exigentibus,
775 2947 879 3021 ipsum
912 2949 1101 3008 semivivum
1137 2945 1351 3023 relinquendo.
1375 2946 1443 3006 Lite
1467 2951 1571 3005 tamen

305 3053 385 3112 inter
407 3055 491 3112 cives
514 3059 544 3112 et
567 3053 741 3128 capitulum
764 3054 924 3130 pendente.

411 3177 497 3250 item,
519 3178 714 3236 honorabilis
739 3179 787 3236 vir
809 3179 953 3238 dominus
976 3179 1132 3254 Georgius
1148 3180 1189 3240 de
1205 3179 1390 3252 Marowcha,
1407 3179 1571 3238 canonicus

305 3284 433 3342 ecclesie
455 3283 669 3358 zagrabiensis,
692 3299 772 3342 anno
795 3285 940 3344 similiter
961 3289 1105 3361 presenti,
1130 3288 1211 3346 circa
1234 3286 1349 3346 festum
1378 3285 1571 3345 invencionis

304 3393 407 3448 sancte
430 3389 548 3463 Crucis,
564 3405 645 3448 nunc
668 3391 812 3464 proxime
832 3393 1024 3466 preteritum,
1048 3409 1146 3452 unum
1176 3409 1292 3468 equum
1315 3392 1477 3452 cuiusdam
1499 3406 1571 3450 con·

305 3497 382 3555 civis
416 3495 515 3555 nostri
549 3495 670 3555 Nicoiai
705 3497 737 3555 in
766 3497 889 3572 pascuis
922 3504 1091 3574 repertum,
1124 3499 1164 3558 ad
1187 3516 1220 3558 se
1243 3500 1360 3574 recepit
1382 3505 1412 3558 et
1434 3500 1515 3558 circa
1537 3514 1570 3556 se

304 3602 411 3662 tandiu
435 3603 539 3675 tenuit,
561 3617 660 3676 usque
683 3619 777 3678 super
800 3619 873 3662 eum
896 3603 1067 3664 familiares
1089 3621 1162 3665 suos
1183 3607 1328 3681 proprios
1352 3607 1423 3664 hinc
1446 3611 1476 3664 et
1499 3603 1570 3664 inde

304 3723 362 3782 pro
385 3708 475 3767 factis
498 3714 529 3766 et
550 3710 730 3769 necessariis
753 3711 819 3769 suis
842 3711 1033 3785 destinando,
1049 3713 1243 3772 voluntatem
1260 3729 1350 3772 suam
1365 3712 1568 3788 adimplevit;

302 3833 360 3874 nec
374 3815 517 3882 ,eundem
539 3816 631 3876 nobis
654 3823 708 3875 aut
730 3818 790 3892 ipsi
814 3819 935 3878 conciri
957 3824 1064 3904 nostro
1087 3820 1206 3895 pluries
1229 3820 1400 3896 postulanti
1415 3835 1513 3894 usque
1529 3817 1569 3877 ad

304 3922 519 3996 explecionem
543 3938 598 3980 sue
622 3923 790 3982 voluntatis
812 3924 943 3983 reddere
965 3926 1089 4000 penitus
1112 3927 1240 3998 curavit,
1263 3927 1295 3984 in
1310 3925 1518 4002 preiudicium
1539 3931 1570 3984 et

304 4027 476 4104 dampnum
500 4027 575 4088 dicti
598 4029 734 4088 concivis
753 4032 859 4104 nostri,
874 4037 1114 4108 nostrorumque
1137 4032 1269 4092 dedecus
1292 4033 1384 4094 vaide
1407 4034 1525 4107 ingens.

407 4153 486 4211 item
509 4158 677 4228 postrem0,
701 4153 775 4214 dicti
798 4155 918 4214 domini
941 4155 979 4214 de
1002 4157 1141 4231 capitulo
1164 4173 1221 4234 per
1242 4163 1343 4216 certos
1366 4157 1517 4216 officiales
1539 4162 1570 4218 et

302 4257 444 4316 homines
479 4259 622 4332 ipsorum
656 4260 688 4318 in
722 4261 802 4320 turri
836 4260 957 4336 prefata
991 4262 1072 4320 circa
1102 4261 1216 4322 festum
1238 4264 1328 4322 beate
1351 4266 1439 4322 Anne
1461 4265 1569 4322 matris

301 4364 432 4438 virginis
454 4363 623 4437 benedicte,
651 4367 759 4442 plures
781 4373 811 4426 et
834 4368 1080 4427 innumerabiles
1103 4370 1244 4428 homines
1278 4369 1408 4429 detineri
1441 4375 1471 4428 et
1502 4370 1569 4428 vin·

303 4469 381 4528 culis
403 4470 575 4544 mancipari
598 4470 734 4532 iecerunt
758 4473 789 4531 in
812 4473 1023 4548 preludicium
1046 4479 1076 4534 et
1106 4475 1381 4550 villipendenciam
1415 4475 1569 4535 libertatis

302 4581 332 4634 et
352 4574 578 4652 jurisdiccionis
602 4578 736 4636 civitatis
758 4584 925 4654 prenotate.
1196 4567 1200 4574 ¹

406 4731 596 4782 Documentum
615 4731 871 4786 censentiendum
890 4733 1062 4788 archimen.
1082 4735 1167 4801 Capit.
1187 4735 1287 4800 aagrab.
1307 4736 1370 4788 Act.
1399 4735 1484 4802 Capit.
1512 4741 1563 4788 aut.

301 4819 364 4872 fasc.
387 4829 427 4872 10.
446 4835 484 4868 nr.
506 4818 545 4871 16.
