3948 5804
392 569 453 630 126
813 570 886 628 Doc.
909 583 979 632 roo.
1011 601 1041 611 -
1069 569 1124 628 An.
1150 567 1242 649 1436.

388 782 420 841 in
443 782 582 842 eiusdem
610 783 731 844 comitis
765 783 918 844 Leonardi
951 784 1166 859 preiudicium‚
1202 802 1313 845 verum
1346 771 1458 845 eciam
1482 785 1513 844 in
1546 775 1651 844 nostre

387 890 557 950 maiestatis
580 889 814 965 displicenciam
837 890 918 950 cedit
941 891 1077 951 multum
1092 871 1218 966 grande,
1242 892 1280 951 de
1303 893 1412 967 quoin
1438 893 1567 951 veritate
1583 907 1653 967 pes·

387 997 472 1056 sime
487 1001 607 1076 stamus
628 997 762 1056 contenti
785 1002 815 1055 et
837 998 928 1056 vobis
950 1015 1007 1056 nec
1029 999 1187 1058 immerito
1217 1000 1359 1073 cogimur
1389 1015 1461 1073 egre
1496 997 1586 1070 ferre,
1613 1013 1652 1056 ex

387 1117 424 1162 eo
446 1103 616 1178 potissime,
639 1109 675 1162 ut
696 1119 761 1176 vos,
786 1104 841 1177 qui
863 1118 951 1162 more
972 1105 1013 1163 ab
1044 1105 1122 1164 olim
1154 1106 1329 1179 observato,
1359 1104 1540 1165 huiusmodi
1569 1104 1653 1163 vice·

385 1204 625 1269 tricesimatores
639 1215 850 1285 proventuum
865 1209 982 1268 scilicet
998 1216 1177 1270 nostrorum
1200 1211 1384 1271 collectores
1406 1217 1499 1285 atque
1522 1225 1650 1285 percep·

385 1321 476 1385 tores,
499 1314 615 1374 nedum
637 1317 741 1374 taliter
763 1317 843 1375 sicut
866 1318 1101 1392 presumpsistis
1124 1320 1270 1392 persequi
1292 1323 1322 1378 et
1340 1319 1515 1391 molestare,
1538 1332 1651 1375 verum

386 1423 495 1499 pocius
518 1421 702 1482 debuissetis
725 1424 823 1482 eciam
846 1423 887 1482 ab
910 1423 981 1482 aliis
1004 1424 1168 1498 quibusvis
1192 1425 1423 1499 impetitoribus
1446 1429 1512 1482 toto
1543 1428 1648 1482 vestro

386 1544 478 1604 posse
501 1527 669 1589 defensare.
693 1529 783 1590 Unde
805 1528 950 1588 fidelitati
965 1529 1067 1589 vestre
1089 1530 1268 1589 firmissime
1292 1535 1323 1589 et
1344 1529 1546 1589 seriosissime
1562 1545 1648 1588 man·

385 1634 493 1694 dantes
516 1636 714 1710 precipimus,
738 1641 889 1710 quatenus
911 1637 1017 1694 statim
1040 1636 1147 1709 agnita
1168 1636 1364 1711 presencium
1387 1635 1510 1707 noiicia,
1539 1649 1648 1693 omnes

385 1745 415 1800 ct
446 1740 602 1816 quaslibet
634 1741 815 1801 huiusmodi
847 1758 896 1800 res
928 1742 960 1801 in
991 1756 1188 1817 quocumque
1222 1743 1398 1813 consistant,
1427 1757 1486 1816 per
1517 1756 1582 1812 vos,
1612 1755 1648 1798 ac

384 1853 560 1922 pretactum
578 1848 710 1907 Paulum
725 1847 921 1922 provisorem
945 1849 1030 1908 curie
1052 1849 1240 1924 episcopalis
1262 1848 1422 1920 antedicte,
1444 1848 1486 1906 de
1509 1851 1647 1922 pretacta

384 1954 470 2012 curia
494 1959 524 2011 et
546 1952 640 2012 domo
663 1959 769 2012 nostra
792 1953 973 2017 tricesimaii
993 1959 1141 2029 receptas,
1154 1968 1215 2028 que
1230 1955 1290 2012 sub
1314 1959 1417 2013 vestra
1439 1959 1591 2029 potestate
1610 1969 1646 2011 ac

383 2059 480 2118 vestri
502 2059 535 2118 in
557 2059 661 2118 medio
678 2060 812 2119 existunt
836 2060 989 2119 amalore
1009 2077 1107 2134 usque
1123 2059 1164 2119 ad
1187 2061 1361 2132 minimam,
1383 2062 1529 2136 pretactis
1545 2059 1646 2118 homi·

380 2167 474 2226 nibus
496 2175 527 2226 et
550 2165 759 2226 familiaribus
782 2167 919 2226 annotati
942 2167 1065 2226 comitis
1089 2167 1250 2240 Leonardi,
1273 2168 1386 2225 harum
1409 2172 1520 2241 utputa
1542 2171 1645 2224 osten·

380 2273 513 2345 soribus,
536 2273 674 2348 plenarie
698 2279 784 2331 etex
806 2275 926 2348 integro
949 2272 1079 2332 reddere
1102 2279 1132 2332 et
1154 2274 1324 2344 restituere,
1348 2273 1386 2331 de
1420 2278 1583 2345 ceteroque
1615 2277 1645 2328 et

380 2395 438 2454 per
468 2379 605 2454 amplius
639 2380 715 2454 ipsis
750 2379 929 2438 hominibus
964 2385 994 2438 et
1027 2379 1373 2438 vicetricesimatoribus
1408 2379 1490 2474 dicti·
1515 2378 1639 2440 comitis

380 2484 542 2558 Leonardi,
565 2501 622 2559 per
644 2485 777 2544 eundem
799 2485 877 2544 inibi
898 2486 1072 2544 constitutis
1087 2501 1142 2544 seu
1165 2483 1393 2557 constituendis,
1424 2483 1465 2542 ad
1488 2497 1636 2557 quorum·

380 2607 513 2664 cumque
555 2592 737 2652 instanciam
779 2592 904 2650 nullum
944 2591 1206 2666 impedimentum
1244 2591 1428 2666 nullamque
1465 2589 1643 2650 molestiam

378 2695 492 2756 inlerre
515 2713 569 2754 seu
591 2693 739 2770 irrogare,
752 2698 837 2772 ⁴quin
860 2698 968 2772 pocius
991 2697 1118 2755 eosdem
1140 2698 1181 2754 ab
1204 2696 1274 2754 aliis
1290 2696 1436 2754 omnibus
1458 2699 1488 2754 et
1510 2693 1642 2768 singulis

377 2803 551 2876 illegitimis
584 2803 832 2877 impetitoribus,
867 2818 954 2862 more
988 2804 1066 2862 alias
1101 2807 1256 2876 consueto,
1291 2809 1464 2876 protegere,
1498 2801 1578 2860 tueri
1612 2804 1642 2859 et

378 2908 537 2968 defensare
560 2925 596 2968 ac
626 2909 667 2968 ad
690 2909 907 2985 percipiendos
943 2917 1113 2985 proventus
1143 2915 1266 2968 nostros
1295 2908 1425 2982 regales,
1447 2908 1524 2982 ipsis
1555 2907 1640 2965 favo·

376 3015 464 3074 ribus
487 3021 517 3073 et
539 3015 666 3074 auxiliis
687 3016 799 3075 vestris
833 3015 942 3076 adesse
972 3023 1002 3074 et
1024 3017 1167 3074 assistere
1197 3014 1300 3074 modis
1323 3015 1469 3073 omnibus
1492 3013 1640 3084 debeatis,

376 3137 463 3181 secus
493 3122 553 3180 sub
583 3137 663 3197 pena
693 3123 832 3197 capitum
862 3129 1039 3181 vestrorum
1070 3121 1170 3180 lacere
1201 3135 1263 3180 non
1296 3121 1411 3180 ausuri.
1441 3119 1639 3178 Presentibus

376 3228 530 3304 perlectis,
546 3229 573 3286 si
588 3243 674 3287 secus
689 3227 831 3301 feceritis,
848 3228 933 3303 quod
948 3229 1038 3300 absit,
1050 3228 1208 3288 exhibenti
1230 3228 1387 3286 restitutis.
1410 3227 1527 3285 Datum
1555 3223 1639 3283 Bude

375 3333 453 3393 ieria
483 3336 590 3409 quinta
621 3335 765 3409 proxima
789 3341 860 3394 ante
890 3335 1005 3393 testum
1035 3335 1234 3393 exaltacionis
1269 3338 1372 3392 sancte
1402 3332 1519 3391 Crucis.
1550 3334 1639 3391 Anno

375 3440 494 3500 domini
514 3439 739 3529 Mcqccxxx
761 3447 858 3502 sexto.
887 3441 1066 3516 Regnorum
1088 3447 1266 3500 nostrorum
1296 3455 1376 3500 anno
1400 3439 1558 3512 Hungarie
1581 3442 1638 3497 etc.

374 3547 408 3608 1.
435 3546 649 3606 Romanorum
671 3547 782 3608 XXVI.
804 3547 951 3606 Bohemie
973 3548 1068 3606 XVll.
1091 3548 1220 3622 Imperii
1242 3563 1316 3606 vero
1340 3553 1459 3623 quarto.

479 3684 612 3748 originale
623 3685 652 3735 in
664 3684 759 3744 charta,
771 3685 799 3735 in
811 3685 926 3750 margine
937 3685 1052 3736 interiori
1065 3685 1218 3751 impressum
1230 3691 1270 3736 est
1282 3684 1397 3751 sigillum
1409 3683 1500 3738 maim.
1519 3684 1553 3732 In
1565 3681 1634 3734 arch.

373 3771 420 3824 lib.
439 3789 493 3838 reg.
513 3773 560 3825 civ.
579 3771 680 3837 zagnb.

962 3949 1050 4021 100.

479 4075 561 4125 Auno
582 4074 657 4138 1436,
678 4086 719 4136 29.
738 4075 900 4141 septembris.

479 4189 568 4244 Anno
595 4187 686 4262 1436.
707 4188 743 4246 ln
764 4187 844 4246 festo
867 4189 951 4246 beati
974 4187 1133 4246 Michaelis
1167 4188 1353 4262 archangeli.
1387 4187 1633 4260 Concambiales,

372 4293 405 4351 vi
428 4306 563 4366 quarum
585 4295 732 4367 magister
755 4293 888 4353 Michael
911 4293 1057 4369 lapicida,
1078 4293 1162 4352 tilius
1185 4291 1343 4368 Stephani,
1366 4295 1443 4353 olim
1464 4309 1561 4368 aeque
1584 4295 1629 4352 la·

371 4397 483 4473 picida,
507 4397 637 4458 domum
660 4415 747 4458 suam
771 4404 929 4458 muratam
947 4401 979 4458 in
1002 4400 1126 4458 civitate
1153 4400 1346 4473 zagrabiensi
1377 4416 1469 4474 penes
1501 4399 1633 4458 fundum

371 4503 517 4564 ecclesiae
548 4506 579 4564 b.
610 4506 739 4580 virginis
762 4506 948 4566 Catharinae
971 4507 1162 4580 existentem,
1186 4505 1263 4564 duas
1286 4508 1386 4565 curias
1409 4507 1544 4580 integras
1567 4505 1633 4564 elfi-

370 4611 510 4686 cientem,
546 4627 617 4670 cum
652 4611 797 4670 omnibus
831 4613 1024 4687 pertinentiis
1059 4613 1091 4670 in
1126 4613 1304 4671 Mathaeum
1338 4617 1499 4684 sartorem,
1529 4611 1632 4670 filium

368 4715 526 4792 Stephani,
549 4717 708 4776 concivem
731 4718 972 4792 zagrabiensem,
996 4734 1055 4793 pro
1078 4718 1140 4777 alia
1164 4718 1258 4776 domo
1289 4718 1429 4777 eiusdem
1460 4719 1492 4776 in
1522 4717 1632 4776 eadem

369 4824 493 4882 civitate
527 4823 643 4897 habita,
674 4837 770 4882 unam
800 4831 945 4898 quartam
967 4830 998 4883 et
1017 4830 1162 4883 octavam
1185 4826 1288 4884 curiae
1311 4824 1496 4884 efficientem
1519 4839 1555 4882 ac
1577 4824 1632 4882 tri·

368 4930 453 5004 ginta
478 4930 615 5006 quinque
638 4912 760 4990 tloren‘rs
782 4930 851 4989 auri
873 4931 945 5006 puri
975 4929 1042 5008 jure
1065 4931 1225 5008 perennali
1249 4931 1395 4990 transfert
1425 4945 1531 4990 coram
1565 4945 1632 4988 ma·

367 5037 499 5110 gistratu
521 5037 591 5111 loci,
614 5038 794 5097 celebratae.
