3804 5858
654 547 726 604 Doc.
744 561 817 622 331.
844 579 881 591 -
908 549 963 610 An.
987 544 1079 625 1482.
1425 567 1483 626 421

226 777 282 820 nos
305 761 425 820 facturi.
455 763 653 822 Presentibus
685 761 837 836 perlectis
874 764 1031 822 exhibenti
1062 765 1218 824 restitutis.
1253 766 1370 824 Datum
1405 767 1490 825 Bude

229 869 362 927 sabbato
385 870 531 943 proximo
554 875 624 928 ante
648 869 836 926 dominicam
859 869 1154 944 Ramispalmarum.
1178 873 1268 930 Anno
1285 871 1403 931 domini
1421 873 1491 930 mil-

226 975 338 1033 lesimo
362 975 666 1048 quadringentesimo
689 976 897 1048 octuagesimo
928 975 1072 1034 secundo.
1104 976 1282 1048 Regnorum
1313 983 1491 1037 nostrorum

228 1095 308 1139 anno
332 1081 491 1154 Hungarie
514 1087 569 1139 etc.
594 1082 745 1154 vigesimo
771 1081 887 1154 quinto,
910 1080 1058 1139 Bohemie
1082 1096 1156 1140 vero
1179 1081 1355 1141 tredecimo.

626 1199 672 1248 Ad
690 1199 843 1248 relacionem
862 1199 962 1249 Thome
981 1200 1013 1248 de
1031 1198 1144 1252 Erdewd
1164 1201 1288 1266 prepositi
1306 1201 1457 1254 Titulensis.

336 1339 470 1404 Originale
487 1341 514 1389 in
533 1340 628 1390 charta.
648 1342 680 1389 In
699 1341 813 1405 margine
831 1341 947 1390 inferiori
965 1342 1118 1407 impressum
1137 1348 1176 1392 est
1195 1342 1309 1407 sigillum
1335 1345 1368 1392 In
1380 1343 1494 1393 archivio

229 1427 274 1478 lib.
295 1444 346 1492 reg.
365 1429 435 1480 civit.
454 1429 554 1492 zagrab.

827 1677 907 1743 331.

338 1835 418 1884 Anno
440 1836 513 1897 1482,
537 1847 563 1884 11
594 1835 667 1900 Julii.
687 1837 802 1887 Posonii.

236 1979 381 2048 iliathias,
413 1980 592 2052 Hungarr'ne
621 1988 670 2042 etc.
695 2000 757 2050 rex,
788 1981 890 2040 Blasio
912 1982 1041 2058 Magjar
1062 1983 1136 2041 bano
1158 2000 1193 2040 ac
1214 1983 1372 2040 Baltasari
1392 1983 1495 2042 Bactm

235 2093 264 2143 ct
285 2085 374 2142 Petro
404 2083 519 2160 Boc'kaj
546 2086 686 2144 nobilibus
719 2087 869 2158 interdicit,
899 2105 935 2145 ne
964 2107 984 2142 a
1013 2089 1122 2147 civibus
1140 2090 1258 2163 zagrab.
1282 2089 1419 2147 miamin
1434 2097 1495 2163 pro

641 2209 732 2250 merce
745 2200 863 2268 petant,
884 2212 954 2252 neve
975 2196 1103 2269 exigant.

937 2335 1091 2385 Commissio
1110 2336 1214 2400 propria
1231 2335 1329 2385 domini
1348 2335 1424 2400 regis.

341 2443 471 2501 llathias
495 2443 544 2502 dei
558 2445 660 2517 gracia
676 2461 731 2504 rex
751 2446 917 2520 Hungarie,
940 2446 1087 2506 Bohemie
1110 2452 1165 2507 etc.
1188 2445 1288 2505 Fideli
1310 2450 1416 2504 nostro
1432 2461 1498 2504 ma·

235 2549 348 2621 gnifico
372 2547 473 2607 Blasio
496 2550 633 2622 Magyar‚
649 2566 816 2623 regnorum
828 2556 1005 2610 nostrorum
1029 2553 1197 2624 Dalmacie,
1221 2551 1348 2610 Croacie
1369 2557 1399 2610 et
1415 2551 1498 2610 Scla-

235 2656 326 2714 uonie
349 2657 431 2714 bano
460 2662 514 2714 etc.
546 2656 678 2714 salutem
710 2663 740 2714 et
768 2658 914 2730 graciam.
937 2659 982 2716 Ex
1006 2659 1132 2732 querela
1165 2672 1224 2732 pro
1246 2662 1335 2732 parte
1357 2656 1499 2716 fidelium

234 2768 413 2820 nostrorum
446 2761 634 2836 prudentum
665 2767 695 2820 et
718 2765 1014 2838 circumspectorum
1033 2763 1155 2839 judicis,
1177 2762 1360 2840 juratorum,
1383 2769 1500 2822 cetero·

237 2883 369 2940 rumque
393 2869 509 2927 civium
533 2874 563 2926 et
585 2870 760 2928 incolarum
782 2870 915 2928 civitatis
939 2875 1043 2929 nostre
1067 2871 1181 2929 montis
1204 2869 1374 2940 (itacensis,
1405 2869 1500 2928 maie·

237 2971 309 3031 stati
331 2979 435 3031 nostre
452 2980 593 3046 porrecta
608 2974 828 3046 intelleximus,
846 2975 930 3049 quod
947 2977 1091 3050 quamvis
1114 2976 1174 3050 ipsi
1198 2976 1324 3049 antiqua
1346 2975 1500 3033 libertatis

238 3094 346 3138 eorum
369 3080 568 3153 prerogativa
583 3081 760 3154 requirente
776 3080 830 3138 sed
853 3086 883 3138 et
897 3087 1004 3139 nostro
1019 3096 1055 3138 ac
1077 3080 1271 3156 prelatorum
1294 3085 1324 3138 et
1339 3081 1501 3153 baronum,

239 3191 474 3259 ceterorumque
501 3187 588 3260 regni
612 3188 709 3245 nostri
724 3185 863 3264 judicum
886 3188 1123 3260 ordinariorum,
1147 3188 1178 3246 in
1201 3187 1319 3245 octavis
1342 3185 1412 3245 festi
1431 3186 1503 3260 Epi·

240 3292 427 3365 phaniarum
460 3291 578 3350 domini
602 3293 745 3366 proxime
768 3294 907 3366 preteriti
929 3293 1090 3352 iudiciaria
1113 3293 1341 3352 deliberacione
1362 3290 1500 3364 idipsum

242 3397 440 3471 approbante
479 3403 509 3454 et
548 3397 758 3470 confirmante,
782 3399 823 3456 ab
859 3401 944 3457 omni
978 3399 1135 3458 solucione
1169 3398 1332 3456 tributaria
1367 3397 1501 3456 ubilibet

240 3519 297 3578 per
320 3519 451 3576 regnum
474 3478 616 3562 nostrum
638 3503 802 3563 Sclauonie
822 3506 944 3578 penitus
968 3511 997 3564 et
1020 3521 1078 3580 per
1100 3505 1205 3563 omnia
1227 3503 1367 3578 exempti
1389 3503 1449 3560 sint
1472 3507 1502 3561 et

240 3611 416 3683 supportati
431 3610 612 3681 habeantur,
627 3615 733 3674 tamen
745 3611 888 3670 nonnulli
909 3610 1010 3669 iurent
1032 3617 1097 3668 tam
1120 3609 1302 3668 officialium
1326 3613 1505 3667 nostrorum

242 3731 337 3789 quam
361 3717 460 3774 eciam
484 3716 618 3774 aliorum
642 3717 796 3775 nobilium
820 3721 850 3776 et
872 3718 1035 3776 hominum
1051 3717 1349 3791 possessionatorum
1372 3713 1502 3772 indicto

241 3837 336 3895 regno
359 3828 465 3880 nostro
489 3822 606 3880 tributa
628 3823 815 3880 habencium
837 3829 868 3880 et
892 3824 1066 3881 tenencium
1090 3829 1120 3880 et
1142 3826 1284 3881 notanter
1306 3821 1379 3879 bani
1402 3819 1500 3877 nostri

242 3927 406 3986 Sclauonie
429 3929 460 3986 in
484 3927 602 4001 oppido
618 3932 725 3986 nostro
747 3929 893 4001 crisiensi‚
915 3944 1034 3988 necnon
1050 3927 1212 3987 balthasar
1234 3927 1273 3984 de
1296 3925 1435 3998 Bathyan
1458 3939 1505 3983 ca·

243 4036 383 4108 pitaneus
415 4035 508 4092 castri
538 4035 635 4092 nostri
670 4033 790 4091 Medwe
813 4039 844 4092 et
865 4035 975 4093 Petrus
998 4033 1151 4106 Bochlray,
1175 4034 1229 4107 qui
1252 4031 1378 4090 eosdem
1401 4035 1508 4088 contra

241 4139 420 4198 huiusmodi
450 4141 591 4213 ipsorum
621 4139 799 4199 libertatem
833 4141 949 4214 ubique
984 4141 1015 4199 in
1035 4140 1112 4198 locis
1139 4140 1329 4198 tributorum
1362 4142 1428 4194 tam
1453 4151 1507 4193 no-

243 4251 380 4303 strorum
404 4262 499 4319 quam
514 4261 644 4304 suorum
660 4245 699 4304 ad
715 4247 914 4305 tributariam
937 4247 1129 4304 solucionem
1152 4245 1357 4318 astringerent
1374 4247 1403 4300 et
1419 4241 1508 4315 gravi

242 4350 355 4428 injuria
386 4352 611 4424 compellerent
641 4353 674 4410 in
704 4352 912 4426 preiudicium
934 4351 1116 4411 eorumdem
1139 4351 1254 4409 civium
1277 4353 1456 4408 nostrorum
1480 4351 1509 4405 et

243 4457 432 4530 derogamen
462 4464 492 4515 et
524 4459 757 4532 oppressionem
782 4458 932 4532 premisse
955 4457 1108 4516 libertatis
1131 4457 1274 4531 ipsorum
1296 4452 1506 4512 manifestum.

243 4563 481 4637 Supplicacione
504 4565 598 4636 igitur
614 4564 807 4638 prefatorum
822 4562 933 4640 judicis
956 4570 986 4622 et
1009 4565 1126 4621 civium
1137 4567 1316 4620 nostrorum
1339 4558 1508 4629 intellecta,

244 4685 315 4727 curn
339 4686 396 4727 nos
419 4670 503 4743 ipsos
526 4671 557 4728 in
574 4685 682 4728 eorum
698 4670 833 4743 antiquis
857 4668 979 4744 juribus
1002 4675 1032 4727 et
1054 4668 1252 4728 libertatibus
1275 4681 1333 4740 per
1354 4663 1509 4722 neminem

244 4777 364 4833 turbari
388 4767 588 4850 effimpediri
612 4777 755 4850 velimus
771 4775 956 4834 mandamus
972 4781 1138 4850 propterea
1161 4772 1305 4830 fidelitati
1328 4777 1379 4828 tue
1394 4771 1507 4827 harum

246 4882 325 4938 serie
348 4881 489 4952 firmiter,
523 4891 673 4955 quatenus
696 4882 810 4939 habitis
835 4881 1029 4955 presentibus
1052 4879 1165 4937 amodo
1188 4877 1333 4950 deinceps
1354 4889 1455 4947 neque
1478 4879 1512 4929 tu

245 5003 263 5046 a
299 4986 429 5063 prelatis
460 4985 571 5064 judice,
608 4988 730 5046 civibus
754 4993 785 5046 et
807 4988 917 5046 incolis
948 4987 1029 5045 dicte
1063 4984 1197 5044 civitatis
1230 4988 1335 5041 nostre
1358 4979 1512 5038 tributum
