3930 5802
381 525 439 598 198

802 523 875 579 Dec.
899 535 966 599 [42.
995 553 1029 563 -
1060 522 1115 578 An.
1140 533 1227 598 1447.

381 737 566 795 auctoritate
589 741 694 796 nostra
723 737 888 808 ordinaria,
924 752 985 809 qua
1020 735 1188 809 fungimur,
1220 737 1317 794 eciam
1352 738 1379 794 si
1408 751 1531 796 necesse
1551 734 1640 805 foret,

378 842 480 902 denuo
502 849 533 900 et
555 859 635 900 nove
664 848 768 900 nostre
791 843 996 900 concessionis
1019 843 1110 900 titulo
1134 842 1172 900 de
1195 845 1299 915 gracia
1322 843 1452 916 speciali
1476 841 1585 899 damus
1610 848 1640 898 ct

377 949 574 1008 concedimus
609 949 856 1007 irrevocabiliter
879 948 917 1006 de
940 949 1069 1021 singulis
1091 964 1199 1006 eorum
1222 950 1312 1006 bonis
1334 949 1400 1006 sive
1423 949 1460 1005 de
1485 947 1642 1006 beneficiis

377 1055 559 1114 eorumdem
582 1057 648 1113 sive
671 1056 740 1114 aliis
762 1055 983 1128 qualicumque
1013 1053 1108 1110 modo
1134 1055 1294 1128 acquisitis
1316 1059 1346 1112 et
1378 1055 1502 1125 habitis,
1532 1055 1638 1127 eisque

378 1170 541 1221 eteorum
564 1165 692 1222 cuilibet
714 1179 731 1220 a
756 1163 814 1220 deo
836 1163 958 1220 collatis
981 1141 1322 1235 mobilibusvidelicet
1353 1171 1383 1218 et
1422 1161 1641 1219 immobilibus

378 1270 409 1326 in
435 1270 499 1326 vita
522 1271 639 1343 pariter
672 1269 756 1326 etin
780 1273 881 1325 morte
905 1275 969 1325 tam
993 1283 1011 1324 a
1033 1266 1102 1343 jure
1124 1283 1219 1340 quam
1243 1271 1283 1325 ab
1307 1268 1432 1326 homine
1453 1282 1639 1338 concessam,

379 1375 511 1434 testandi
533 1381 563 1432 et
586 1380 803 1433 testamentum
827 1390 880 1432 seu
903 1374 1047 1431 ultimam
1071 1375 1264 1431 voluntatem
1287 1373 1419 1431 faciendi
1443 1379 1472 1431 et
1491 1373 1643 1431 condendi

377 1480 465 1557 juxta
487 1482 629 1555 ipsorum
651 1481 777 1539 libitum
801 1481 969 1538 voluntatis
993 1479 1166 1553 plenariam
1189 1487 1219 1537 et
1242 1479 1454 1538 omnimodam
1482 1481 1643 1554 potestatis

379 1587 574 1658 facultatem
590 1587 729 1660 singulas
751 1588 870 1644 litteras
893 1591 1071 1644 nostrorum
1096 1586 1348 1660 predecessorum
1372 1587 1585 1660 predictorum
1609 1591 1643 1644 et

380 1695 488 1770 quevis
511 1695 572 1752 alia
606 1695 748 1768 ipsorum
781 1693 972 1751 munimenta
1007 1691 1110 1765 quoad
1145 1707 1253 1752 omnes
1275 1702 1305 1750 et
1339 1693 1477 1766 singulas
1497 1694 1639 1767 ipsorum

379 1801 543 1867 clausulas,
567 1800 772 1858 continencias
795 1806 825 1856 et
855 1804 975 1856 tenores
998 1799 1029 1856 in
1051 1799 1111 1856 hiis
1127 1804 1157 1856 et
1173 1813 1267 1872 super
1289 1800 1348 1857 hiis
1372 1799 1642 1872 qualitercumque

380 1907 469 1965 factis
492 1923 638 1981 expresse
662 1912 753 1963 etex
776 1910 859 1962 certa
881 1911 986 1962 nostra
1009 1905 1139 1962 sciencia
1172 1907 1353 1962 innovantes
1388 1906 1419 1962 in
1453 1912 1641 1980 perpetuum

380 2014 532 2072 valituras
566 2011 796 2070 confirmamus.
819 2011 941 2068 Harum
972 2014 1151 2068 nostrarum
1172 2011 1281 2082 vigore
1316 2018 1346 2068 et
1380 2011 1556 2069 testimonio
1593 2010 1642 2068 lit·

380 2127 528 2192 terarum,
567 2118 664 2191 sigilli
685 2118 784 2175 nostri
817 2116 1005 2190 appensione
1028 2116 1255 2174 roboratarum.
1289 2117 1406 2174 Datum
1441 2116 1591 2190 Zagrabie
1611 2117 1643 2174 in

379 2225 501 2300 palacio
523 2231 630 2282 nostro
652 2222 831 2296 episcopali,
856 2221 946 2279 solite
969 2227 1073 2279 nostre
1095 2221 1308 2294 habitacionis,
1324 2223 1356 2280 in
1381 2222 1459 2280 festo
1482 2223 1643 2281 circumci-

380 2331 477 2390 sionis
500 2329 639 2388 Domini.
664 2329 753 2386 Anno
775 2325 914 2384 eiusdem
937 2327 1108 2384 millesimo
1142 2327 1447 2402 quadringentesimo
1470 2328 1644 2402 quadrage·

380 2437 461 2496 simo
483 2443 581 2494 sext0.

486 2590 620 2655 originale
637 2591 665 2641 iu
683 2590 837 2642 membrana.
857 2587 978 2653 Sigillum
996 2587 1081 2652 periit,
1100 2602 1164 2636 zoua
1183 2588 1279 2637 sericea
1298 2588 1409 2638 caerulei
1428 2588 1522 2639 coloris
1540 2589 1643 2656 pendet.

377 2683 410 2731 In
428 2681 497 2733 arch.
515 2695 573 2731 ven
591 2679 678 2745 Capit.
696 2678 797 2744 zagrab.
815 2679 870 2727 Act
897 2693 952 2742 cap.
971 2681 1023 2725 ant.
1043 2676 1104 2726 fasc.
1125 2688 1148 2728 2.
1167 2691 1205 2729 nr.
1225 2687 1249 2738 3.
1275 2675 1386 2726 Farlatti
1401 2677 1467 2730 Illir.
1487 2693 1550 2730 sacr.
1568 2678 1645 2730 Tom.

378 2771 413 2821 V·
432 2787 490 2836 ras·
510 2781 623 2833 473-4.

968 2943 1050 3008 142.

483 3105 564 3154 Auno
586 3116 659 3168 1447,
679 3115 721 3156 20.
740 3104 809 3155 maii.
829 3103 975 3167 Zagrabiae.

384 3233 547 3309 Capimlum
584 3233 771 3307 zagrabicnsc
800 3233 913 3290 litteras
942 3232 1094 3302 Demetrii,
1125 3233 1250 3306 epsicopi
1276 3233 1415 3304 tritienstlr,
1448 3232 1484 3290 de
1512 3249 1568 3290 sua
1604 3233 1647 3290 ad

378 3341 568 3416 ept'scopatum
609 3339 823 3413 zagrabiensem
862 3339 1052 3396 translatione
1087 3339 1186 3398 curr'ae
1223 3356 1362 3396 romanae
1394 3336 1516 3411 massas,
1541 3340 1645 3416 salsas

949 3444 1084 3502 declarat.

484 3589 663 3648 Beatissime
688 3597 776 3663 pater
792 3595 821 3646 et
837 3588 1077 3646 clementissime
1091 3587 1224 3646 domine.
1249 3588 1321 3646 Post
1336 3589 1489 3646 humilem
1505 3595 1644 3648 nostram

379 3695 720 3754 recommendacionem
743 3695 828 3752 omni
850 3695 1034 3752 sinceritatis
1057 3701 1087 3752 et
1115 3693 1292 3753 devocionis
1324 3695 1437 3752 affectu
1468 3694 1509 3752 ad
1539 3696 1645 3755 oscula

379 3803 548 3860 sanctitatis
572 3808 674 3859 vestre
697 3800 814 3876 pedum
839 3801 1010 3871 beatorum,
1033 3801 1094 3875 ipsi
1109 3802 1264 3860 sanctitati
1280 3807 1381 3859 vestre
1396 3801 1558 3860 humiliter
1572 3817 1645 3876 sup·

379 3909 533 3984 plicamus
557 3909 753 3983 presencium
777 3924 832 3984 per
855 3913 1002 3966 tenorem.
1027 3907 1072 3966 Ex
1096 3908 1269 3966 multorum
1291 3909 1446 3967 relacione
1469 3907 1644 3982 didicimus,

380 4013 538 4090 quomodo
572 4014 760 4072 reverendus
794 4016 826 4073 in
861 4015 984 4074 Christo
1018 4021 1107 4089 pater
1130 4015 1274 4074 dominus
1294 4015 1472 4073 Demetrius
1495 4013 1646 4090 Chwpur,

379 4121 517 4179 liniensis
540 4120 668 4178 ecclesie
691 4122 863 4194 episcopus,
886 4136 984 4194 nuper
1009 4135 1065 4192 per
1087 4125 1188 4177 certos
1211 4135 1283 4178 suos
1312 4121 1441 4178 nuncios
1473 4126 1503 4178 et
1534 4136 1647 4196 procu·

379 4237 496 4286 ratores
520 4228 551 4284 in
574 4241 704 4284 romana
727 4227 812 4285 curia
835 4228 866 4285 in
889 4227 1047 4300 presencia
1071 4226 1270 4286 beatitudinis
1293 4231 1395 4284 vestre
1419 4242 1560 4286 necnon
1583 4229 1647 4286 col·

379 4335 461 4408 legio
484 4332 691 4392 cardinalium
715 4333 854 4391 eiusdem
877 4333 1046 4390 sanctitatis
1068 4341 1171 4391 vestre
1193 4335 1225 4391 in
1248 4348 1284 4391 eo
1307 4334 1461 4406 gloriatus
1486 4335 1646 4406 extitisset,

381 4439 465 4514 quod
488 4455 544 4498 nos
569 4439 669 4498 eidem
693 4440 811 4498 litteras
834 4445 955 4497 nostras
970 4455 1065 4514 super
1080 4455 1229 4498 consensu
1245 4447 1275 4498 et
1292 4456 1417 4499 assensu
1435 4441 1649 4498 translacionis

381 4546 418 4604 de
441 4561 496 4604 sua
520 4547 648 4604 ecclesia
672 4546 792 4604 tiniensi
815 4545 854 4604 ad
878 4546 1041 4603 ecclesiam
1063 4547 1295 4618 zagrabiensem
1310 4546 1447 4604 fiendam
1463 4553 1569 4605 nostro
1586 4547 1646 4604 sub

379 4653 484 4726 sigillo
508 4652 706 4711 dedissemus.
730 4649 814 4711 Scire
838 4652 981 4726 dignetur
1004 4651 1162 4710 beatitudo
1186 4660 1288 4711 vestra
1311 4653 1456 4726 gloriosa,
1481 4651 1565 4726 quod
1591 4667 1648 4711 nos

380 4761 439 4819 sub
461 4767 568 4818 nostro
591 4759 697 4833 sigillo
720 4761 831 4819 maiori
853 4761 920 4819 sive
944 4759 1065 4830 minori,
1090 4758 1144 4816 sed
1168 4775 1269 4832 neque
1293 4759 1410 4834 scripto
1435 4758 1489 4816 vel
1512 4757 1594 4817 facto
1609 4758 1649 4817 ad

380 4865 560 4926 huiusmodi
583 4866 821 4924 translacionem
845 4865 981 4924 fiendam
1003 4865 1093 4923 nullo
1115 4870 1257 4940 tempore
1289 4871 1433 4924 nostrum
1464 4879 1648 4922 consensum

381 4974 422 5032 ad
457 4975 568 5032 scitum
600 4980 740 5032 nostrum
777 4973 960 5047 prebuimus
995 4972 1113 5048 pariter
1149 4979 1178 5030 et
1201 4988 1368 5030 assensum.
1403 4971 1490 5030 Etsi
1513 4969 1645 5028 forsitan
