3948 5804
782 553 855 612 Dec.
872 565 926 630 37.
948 587 991 596 -
1014 555 1070 612 Ave
1093 541 1181 633 14'25.
1564 572 1602 633 45

348 769 519 842 grabiensis
543 763 613 848 pro)
636 771 795 842 sexaginta
818 769 941 828 florenis
956 770 988 828 in
1005 769 1145 828 Veneciis
1161 788 1193 828 se
1211 771 1386 830 debitorem
1406 772 1614 830 constituisset

349 875 565 948 principalem,
592 890 651 950 pro
682 874 873 948 quaquidem
905 873 1093 933 llorenorum
1126 892 1249 934 summa
1279 879 1381 950 ipsum
1407 878 1560 935 redimere
1584 885 1615 936 et

348 981 548 1056 indempnem
581 975 736 1061 re(ddere)
770 988 934 1054 recusaret,
969 981 1148 1057 supplicans
1182 984 1293 1042 exinde
1324 1000 1382 1058 pro
1417 985 1613 1042 assecucione

349 1087 447 1145 debiti
470 1088 530 1146 sibi
562 1088 682 1149 iusticie
714 1087 981 1162 complementum
1013 1103 1084 1146 cum
1108 1089 1234 1148 instanti
1260 1091 1442 1148 ministrare.
1478 1090 1515 1147 Et
1539 1089 1613 1163 quia

348 1193 448 1252 dictus
479 1194 612 1251 Michael
646 1193 835 1252 civitatensis
870 1193 989 1268 prefate
1023 1195 1157 1253 civitatis
1189 1197 1347 1268 extiterat,
1386 1195 1456 1254 ideo
1487 1210 1612 1253 causam

348 1299 450 1373 ipsam
472 1299 566 1357 iudici
589 1304 618 1356 et
640 1297 749 1374 juratis
772 1298 900 1358 iamlate
922 1301 1130 1374 zagrabiensis
1153 1302 1296 1373 civitatis,
1321 1302 1390 1374 lege
1417 1302 1557 1376 ipsorum
1583 1305 1613 1358 et

347 1406 434 1478 regni
456 1404 677 1464 consvetudine
707 1405 799 1464 solita
822 1407 1006 1479 requirente,
1039 1406 1237 1477 audiendam,
1269 1406 1475 1465 decidendam
1499 1412 1528 1464 et
1551 1406 1612 1464 fine

347 1511 453 1570 debito
482 1511 709 1570 terminandam
740 1513 889 1570 attencius
907 1513 1071 1571 ‘commisi
1106 1513 1175 1586 Qua
1198 1515 1416 1571 commissione
1439 1513 1528 1584 facta,
1551 1513 1611 1586 ipsi

345 1617 439 1676 iudex
463 1623 493 1675 et
515 1618 607 1676 iurati
630 1618 661 1675 in
685 1633 776 1675 causa
800 1618 1010 1692 procedentes,
1039 1619 1197 1692 quandam
1220 1619 1421 1677 diffinitivam
1445 1634 1504 1694 pro
1528 1617 1611 1676 dicto

346 1721 491 1797 Georgio,
514 1733 545 1782 et
567 1730 674 1783 contra
697 1725 801 1799 ipsum
824 1725 1008 1782 Michaelem
1032 1726 1220 1786 sentenciam
1248 1727 1394 1800 tulerunt,
1417 1741 1435 1783 a
1459 1739 1520 1798 qua
1543 1725 1610 1797 qui·

346 1829 417 1888 d'em
441 1831 595 1889 sentencia
616 1847 672 1905 per
696 1829 853 1904 prefatum
876 1831 1061 1889 Michaelem
1083 1833 1168 1890 iuxta
1192 1831 1447 1890 consvetudinem
1471 1835 1609 1905 pretacte

334 1937 479 1995 'civitatis
509 1936 548 1995 ad
578 1937 714 1996 seniores
749 1936 808 1995 fuit
838 1937 925 1995 illico
959 1937 1163 2011 appellatum.
1200 1937 1391 2012 Quiquidem
1428 1951 1609 2011 processum

345 2058 435 2101 cause
469 2044 648 2102 huiusmodi
683 2042 889 2115 discuciendo,
924 2044 1073 2101 rimantes
1108 2045 1304 2115 sentenciam,
1340 2049 1374 2100 ut
1409 2043 1608 2117 premittitur,

343 2148 449 2219 latam,
472 2149 703 2208 confirmarunt.
727 2151 899 2207 Annotatus
922 2165 998 2208 vero
1023 2150 1164 2222 Michael,
1188 2151 1326 2208 senciens
1349 2165 1382 2206 se
1406 2149 1517 2208 exinde
1539 2163 1608 2220 gra·

333 2239 461 2325 vatum,
485 2253 526 2311 ad
544 2257 643 2314 nostri
665 2257 867 2330 presenciam,
892 2261 925 2313 ut
949 2257 1133 2329 magistrum
1158 2257 1419 2326 thavarnicorum‚
1443 2255 1474 2312 in
1497 2253 1607 2328 appel·

343 2360 472 2418 lacionis
496 2359 660 2434 diffugium
692 2363 831 2421 melioris
861 2362 1042 2420 huiusmodi
1072 2377 1163 2420 cause
1185 2377 1242 2436 pro
1266 2363 1454 2420 discussione
1477 2361 1607 2418 ulterius

343 2467 495 2540 prorupit.
518 2467 657 2526 Tandem
674 2469 792 2526 meritis
805 2484 894 2527 cause
910 2469 1089 2527 huiusmodi
1105 2469 1283 2544 ponderatis
1299 2467 1451 2526 eiusmodi
1466 2467 1603 2542 appella-

342 2572 438 2630 cionis
454 2572 676 2632 discussionem
691 2575 750 2632 sub
767 2575 915 2647 magistro
930 2580 1033 2633 vestro
1057 2576 1318 2646 thavarnicorum‚
1341 2568 1464 2632 racione
1488 2573 1604 2647 previa,

342 2680 557 2738 diffiniendam
581 2681 657 2740 duxi
680 2679 929 2742 commitendam.
953 2683 1014 2756 Qui
1037 2683 1164 2742 demum
1189 2681 1226 2739 de
1251 2683 1425 2756 proborum
1449 2687 1478 2737 et
1501 2679 1606 2754 provi-

341 2787 453 2845 dorum
477 2787 627 2858 virorum,
651 2795 685 2845 ut
706 2789 890 2863 accepimus
904 2789 1042 2860 consilio,
1059 2789 1177 2846 dictum
1194 2787 1418 2862 appellacionis
1441 2785 1605 2858 negocium

331 2891 538 2952 'discuciendo
561 2892 718 2966 diffinivit,
742 2910 778 2952 eo
800 2895 904 2968 modo,
921 2902 955 2953 ut
970 2895 1124 2970 prenotati
1141 2895 1224 2952 cives
1240 2893 1378 2967 capitulo
1401 2890 1600 2965 zagrabiensi,

341 3007 442 3056 vestre
465 2999 635 3058 maiestatis
658 3001 689 3058 in
713 3017 852 3076 persona,
867 3019 923 3075 per
945 3003 1067 3075 singula
1084 3001 1256 3060 enarrando
1272 3000 1385 3058 clarius
1398 2999 1601 3066 deduxerint;

340 3121 398 3180 pro
422 3121 485 3180 quo
508 3107 605 3164 michi
627 3122 689 3165 non
719 3107 843 3166 videtur
876 3107 941 3166 lore
971 3124 1095 3166 necesse
1118 3109 1203 3182 ipsos
1226 3106 1342 3165 iudices
1366 3122 1402 3163 ac
1426 3106 1540 3163 iuratos
1564 3101 1603 3159 ad

339 3219 477 3272 vestram
499 3211 715 3271 celsitudinem
745 3215 787 3272 ob
810 3215 869 3272 hoc
892 3220 1026 3286 vocatos,
1050 3220 1153 3271 vestre
1177 3213 1346 3271 maiestatis
1369 3211 1507 3284 graciam
1531 3209 1602 3266 visi·

339 3323 412 3392 lare,
436 3336 508 3404 cum
534 3323 600 3395 ipse
624 3319 778 3393 Georgius
812 3335 873 3378 non
897 3321 935 3378 sit
957 3321 1094 3378 Venetus
1116 3337 1172 3376 nec
1194 3320 1254 3392 ipsi
1277 3318 1370 3376 iudex
1394 3322 1424 3374 et
1447 3315 1538 3374 iurati
1562 3312 1602 3370 ad

338 3425 480 3500 ipsorum
503 3427 694 3484 Venetorum
718 3427 908 3498 instanciam,
932 3432 966 3484 ut
989 3431 1188 3500 prenarratus
1217 3425 1349 3483 Michael
1372 3423 1524 3498 exposuit,
1547 3419 1602 3477 sed

338 3531 377 3589 ad
410 3546 516 3590 meam
549 3532 749 3590 solummodo
785 3533 1036 3590 commissionem
1070 3547 1161 3590 causa
1180 3531 1217 3594 ,in
1240 3529 1421 3588 huiusmodi
1445 3542 1601 3602 processe·

337 3645 418 3698 runt.
452 3639 556 3712 Quare
590 3638 715 3698 domine
749 3639 992 3712 generosissime,
1021 3643 1123 3696 vestre
1153 3637 1309 3695 serenitati
1344 3636 1419 3693 duxi
1453 3633 1599 3692 obnixius

338 3745 588 3819 supplicandum,
618 3751 768 3818 quatenus
800 3747 867 3819 ipsa
890 3744 1044 3818 sepefatus
1080 3743 1214 3829 iudicem
1238 3749 1268 3800 et
1291 3745 1408 3801 iuratos
1431 3742 1471 3798 ab
1495 3741 1600 3798 huius·

336 3849 423 3908 modi
443 3852 671 3925 comparicione
694 3851 839 3924 dignetur
863 3852 924 3908 mei
959 3851 1070 3908 intuitu
1097 3851 1275 3923 generosius
1312 3857 1506 3922 supportare,
1531 3847 1599 3919 ipsa

337 3970 461 4030 quoque
484 3957 515 4014 in
538 3961 569 4014 et
591 3973 686 4031 super
703 3958 863 4032 premissis
880 3963 1071 4030 pertranseat
1089 3957 1288 4026 incommota,
1313 3956 1386 4028 quia
1402 3955 1478 4028 ipsa,
1494 3960 1600 4010 nostra

336 4059 514 4120 huiusmodi
538 4063 624 4120 iuxta
647 4064 771 4137 scripta,
796 4078 911 4120 necnon
945 4063 1006 4120 mei
1026 4062 1066 4120 ad
1090 4063 1363 4136 complacenciam,
1395 4067 1530 4116 vestram
1555 4060 1600 4116 vi·

335 4168 429 4226 sitare
451 4169 597 4242 graciam,
621 4169 679 4227 hac
704 4171 771 4227 vice
787 4168 990 4239 distulerunt;
1015 4167 1069 4226 sed
1090 4169 1116 4226 si
1140 4167 1291 4225 celsitudo
1316 4173 1419 4223 vestra
1442 4180 1494 4222 eos
1519 4163 1599 4221 iacto

327 4253 376 4332 ¹ab
398 4275 577 4332 huiusmodi
599 4276 698 4333 nollet
722 4276 836 4333 habere
871 4281 1080 4349 supportatos,
1116 4275 1177 4348 ipsi
1199 4274 1336 4346 graciam
1367 4276 1503 4328 vestram
1527 4270 1598 4326 visi-

334 4386 400 4438 tare
422 4385 493 4439 sunt
517 4382 624 4454 parati,
647 4382 750 4440 eidem
772 4382 805 4439 in
826 4383 972 4440 omnibus
1008 4397 1133 4454 semper
1167 4381 1331 4438 humilime
1367 4375 1598 4450 complacendo.

333 4485 451 4544 Datum
473 4487 643 4562 Krappine,
678 4487 754 4546 teria
778 4489 872 4546 tercia
907 4494 977 4546 ante
1000 4487 1176 4544 Katherine.
1217 4489 1306 4544 Anno
1330 4483 1499 4542 millesimo
1523 4497 1597 4555 qua·
1642 4479 1643 4482 ’

334 4591 577 4669 dringentesimo
600 4594 752 4667 vigesimo
772 4595 876 4653 tercio.

437 4783 462 4830 E
481 4787 641 4847 transumpto
668 4782 776 4846 capituli
801 4783 901 4844 zagrnb.
930 4783 962 4830 de
981 4797 1047 4830 anno
1071 4794 1144 4843 1424,
1168 4793 1205 4843 14.
1224 4779 1342 4845 januarii.
1374 4779 1405 4826 In
1433 4777 1527 4827 archiv.
1548 4776 1593 4826 lib.

334 4885 387 4933 reg.
408 4869 476 4920 civit.
497 4870 597 4934 zagrab.
