3736 5826
413 557 431 614 6
854 555 927 612 Dec.
951 549 980 611 ό.
1008 587 1042 598 -
1070 555 1125 611 Αη.
1151 567 1242 632 1402.

410 769 583 841 medietate,
608 771 694 828 iuxta
718 768 902 842 condignam
935 769 1076 842 ipsorum
1108 769 1310 828 dominorum
1338 770 1471 829 fratrum
1502 777 1708 828 nostrorum

410 882 440 935 et
463 876 597 934 aliorum
621 877 794 950 proborum
823 881 852 933 et
882 875 1073 948 ydoneorum
1098 876 1240 934 virorum
1275 877 1513 936 extimacionem
1538 878 1608 946 ille,
1638 875 1703 948 qui

413 985 444 1041 in
468 983 578 1042 eadem
602 982 724 1040 edificia
747 981 933 1052 succederet,
957 987 1027 1038 ante
1050 997 1145 1054 quam
1169 983 1209 1040 ad
1234 983 1302 1056 ipsa
1324 983 1524 1041 habitaturus
1543 984 1705 1048 intraret,

413 1089 588 1162 plenariam
611 1089 802 1146 solucionem
826 1092 856 1143 et
878 1086 1093 1145 omnimodam
1115 1088 1366 1162 satisfactionem,
1389 1091 1478 1147 iuxta
1500 1090 1604 1162 ipsius
1625 1086 1705 1146 edi·

413 1195 535 1251 ficantis
559 1195 588 1251 in
613 1194 677 1255 vita
700 1194 751 1250 vel
776 1195 807 1250 in
831 1198 930 1250 morte
955 1192 1204 1266 disposicionem,
1229 1194 1410 1268 impendere
1434 1199 1602 1265 teneretur,
1633 1207 1700 1250 nos

414 1301 512 1358 eciam
536 1301 637 1373 ipsam
661 1300 892 1372 prerogativam
916 1297 1095 1357 donacionis
1115 1316 1168 1358 seu
1192 1300 1347 1359 libertatis
1371 1302 1416 1359 uti
1432 1301 1637 1358 laudabilem
1666 1307 1702 1357 et

416 1407 577 1464 salubrem
589 1406 799 1479 approbantes
824 1411 854 1462 et
876 1405 1085 1463 ratihabentes
1104 1407 1299 1466 roboramus.
1323 1406 1532 1464 Concedimus
1548 1381 1701 1482 insuper,

412 1508 512 1586 prout
535 1513 694 1584 hucusque
726 1513 805 1568 inter
834 1511 918 1585 ipsos
950 1510 1061 1568 fratres
1084 1516 1205 1569 nostros
1229 1521 1259 1570 et
1282 1513 1424 1586 ipsorum
1447 1513 1547 1570 eciam
1572 1511 1697 1585 prede-

412 1633 548 1676 cessores
582 1617 739 1674 dinoscere
774 1616 868 1674 fuisse
902 1617 1102 1674 laudabiliter
1136 1617 1352 1689 observatum,
1384 1624 1417 1676 ut
1449 1618 1533 1676 infra
1556 1619 1697 1692 triginta

417 1725 482 1782 dies
505 1723 625 1781 iamilia
646 1722 820 1780 decedentis
844 1724 1002 1797 prepositi,
1026 1723 1159 1794 lectoris,
1184 1725 1329 1796 cantoris,
1354 1723 1502 1794 custodis,
1519 1724 1695 1796 archydia-

412 1832 480 1888 coni
514 1833 545 1886 et
579 1829 745 1886 cuiuslibet
777 1829 915 1886 canonici
949 1844 985 1886 ac
1015 1844 1146 1901 persone
1174 1807 1380 1888 ecclesiastice
1417 1831 1565 1889 decuria
1589 1845 1697 1903 quam

412 1935 549 1994 vivendo
583 1935 779 2006 inhabitavit,
812 1950 869 2008 per
900 1935 1079 2008 quempiam
1110 1937 1284 1994 ammoveri
1308 1937 1437 1994 minime
1460 1937 1561 2010 possit
1583 1951 1695 2010 neque

413 2031 533 2112 debea't,
557 2041 719 2114 quinnimo
742 2039 824 2098 infra
848 2035 968 2099 dictum
991 2041 1132 2114 spacium
1155 2040 1277 2099 dierum
1297 2022 1424 2115 triginta
1454 2043 1596 2116 singulas
1627 2043 1692 2100 ob·

413 2148 577 2205 venciones
602 2147 778 2204 evenientes
799 2162 837 2203 ex
859 2147 956 2219 ipsius
980 2145 1131 2204 beneficio
1154 2162 1208 2204 seu
1231 2147 1390 2206 beneficiis
1407 2149 1570 2222 percipere
1586 2148 1693 2224 possit

416 2259 508 2326 atque
542 2253 645 2309 valeat
682 2252 713 2310 in
745 2253 901 2325 integrum
924 2257 954 2310 et
976 2251 1183 2310 diminucione
1208 2253 1328 2326 absque
1348 2255 1442 2312 omni.
1466 2254 1690 2312 promittimus

413 2360 511 2417 eciam
545 2359 650 2416 omnia
679 2359 832 2432 premissa
862 2361 892 2415 et
922 2359 1030 2431 quevis
1053 2360 1279 2432 premissorum
1299 2359 1422 2433 singula
1446 2377 1503 2434 per
1525 2376 1583 2418 nos
1608 2375 1686 2418 con-

412 2479 497 2522 cessa
529 2470 593 2522 toto
627 2468 769 2538 tempore
803 2464 867 2522 vite
900 2469 1004 2522 nostre
1039 2465 1263 2524 inviolabiliter
1296 2466 1464 2524 observare
1499 2465 1682 2524 bonafide.

411 2573 532 2630 Harum
552 2577 730 2630 nostrarum
752 2571 861 2644 vigore
884 2576 914 2629 et
947 2572 1123 2630 testimonio
1155 2571 1339 2630 litterarum.
1373 2572 1491 2630 Datum
1527 2573 1684 2646 Zagrabie

411 2677 553 2752 predicta
587 2678 619 2735 in
653 2676 732 2736 festo
766 2677 851 2736 beati
885 2679 1042 2736 Valentini
1074 2679 1217 2736 martiris.
1253 2679 1340 2736 Anno
1364 2679 1484 2738 domini
1508 2679 1683 2738 millesimo

415 2783 720 2857 quadringentesimo
743 2784 887 2844 secundo.

517 2936 650 3001 Originale
668 2939 696 2988 iu
714 2939 868 2988 membrana.
889 2939 992 2992 Sericea
1010 2953 1074 2986 zona
1093 2937 1204 2986 caerulei
1223 2937 1317 2988 coloris
1341 2938 1438 3003 pendet
1466 2938 1567 3002 absque
1587 2938 1684 3003 sigillo.

412 3028 444 3075 In
462 3026 532 3077 arch.
552 3041 609 3078 ven.
629 3027 713 3092 Capit.
732 3028 833 3092 zagrab.
853 3029 915 3079 Act.
936 3027 1020 3092 Capit.
1038 3033 1090 3075 aut.
1110 3028 1171 3076 fasc.
1192 3040 1215 3078 2.
1235 3027 1281 3075 Nr.
1303 3040 1326 3078 2.

517 3343 598 3393 Auno
620 3357 693 3407 1402,
717 3357 726 3393 1
758 3345 819 3410 maji
848 3345 994 3408 Zagrabiae.

419 3471 612 3529 Contenunitas
642 3473 767 3530 civetates
797 3474 899 3530 montis
936 3471 1086 3530 Grecensis
1116 3492 1151 3530 ne
1184 3470 1291 3532 nobiles
1313 3473 1347 3530 de
1369 3471 1465 3532 Sused
1477 3477 1684 3548 possessiones,

539 3597 614 3652 quere
636 3579 755 3636 Hraido
776 3586 805 3636 et
825 3579 984 3636 Petrovt'na
1008 3587 1156 3649 vocantur,
1180 3579 1237 3636 sibe¹
1256 3589 1415 3650 aemmant,
1439 3589 1560 3638 recusat.

517 3740 581 3798 Nos
605 3741 752 3814 magister
774 3742 937 3824 Johannes,
961 3741 1048 3799 filius
1072 3740 1221 3816 Stephani
1244 3747 1275 3800 et
1306 3742 1415 3800 Petrus
1446 3744 1612 3811 litteratus,
1635 3745 1683 3801 vi·

412 3847 521 3905 cebant
536 3853 566 3905 et
582 3849 712 3906 comites
739 3848 953 3920 zagrahienses
969 3863 1004 3905 ac
1025 3846 1143 3924 judices
1166 3849 1321 3906 nobilium
1343 3847 1482 3906 eiusdem
1506 3851 1681 3908 comitatus.

414 3952 567 4011 Memorie
590 3954 845 4012 commendamus
867 3970 923 4028 per
954 3959 1132 4027 presentes:
1154 3955 1237 4028 quod
1269 3955 1433 4038 Johannes,
1465 3955 1552 4014 filius
1583 3957 1682 4027 Pauli,

414 4057 509 4136 judex
533 4061 666 4118 civitatis
683 4061 796 4118 montis
813 4059 974 4118 Grecensis
990 4059 1028 4118 de
1044 4060 1195 4133 Zagrabia
1210 4076 1266 4118 sua
1282 4066 1312 4119 et
1327 4062 1547 4120 universorum
1564 4063 1682 4121 civium

414 4165 452 4223 de
477 4165 586 4224 eadem
609 4167 640 4224 in
663 4167 803 4240 personis
833 4173 971 4224 nostram
1002 4168 1207 4240 personaliter
1237 4167 1391 4226 veniendo
1421 4169 1452 4225 in
1486 4169 1682 4241 presenciam

412 4288 469 4346 per
492 4271 622 4330 modum
648 4273 882 4347 protestacionis
915 4273 1006 4330 nobis
1028 4272 1202 4346 significare
1225 4275 1347 4332 curavit
1369 4274 1400 4332 in
1424 4274 1505 4331 hunc
1528 4273 1679 4334 modum:

412 4377 496 4452 quod
520 4377 668 4450 magister
691 4377 846 4448 Nicolaus,
870 4377 954 4436 filius
978 4378 1106 4448 Nicolai,
1129 4378 1203 4437 dicti
1226 4379 1329 4437 Touth
1360 4380 1399 4438 de
1428 4379 1624 4438 Zumzeduar
1648 4387 1680 4438 et

411 4484 585 4556 Ladislaus,
609 4483 692 4541 filius
714 4483 861 4555 eiusdem,
885 4499 1002 4542 necnon
1026 4483 1199 4558 Stephanus
1223 4490 1253 4542 et
1275 4485 1430 4566 Johannes
1462 4485 1522 4542 filii
1545 4485 1682 4544 condam

413 4589 555 4662 magistri
578 4590 739 4646 Laurencii
762 4590 906 4646 similiter
929 4589 967 4646 de
990 4591 1093 4649 Touth
1110 4591 1148 4649 de
1164 4591 1282 4663 eadem,
1299 4591 1452 4664 quasdam
1468 4593 1681 4666 possessiones

413 4711 522 4754 eorum
544 4695 727 4768 Petrouyna,
752 4695 891 4752 Hrascha
914 4701 944 4752 et
966 4695 1186 4769 Sylyakouyna
1208 4702 1342 4770 vocatas,
1374 4697 1450 4771 ipsis
1472 4714 1530 4771 per
1560 4699 1683 4772 regiam

412 4802 607 4861 maiestatem
630 4817 688 4875 pro
711 4801 858 4858 fidelibus
875 4816 983 4859 eorum
1000 4803 1138 4861 serviciis
1150 4803 1280 4860 collatas
1303 4819 1362 4877 pro
1381 4817 1417 4862 'se
1443 4805 1519 4878 ipsis
1542 4803 1683 4862 indebite

411 4913 611 4981 occupassent
635 4913 664 4965 et
685 4909 843 4982 occupatis
866 4913 1025 4966 uterentur
1046 4908 1085 4966 de
1108 4909 1243 4982 presenti
1266 4909 1297 4966 in
1321 4924 1429 4967 eorum
1453 4907 1530 4984 juris
1542 4910 1681 4984 preiudi—

412 5017 495 5074 cium
512 5014 646 5072 multum
663 5015 777 5086 ingens.
795 5013 883 5072 Unde
900 5013 980 5072 lacta
992 5015 1170 5073 huiusmodi
1186 5015 1411 5088 protestacione
1426 5014 1510 5072 idem
1522 5015 1681 5099 Johannes
