3828 5822
386 540 459 616 :386
800 540 875 598 Dor.
899 552 971 616 309.
995 573 1036 584 -
1061 531 1233 615 Aa1478.

397 771 493 829 quam
515 754 755 812 deffendendum
779 760 811 814 et
834 755 1068 813 custodiendam
1084 754 1148 812 sine
1168 753 1358 811 adminiculo
1375 753 1528 811 laicorum
1551 759 1582 810 et
1603 753 1661 809 ho·

396 863 517 919 minum
548 861 751 936 popularium
781 877 978 934 nequaquam
1001 875 1058 918 nos
1081 861 1142 933 ipsi
1165 858 1307 917 sufficere
1330 871 1495 932 possumus
1503 877 1511 930 ;
1539 865 1661 916 matura

397 965 564 1041 superinde
588 966 815 1026 deliberacione
838 966 1009 1041 prehabita,
1027 967 1066 1024 de
1089 980 1237 1024 consensu
1261 970 1291 1022 et
1314 965 1395 1022 bona
1415 964 1575 1023 voluntate
1591 979 1662 1038 pre·

397 1072 453 1131 fati
474 1073 592 1131 domini
615 1073 712 1131 nostri
735 1073 881 1147 episcopi,
901 1078 994 1146 prout
1009 1073 1069 1132 hoc
1092 1072 1252 1146 exipsius
1275 1071 1387 1130 litteris
1410 1071 1660 1145 privilegialibus

395 1179 486 1236 nobis
509 1179 647 1252 graciose
670 1179 750 1236 inter
780 1183 882 1236 cetera
911 1178 1078 1252 superinde
1101 1177 1180 1236 datis
1212 1183 1242 1236 et
1264 1177 1416 1236 concessis
1439 1177 1522 1236 clare
1545 1183 1575 1234 et
1606 1191 1658 1234 ex·

396 1301 501 1360 presse
524 1285 705 1357 continetur,
729 1300 786 1358 pro
818 1285 996 1343 huiusmodi
1019 1262 1182 1344 hominum
1205 1285 1407 1360 popularium
1437 1289 1469 1344 et
1498 1285 1659 1356 laicorum,

397 1393 451 1466 qui
473 1392 564 1450 uobis
587 1391 618 1449 in
642 1390 781 1449 custodia
804 1406 840 1448 ac
863 1390 1039 1450 defensione
1062 1391 1210 1466 predictis
1233 1392 1413 1449 continuum
1440 1395 1579 1466 prestare
1603 1406 1658 1448 va·

396 1499 479 1556 leant
502 1496 736 1568 adminiculum,
767 1512 903 1570 congrua
926 1503 956 1554 et
986 1497 1156 1556 necessaria
1188 1497 1383 1554 habitacione
1406 1497 1438 1556 in
1460 1512 1532 1555 area
1554 1475 1659 1554 nostra

397 1603 572 1677 capitulari,
607 1601 646 1660 de
677 1603 814 1677 propriis
846 1603 960 1662 nostris
990 1604 1083 1661 curiis
1118 1604 1359 1675 canonicalibus,
1400 1604 1503 1678 primo
1537 1609 1568 1661 et
1589 1608 1660 1661 ante

397 1711 501 1768 omnia
524 1724 542 1766 a
565 1715 654 1783 parte
676 1707 860 1766 occidentali
892 1709 1103 1782 existentibus,
1127 1717 1211 1768 retro
1234 1709 1379 1768 videlicet
1412 1711 1512 1768 curias
1535 1715 1657 1768 nostras

396 1814 574 1874 huiusmodi
596 1820 713 1873 certam
737 1819 767 1872 et
789 1814 964 1872 limatatam
988 1815 1173 1888 particulam
1198 1821 1279 1874 terre
1302 1830 1360 1890 pro
1377 1816 1447 1874 vico
1469 1831 1522 1874 seu
1547 1815 1660 1889 platea,

398 1921 604 1995 domibusque
635 1937 671 1979 ac
693 1921 787 1980 curiis
809 1921 972 1980 hominum
993 1926 1023 1980 et
1053 1921 1246 1996 populorum
1276 1921 1487 1996 predictorum
1518 1921 1658 1980 locandis

396 2034 512 2101 aptam,
535 2043 591 2101 per
614 2033 714 2086 certos
737 2027 895 2086 consocios
918 2033 949 2086 et
963 2028 1184 2086 concanonicos
1207 2027 1381 2086 nostrosad
1404 2029 1463 2086 hoc
1486 2027 1662 2102 specialiter

401 2133 565 2208 deputatos
599 2139 629 2191 et
664 2135 861 2191 transmissos
897 2133 1026 2216 detrahi,
1061 2134 1187 2206 seiungi,
1223 2134 1410 2207 sequestrari
1444 2139 1474 2191 et
1507 2133 1662 2206 segregari

401 2238 539 2309 fecimus,
563 2239 739 2312 incipiendo
762 2241 867 2314 primo
890 2244 920 2297 et
950 2245 1020 2298 ante
1052 2241 1157 2298 omnia
1187 2241 1293 2300 vicum
1323 2239 1502 2298 huiusmodi
1526 2217 1549 2296 a
1566 2239 1661 2297 domo

400 2361 454 2404 seu
478 2345 572 2417 curia,
596 2360 690 2418 quam
715 2361 814 2419 nuper
830 2345 961 2404 condam
978 2345 1123 2404 dominus
1145 2347 1323 2404 Demetrius
1346 2345 1579 2405 archidiaconus
1607 2345 1658 2404 ka·

397 2451 547 2510 thedralis
571 2456 602 2510 et
623 2452 844 2510 concanonicus
860 2458 965 2513 noster
980 2453 1085 2525 erexit,
1105 2469 1186 2511 nunc
1202 2468 1276 2512 vero
1292 2453 1425 2527 provida
1437 2452 1551 2511 mulier
1566 2452 1660 2510 Lucia

397 2563 515 2631 vocata,
538 2558 646 2616 relicta
668 2557 799 2616 condam
832 2559 927 2617 Blasii
949 2559 1101 2618 carnificis
1124 2559 1162 2617 de
1187 2560 1255 2617 vico
1279 2559 1401 2617 abbatis
1424 2559 1515 2617 titulo
1543 2558 1658 2631 empci-

397 2665 464 2722 onis
499 2663 636 2738 possidet
670 2671 701 2721 et
734 2665 893 2736 inhabitat,
930 2670 961 2724 et
994 2665 1105 2724 deinde
1139 2664 1335 2740 procedendo
1371 2681 1427 2739 per
1448 2664 1578 2736 longum
1601 2678 1658 2736 per

366 2755 368 2762 ’
396 2777 500 2828 ortum
522 2769 657 2828 fratrum
682 2772 779 2828 sancti
801 2772 956 2830 Francisci
980 2777 1010 2830 et
1025 2772 1152 2830 tandem
1169 2787 1277 2830 versus
1293 2772 1547 2845 septemtrionem
1563 2785 1661 2844 usque

397 2877 428 2934 in
451 2875 547 2934 finem
570 2877 754 2936 municionis
777 2879 939 2951 prelibate‚
963 2879 1006 2936 ita
1021 2879 1175 2948 videlicet,
1200 2879 1286 2952 quod
1309 2879 1389 2936 iuter
1412 2877 1513 2936 curias
1536 2883 1657 2936 nostras

395 2982 550 3056 predictas
574 2988 604 3042 et
627 2984 706 3042 inter
728 2985 833 3042 vicum
860 2999 912 3042 seu
943 2984 1080 3058 plateam
1103 2984 1281 3044 huiusmodi
1305 2985 1356 3043 via
1380 2984 1506 3058 publica
1528 2988 1558 3042 et
1574 2998 1660 3040 com-

396 3091 498 3149 munis
520 3105 618 3164 usque
640 3091 672 3150 in
692 3091 787 3149 finem
803 3091 1021 3165 protendetur;
1038 3091 1184 3165 quodque
1207 3091 1346 3164 quelibet
1369 3091 1488 3163 integra
1503 3089 1589 3147 curia
1605 3103 1658 3145 seu

395 3198 490 3255 sessio
513 3197 545 3256 in
567 3197 729 3256 latitudine
753 3198 930 3272 quindecim
958 3199 1048 3256 ulnas
1071 3213 1170 3270 eneas,
1202 3197 1316 3272 quibus
1346 3196 1554 3254 communiter
1576 3210 1656 3252 nunc

395 3302 445 3360 hic
468 3302 617 3375 Zagrabie
641 3304 735 3376 pauni
751 3319 768 3361 a
792 3305 1016 3362 mercatoribus
1033 3311 1251 3362 mensurantur
1266 3301 1481 3374 continebitur,
1497 3298 1660 3374 longitudo

396 3414 499 3466 autem
523 3409 607 3467 curie
628 3415 657 3466 et
681 3410 824 3467 sessionis
847 3409 1015 3468 cuiuslibet
1028 3425 1125 3484 usque
1148 3409 1188 3467 ad
1204 3425 1292 3482 sepes
1315 3423 1370 3466 seu
1393 3407 1543 3480 parietem
1561 3405 1660 3464 muni·

396 3514 492 3573 cionis
524 3515 699 3588 supradicte
729 3515 929 3586 extendetur;
961 3515 1108 3575 addentes
1138 3530 1197 3590 pro
1227 3515 1310 3574 bono
1341 3514 1434 3588 pacis,
1465 3512 1551 3587 quod
1581 3512 1661 3570 inter

395 3620 481 3704 viam
513 3621 672 3695 publicam
695 3622 759 3679 iam
790 3621 905 3680 dictam
936 3629 966 3680 et
989 3623 1090 3680 curias
1114 3629 1233 3679 nostras
1265 3635 1353 3694 sepes
1376 3617 1585 3678 indesinenter
1607 3618 1660 3675 ha·

396 3727 534 3798 beantur,
565 3743 643 3800 quos
674 3729 809 3801 quilibet
841 3728 1040 3810 dominorum
1072 3729 1293 3787 canonicorum
1324 3727 1406 3784 eirca
1428 3725 1550 3784 curiam
1570 3739 1659 3782 suam

396 3831 518 3906 disponi
542 3832 643 3892 lacere
673 3835 732 3892 erit
754 3835 919 3907 obligatus.
943 3837 1012 3894 Hoc
1034 3836 1128 3910 igitur
1152 3835 1247 3893 modo
1278 3840 1309 3892 et
1338 3833 1447 3892 ordine
1469 3831 1657 3907 particulam

395 3943 477 3996 terre
500 3939 562 3996 iarn
594 3938 709 3998 dictam
741 3946 965 4013 sequestratam
999 3948 1029 4000 et
1060 3947 1253 4016 segregatam
1286 3955 1344 4016 pro
1374 3940 1474 3998 libero
1505 3937 1576 3996 vico
1606 3951 1660 3994 seu

396 4045 499 4119 platea
522 4051 552 4102 et
573 4059 631 4119 pro
653 4045 829 4119 hospitibus
854 4051 885 4104 et
907 4048 1169 4106 inhabitatoribus
1191 4047 1311 4106 ibidem
1335 4043 1533 4115 collocandis,
1550 4048 1661 4100 extunc

394 4152 553 4224 perpetuis
587 4153 782 4224 temporibus
813 4152 1016 4211 obtinendum
1040 4161 1070 4212 et
1094 4153 1314 4228 possidendum
1350 4150 1577 4226 deputavimus,
1608 4147 1656 4205 de·

396 4255 499 4314 dimus
520 4264 551 4314 et
581 4257 774 4330 donavimus,
806 4259 904 4316 immo
937 4259 1130 4334 deputamus,
1162 4261 1272 4318 damus
1303 4267 1332 4318 et
1357 4258 1509 4316 donamus
1531 4256 1659 4313 liberta-

395 4363 479 4420 tibus
509 4369 539 4420 et
568 4365 776 4438 prerogativis
804 4365 1010 4439 infrascriptis
1040 4360 1177 4443 hospites
1209 4373 1238 4424 et
1270 4365 1492 4424 inhabitatores
1524 4359 1660 4436 prefatos

395 4468 530 4542 gaudere
554 4471 694 4530 volentes
717 4477 747 4530 et
770 4473 984 4532 concedentes:
1009 4474 1115 4532 Primo
1138 4473 1292 4544 videlicet,
1312 4471 1373 4545 ipsi
1395 4469 1525 4543 singulis
1549 4467 1660 4526 futuris

396 4576 555 4650 perpetuis
585 4577 672 4635 annis
706 4578 738 4636 in
768 4576 846 4636 festo
869 4579 953 4638 beati
988 4579 1115 4653 Georgii
1147 4580 1285 4637 martiris
1319 4583 1389 4636 ante
1426 4575 1593 4650 prandium
1628 4573 1659 4630 in

395 4697 492 4738 unum
517 4683 695 4756 congregati
719 4684 833 4757 eligere
865 4686 984 4760 possint
1007 4691 1037 4742 et
1061 4685 1194 4744 debeant
1226 4685 1306 4743 inter
1328 4700 1360 4741 se
1388 4687 1521 4756 quatuor
1542 4679 1660 4758 juratos

397 4789 494 4847 bonos
517 4789 609 4860 viros,
634 4791 688 4863 qui
718 4789 842 4848 tandem
866 4792 1011 4850 similiter
1035 4791 1146 4849 eodem
1170 4791 1219 4849 die
1242 4798 1311 4848 ante
1335 4789 1501 4864 prandium
1524 4785 1658 4864 judicem

396 4895 480 4952 illius
504 4897 576 4954 anui
599 4911 657 4968 pro
680 4911 735 4954 sua
761 4899 982 4956 communitate
1013 4899 1128 4970 eligant
1159 4913 1230 4955 cum
1261 4897 1382 4955 effectu.
1406 4893 1468 4968 Qui
1490 4893 1583 4952 iudex
1605 4907 1658 4952 eos

395 5011 424 5060 et
449 5003 589 5076 ipsorum
611 5001 750 5076 singulos
781 5017 818 5060 ao
848 5003 927 5062 alios
960 5003 1181 5063 inhabitatores
1211 5003 1330 5062 ibidem
1362 5004 1477 5061 habeat
1507 5005 1537 5058 et
1561 4999 1658 5074 possit
