3828 5822
411 595 473 656 400
821 575 895 634 Doc.
912 587 987 650 319.
1012 605 1053 617 —
1075 573 1133 632 An.
1157 569 1250 651 1480.

362 859 363 864 ,
411 799 442 854 et
465 795 539 869 quia
561 794 610 854 ilii
633 792 750 852 civitati
772 797 876 849 nostre
898 790 939 847 ab
962 790 1018 848 illa
1034 793 1131 863 parte,
1146 788 1201 846 ubi
1216 788 1310 846 turris
1325 789 1393 862 ipsa
1409 787 1549 848 desolata
1564 791 1675 861 existit,

413 916 563 974 magnum
587 897 764 974 periculum
789 901 893 972 posset
916 895 1048 967 evenire,
1072 893 1217 952 fidelitati
1238 895 1334 967 igitur
1350 899 1452 953 vestre
1468 897 1581 954 harum
1597 895 1675 954 serie

412 1006 546 1066 firmiter
576 1005 782 1080 precipientes
816 1003 1010 1071 mandamus,
1042 1006 1193 1076 quatenus
1227 1002 1303 1060 visis
1337 1003 1533 1076 presentibus
1564 1003 1676 1061 turrim

412 1113 513 1187 ipsam
542 1110 623 1171 infra
652 1110 766 1168 festum
788 1107 1011 1182 assumpcionis
1034 1109 1124 1167 beate
1153 1107 1250 1166 Marie
1273 1107 1411 1181 virginis,
1435 1109 1578 1182 proxime
1602 1123 1675 1166 ven·

412 1225 528 1291 turum,
544 1216 688 1275 edificare
710 1221 740 1274 et
763 1216 892 1290 munire,
914 1214 946 1274 in
968 1230 1066 1288 eaque
1088 1229 1147 1288 pro
1162 1213 1417 1273 iuvamineillins
1432 1215 1565 1273 civitatis
1578 1219 1676 1273 custo·

414 1323 499 1382 diam
522 1322 623 1382 facere
646 1321 792 1394 debeatis,
815 1321 953 1396 alioquin
976 1319 1200 1379 committimus
1223 1319 1323 1390 vobis,
1346 1325 1389 1392 ut,
1412 1320 1519 1395 elapso
1544 1321 1676 1379 termino

385 1432 388 1436 ’
414 1429 545 1504 predico,
579 1443 637 1487 vos
666 1428 707 1487 ad
740 1427 869 1486 eandem
900 1426 1013 1485 turrim
1042 1425 1226 1485 nullomodo
1250 1426 1456 1485 intromittere
1479 1425 1674 1502 presumatis,

414 1536 562 1610 quoniam
584 1549 640 1592 nos
662 1535 764 1608 ipsam
787 1533 877 1592 alteri
899 1531 1083 1604 locabimus,
1107 1533 1161 1607 qui
1184 1531 1224 1590 de
1246 1548 1282 1591 ea
1298 1549 1406 1591 curam
1422 1539 1508 1607 geret
1523 1539 1554 1591 et
1570 1531 1675 1591 debito

415 1640 510 1700 modo
541 1639 708 1713 edificabit,
739 1639 825 1698 aliud
853 1653 928 1712 ergo
957 1654 1020 1724 nou
1051 1637 1170 1696 tacturi.
1192 1638 1391 1698 Presentibus
1414 1639 1567 1714 perlectis,
1590 1638 1675 1696 exhi·

415 1747 501 1806 benti
529 1747 686 1818 restitutis,
722 1746 840 1803 Datum
873 1745 905 1804 in
939 1745 1061 1803 Thatha
1090 1743 1167 1803 feria
1190 1751 1277 1803 sexta
1300 1745 1445 1820 proxima
1468 1749 1540 1820 post
1562 1743 1676 1802 festum

414 1853 583 1912 nativitatis
613 1853 697 1912 beati
726 1851 875 1934 Johannis
905 1851 1047 1925 baptiste.
1081 1852 1171 1909 Anno
1194 1850 1312 1909 domini
1336 1851 1506 1910 millesimo
1530 1849 1676 1924 quadrin-

414 1959 587 2032 gentesimo
618 1959 847 2032 septuagesimo
875 1972 966 2016 nono.
996 1957 1175 2028 Regnorum
1205 1963 1384 2015 nostrorum
1416 1971 1496 2017 anno
1519 1957 1678 2028 Hungarie

414 2070 470 2130 etc.
494 2064 646 2136 vigesimo
669 2063 812 2136 secundo,
833 2063 980 2122 Bohemie
1002 2077 1078 2120 vero
1100 2061 1273 2122 undecimo.

521 2199 654 2264 Originale
667 2200 694 2248 in
713 2199 801 2248 charta
836 2200 869 2248 In
887 2199 1002 2264 margine
1017 2197 1134 2248 interiori
1147 2197 1301 2263 impressum
1324 2205 1364 2248 est
1389 2199 1512 2263 sigillum.
1531 2200 1564 2248 In
1581 2196 1677 2248 archiv.

415 2289 462 2342 lib.
480 2305 534 2354 reg.
552 2290 600 2342 civ.
619 2289 800 2354 zagrabiensis.

1004 2517 1085 2584 319.

521 2625 595 2674 Circa
613 2639 672 2677 ann.
694 2625 769 2688 1480.

456 2753 643 2811 Graoamina
666 2753 788 2831 capabili
807 2752 1003 2826 adgrediensis
1025 2749 1169 2820 Matht‘ae,
1192 2750 1370 2824 Hungariae
1388 2759 1436 2808 etc.
1458 2753 1529 2826 regi,
1551 2753 1650 2811 mosa.

519 2895 723 2955 Serenissimo
753 2897 887 2970 principi
918 2895 1045 2954 domino
1077 2895 1192 2953 Mathis
1225 2893 1275 2953 dei
1297 2895 1400 2968 gracia
1431 2895 1598 2970 Hungarie,
1620 2895 1675 2954 Bo

417 3001 520 3060 hemie
543 3008 600 3060 etc.
624 3003 699 3074 regi,
723 3002 897 3060 declaracio
920 3003 1136 3061 necessitatum
1161 3002 1289 3076 capituli
1312 3003 1440 3060 ecclesie
1463 3003 1677 3076 zagrabiensis.

519 3107 567 3166 De
601 3107 760 3166 voluntate
793 3109 901 3166 Vestre
931 3107 1108 3166 Serenitatis
1130 3108 1270 3180 magistri
1300 3106 1488 3184 judiciorum
1511 3109 1678 3168 Maiestatis

414 3213 524 3273 Vestre
548 3214 824 3272 reambulaverunt
847 3219 944 3272 metas
974 3215 1108 3272 civitatis
1131 3214 1245 3272 montis
1269 3212 1439 3284 Grecensis,
1462 3215 1516 3273 ubi
1538 3215 1677 3273 incertis

415 3319 492 3378 locis
516 3327 598 3378 mete
628 3320 758 3378 ecclesie
790 3326 821 3377 et
844 3319 974 3394 capituli
1005 3326 1076 3378 sunt
1106 3319 1284 3394 depravate,
1314 3320 1395 3378 unde
1418 3321 1574 3395 supplicat
1595 3321 1677 3378 idem

402 3403 595 3500 capitulum,
619 3426 707 3484 utin
738 3427 802 3484 illis
825 3427 903 3484 locis
936 3426 1105 3484 secundum
1128 3423 1197 3502 jura
1219 3427 1356 3498 ecclesie,
1380 3427 1506 3484 metaiia
1530 3443 1587 3501 per
1609 3441 1679 3500 pre-

414 3531 494 3589 fatos
517 3532 682 3604 magistros
706 3547 786 3590 nova
810 3532 898 3590 fieret
921 3533 1141 3604 reambulacio‚
1158 3539 1189 3590 ut
1207 3532 1294 3590 fieret
1317 3533 1441 3606 utrique
1464 3533 1546 3606 parti
1560 3531 1676 3608 justum

413 3639 478 3696 sine
501 3636 617 3708 farore,
641 3645 687 3695 est
709 3638 791 3696 enim
810 3643 873 3695 tam
890 3638 1062 3712 capitulum
1076 3653 1147 3696 cum
1164 3639 1293 3696 ecclesia
1316 3653 1409 3712 quam
1435 3639 1545 3696 civitas
1569 3639 1678 3696 Vestre

414 3743 590 3802 Maiestatis.

522 3849 601 3906 Cum
633 3849 758 3906 volente
789 3849 848 3907 deo
878 3851 1024 3908 universa
1047 3849 1294 3925 fereHungaria
1317 3866 1467 3926 oppressa
1490 3849 1598 3909 fuisset
1621 3865 1678 3924 per

413 3954 569 4026 Tartesos,
594 3955 721 4012 ecclesia
744 3956 800 4012 hec
823 3954 855 4014 S.
879 3956 915 4014 V.
939 3958 977 4013 M.
996 3971 1068 4013 cum
1091 3957 1228 4030 capitulo
1252 3955 1391 4015 funditus
1415 3956 1472 4014 fuit
1488 3957 1518 4014 in
1541 3958 1676 4015 cinerem

413 4075 511 4132 versa,
537 4067 567 4117 at
589 4061 644 4117 ubi
667 4076 721 4116 rex
746 4061 903 4133 Hungarie
919 4061 1084 4120 debellatis
1107 4061 1245 4120 Tartaris
1267 4063 1373 4135 regale
1395 4063 1509 4140 solium
1533 4077 1680 4120 conscen-

413 4166 515 4239 disset,
532 4171 642 4224 eotunc
665 4165 850 4224 Thimotheo
867 4168 1015 4242 episcopo
1031 4168 1121 4226 buius
1137 4167 1264 4226 ecclesie
1280 4169 1417 4226 habenas
1440 4175 1573 4241 regente,
1591 4169 1678 4226 iactis

413 4279 494 4330 terre
517 4273 608 4344 saxis,
631 4272 688 4329 hec
711 4273 841 4330 ecclesia
855 4279 945 4346 prout
958 4290 1040 4332 nunc
1061 4279 1155 4346 extat,
1171 4273 1304 4332 mirifico
1320 4288 1413 4347 opere
1437 4275 1538 4347 prima
1555 4282 1679 4349 ceperat

413 4377 620 4436 fundamenta.
654 4379 738 4451 Rege
768 4385 873 4436 autem
905 4379 1159 4438 christianissimo
1197 4379 1319 4438 Andrea
1348 4381 1544 4438 Hierusalem
1567 4395 1677 4438 versus

413 4499 519 4542 amore
551 4484 625 4542 fidei
658 4487 715 4543 hac
749 4487 962 4560 proficiscente
992 4487 1131 4560 primum
1162 4486 1221 4544 fuit
1255 4495 1432 4546 consecrata
1465 4493 1495 4545 et
1518 4488 1676 4560 regalibus

414 4591 555 4664 proiecto
578 4591 682 4649 dotata
706 4593 887 4650 muneribus
910 4601 939 4651 et
953 4595 1128 4665 graciarum
1152 4594 1360 4668 prerogativis
1382 4593 1536 4666 insignita.
1552 4593 1675 4665 Quibus

413 4695 442 4754 S.
467 4713 532 4768 rex,
554 4697 640 4756 velut
663 4705 801 4756 armatus
831 4699 1009 4773 premonita
1042 4715 1104 4758 non
1134 4700 1166 4758 in
1196 4715 1328 4774 parvam
1352 4699 1583 4772 rempublicam
1606 4714 1676 4756 eva·

412 4809 504 4862 serat.
530 4805 570 4861 At
593 4805 647 4862 ubi
672 4803 811 4863 felicitati
835 4806 972 4878 primurn
996 4805 1078 4879 cepit
1101 4806 1218 4864 invidia
1234 4805 1404 4879 adversari,
1428 4805 1501 4862 bina
1525 4805 1592 4863 rice
1617 4805 1677 4862 hoc

412 4911 583 4984 capitulum
609 4909 637 4968 S.
662 4911 697 4968 V.
721 4927 777 4984 per
799 4911 883 4970 cives
906 4911 1043 4970 eiusdem
1067 4913 1181 4970 montis
1204 4911 1366 4972 Grecensis
1391 4909 1450 4969 fuit
1473 4911 1673 4969 combustum

412 5026 442 5073 et
470 5017 564 5074 rebus
587 5018 745 5090 privatum
776 5023 807 5074 et
830 5015 949 5092 juribus
980 5019 1042 5076 suis
1075 5017 1264 5090 destitutum,
1288 5025 1354 5076 tum
1378 5018 1454 5076 certi
1484 5017 1622 5076 canonici
1645 5018 1678 5075 in
