3764 5924
582 586 654 642 Doc.
672 598 749 661 394.
778 619 816 628 -
841 586 897 647 An.
922 599 1014 663 1499.
1409 605 1471 662 5¹⁷

206 801 298 860 bonis
321 800 418 860 michi
440 816 461 878 a
483 799 611 860 domino
633 799 692 858 deo
715 799 838 859 collatis
860 801 923 859 tale
946 801 1055 860 ordino
1079 805 1109 860 et
1132 801 1212 861 facio
1235 808 1471 868 testamentum:

208 907 314 965 Primo
336 906 441 980 itaque
464 905 540 964 dum
564 905 669 964 divine
690 905 847 964 voluntati
888 906 1041 981 placuerit
1064 908 1202 967 animam
1225 923 1329 968 meam
1354 928 1393 970 ex
1409 914 1471 974 hoc

204 1012 310 1086 fragili
332 1026 463 1087 corpore
485 1027 651 1083 assumere,
676 1011 861 1072 commendo
885 1027 954 1071 eam
969 1013 1030 1086 ipsi
1047 1012 1105 1070 deo
1118 1013 1331 1089 omnipotenti,
1354 1032 1390 1075 ac
1406 1021 1471 1079 eius

207 1119 350 1192 genitrici
380 1118 495 1192 virgini
525 1118 661 1190 gloriose
695 1123 725 1176 et
748 1117 895 1176 omnibus
925 1117 1038 1176 sanctis
1062 1119 1143 1189 eius;
1166 1120 1364 1194 sepulturam
1387 1125 1471 1199 eligo

206 1225 239 1284 in
262 1225 393 1283 ecclesia
416 1239 486 1282 mea
508 1224 701 1297 zagrabiensi
715 1229 784 1281 ante
807 1237 894 1282 aram
918 1238 1060 1299 parvam,
1085 1239 1179 1298 quant
1202 1230 1274 1284 ante
1296 1230 1475 1290 venerabile

207 1337 436 1390 sacramentum
461 1329 500 1388 de
521 1343 604 1388 novo
625 1330 743 1402 erigere
766 1329 918 1389 commisi.
936 1328 1066 1387 Pecunia
1081 1343 1158 1387 vero
1180 1334 1211 1388 et
1234 1347 1284 1390 res
1295 1349 1371 1406 mee,
1395 1351 1472 1409 quas

209 1437 319 1508 haben,
342 1436 568 1495 distribuantur
604 1435 700 1492 modo
731 1434 946 1510 infrascripto:
979 1434 1085 1494 Primo
1115 1437 1312 1496 serenissimo
1336 1441 1471 1516 principi

207 1543 335 1604 domino
368 1541 544 1600 Wladislao
574 1541 742 1613 Hungarie,
765 1540 974 1614 Bohemieque
996 1541 1063 1614 regi
1085 1547 1140 1600 etc.
1163 1541 1291 1602 domino
1311 1560 1381 1605 meo
1403 1562 1474 1621 gra·

208 1649 392 1722 ciosissimo,
416 1648 488 1722 lego
519 1647 627 1706 decem
650 1646 753 1705 millia
775 1646 964 1706 florenorum
986 1652 1017 1704 et
1040 1647 1123 1705 ultra
1145 1647 1213 1720 ista,
1236 1649 1295 1708 tria
1318 1652 1420 1711 millia
1435 1659 1473 1712 'et

209 1757 394 1830 quingentos
416 1753 557 1824 florenos,
580 1753 695 1827 quibus
718 1752 757 1811 de
772 1752 886 1812 debitis
902 1751 1035 1810 condam
1050 1751 1169 1812 domini
1194 1754 1284 1813 Pauli
1308 1755 1346 1814 de
1363 1757 1471 1832 Kynys

208 1862 311 1921 adhuc
341 1861 437 1920 michi
467 1861 634 1932 obligatur,
664 1859 765 1918 eidem
789 1859 913 1918 remitto
935 1863 965 1916 et
987 1858 1102 1916 relaxo.
1126 1859 1204 1918 Item
1225 1861 1297 1934 lego
1319 1863 1473 1924 maiestati

206 1984 261 2027 sue
284 1983 402 2042 cuppas
433 1971 593 2040 argenteas
624 1965 786 2024 deauratas
809 1965 947 2024 bullatas
980 1978 1110 2039 magnas
1132 1964 1217 2037 duas,
1241 1973 1271 2025 et
1292 1967 1370 2026 alies
1394 1967 1472 2030 duas

205 2091 303 2134 noras
326 2089 397 2132 cum
419 2073 566 2146 ymagine
587 2072 685 2130 sancti
718 2070 918 2144 Chistophori
946 2077 977 2130 et
1009 2071 1122 2128 lterum
1145 2071 1223 2130 duas
1246 2087 1375 2146 magnas
1398 2091 1471 2134 cum

207 2181 393 2240 draconibus
417 2185 448 2238 et
472 2179 652 2238 hominibus
674 2177 803 2236 armatis
826 2177 977 2250 superius,
1002 2191 1110 2236 omnes
1133 2177 1287 2237 deaurate.
1304 2179 1382 2238 Item
1398 2197 1469 2240 can·

207 2289 312 2346 tharos
343 2290 504 2360 argenteos
536 2298 667 2358 magnos
698 2283 787 2343 duos.
809 2284 888 2342 Item
911 2283 1100 2358 amphoram
1120 2299 1191 2342 cum
1215 2285 1302 2360 pelvi
1323 2293 1470 2359 argentea

205 2395 237 2452 in
260 2398 325 2452 toto
348 2392 496 2451 deaurata
519 2407 577 2467 pro
600 2391 755 2450 lavatorio
776 2396 807 2449 et
836 2391 932 2449 aliam
956 2391 1143 2464 amphoram
1169 2392 1375 2452 cristallinam
1398 2409 1469 2453 cum

204 2500 320 2560 smalez
344 2514 421 2558 auro
444 2504 474 2558 et
490 2505 619 2573 argento
642 2513 714 2556 cum
726 2496 988 2556 circumferenciis
1013 2502 1166 2557 ornatam.
1190 2498 1269 2556 item
1284 2499 1468 2572 gradarium

205 2621 355 2680 magnum
389 2606 587 2680 pomulatunr
618 2611 647 2664 et
682 2605 780 2663 altum
813 2605 931 2676 album,
966 2605 1089 2678 hungor
1119 2604 1246 2675 dictum,
1278 2621 1350 2664 cum
1373 2605 1469 2667 frenis

204 2713 327 2771 halmar
365 2711 528 2785 deauratis,
563 2711 706 2770 similiter
741 2711 813 2784 lego
848 2711 1001 2769 maiestati
1032 2726 1094 2768 sue.
1118 2711 1195 2769 Item
1219 2727 1258 2770 ex
1293 2727 1355 2786 quo
1377 2718 1468 2771 natus

204 2834 274 2876 sum
297 2819 328 2877 in
351 2833 446 2892 regno
467 2825 497 2876 et
519 2833 555 2877 ea
585 2819 667 2875 bona
699 2832 760 2891 que
782 2816 888 2888 habui,
923 2832 962 2874 ex
985 2832 1081 2891 regno
1104 2817 1209 2888 habui,
1232 2815 1348 2876 ichrco
1372 2834 1467 2893 quan·

204 2929 271 2982 tum
293 2925 442 2998 possibile
465 2923 531 2996 fult,
565 2923 652 2982 nolui
681 2939 747 2982 esse
775 2923 914 2996 ingratus
936 2923 1045 2997 patrie,
1069 2923 1212 2997 relinquo
1236 2923 1340 2998 itaque
1359 2924 1400 2983 ad
1421 2925 1466 2983 la·

203 3030 295 3089 bores
316 3035 489 3089 castrorum
511 3030 724 3102 finitimorum,
758 3029 903 3088 videlicet
933 3029 1052 3112 Jaycza‚
1077 3028 1204 3088 Nandor
1234 3030 1316 3103 alba,
1350 3028 1466 3089 Sabaea

202 3141 233 3194 et
263 3136 393 3210 Zewryn
422 3137 549 3210 triginta
579 3136 642 3194 duo
676 3135 778 3195 mlllia
800 3135 996 3200 florenorum.
1027 3135 1070 3193 ita
1086 3141 1198 3208 tamen,
1222 3136 1306 3210 quod
1330 3137 1462 3210 pecunia

202 3242 260 3300 illa
281 3257 343 3301 non
365 3243 460 3301 vadat
489 3258 590 3317 neque
621 3243 820 3317 dispensetur
843 3257 900 3316 per
922 3255 1032 3300 manus
1055 3241 1247 3314 thesaurarii,
1268 3241 1322 3300 sed
1347 3242 1467 3302 domini

202 3349 314 3422 prelati
337 3355 368 3408 et
389 3350 521 3408 barones
544 3363 580 3408 ac
600 3349 722 3407 nobiles
746 3348 903 3422 regnicole
925 3346 1074 3422 deputent
1097 3347 1235 3422 aliquem
1259 3347 1312 3406 vel
1335 3347 1461 3422 aliquos

202 3455 343 3515 homiues
373 3455 509 3528 idoneos,
544 3456 598 3530 qui
633 3455 768 3514 fideliter
791 3454 970 3529 dispensent
992 3455 1157 3528 pecuniam
1187 3455 1288 3528 ipsam
1323 3454 1361 3512 ad
1386 3469 1466 3529 opus

202 3562 366 3636 prefatum.
398 3563 483 3634 Item,
507 3579 545 3622 ex
576 3578 639 3637 quo
668 3562 798 3621 ecclesia
822 3562 881 3620 ista
903 3560 1110 3634 zagrabiensis
1133 3574 1152 3618 a
1175 3559 1328 3634 principio
1353 3560 1465 3619 funda-

203 3669 299 3727 cionis
322 3668 381 3727 fuit
404 3670 479 3728 satis
501 3669 642 3743 neglecta
665 3675 695 3727 et
717 3683 879 3742 nunquam
900 3668 933 3726 in
964 3667 1072 3724 labore
1102 3680 1158 3725 suo
1181 3672 1404 3742 consummata,
1433 3668 1466 3727 in

203 3789 264 3848 qua
288 3781 439 3849 quantum
462 3776 550 3850 potui
573 3775 717 3834 edificare
740 3775 808 3847 feci,
831 3774 870 3832 ad
887 3775 973 3832 cuius
994 3773 1176 3832 ulteriorem
1197 3774 1466 3832 ‘continuacionem

203 3887 233 3939 et
262 3882 565 3940 consummacIonem
597 3881 669 3955 lego
700 3881 888 3939 florenorum
925 3879 1033 3938 decem
1066 3879 1190 3950 millia;
1212 3878 1314 3938 eidem
1337 3880 1466 3940 ecclesie

203 3988 274 4061 lego
297 3988 483 4062 amphoram
499 4003 569 4046 cum
588 3988 674 4062 pelvi
689 3991 842 4060 argentea,
866 4001 961 4060 quam
984 4001 1108 4060 semper
1130 3986 1228 4044 habui
1250 3986 1282 4044 in
1302 4002 1371 4046 usu.
1388 3987 1465 4046 ltem

202 4109 260 4166 pro
284 4092 334 4152 die
357 4109 430 4152 cene
454 4094 581 4152 Domini
603 4109 698 4152 unam
720 4107 858 4168 cuppam
875 4091 1055 4151 deauratam
1076 4091 1265 4167 dupplatam
1279 4099 1460 4167 argenteam

201 4198 392 4258 mediocrem
414 4205 444 4258 et
456 4201 533 4258 alias
556 4199 633 4258 duas
656 4214 775 4274 cuppas
798 4213 912 4272 parvas
935 4203 1096 4271 argenteas
1119 4197 1281 4258 deauratas
1305 4215 1377 4258 curn
1400 4201 1463 4259 vir·

201 4306 296 4378 gultis
318 4307 435 4377 erectis,
459 4306 560 4364 discos
583 4311 743 4380 argenteos
767 4305 940 4378 duodecim,
964 4305 1135 4379 exquibus
1158 4303 1297 4364 deaurati
1321 4311 1464 4379 quatuor,

201 4426 259 4485 pro
283 4411 393 4470 eadem
418 4427 493 4470 cena
526 4418 556 4470 et
579 4411 741 4483 mandato;
771 4412 917 4471 scutellas
940 4425 1025 4470 meas
1048 4415 1208 4484 argenteas
1236 4426 1364 4484 magnas
1387 4411 1464 4471 duo·

202 4517 303 4576 decim
326 4533 398 4576 curn
421 4519 522 4577 tribus
545 4519 652 4593 parvis
676 4533 734 4593 pro
758 4519 959 4576 balsamentis
982 4518 1053 4591 lego
1076 4517 1220 4576 similiter
1236 4518 1364 4576 ecclesie
1394 4534 1463 4592 pre-

206 4623 268 4682 fate
292 4623 332 4682 ad
354 4624 480 4683 labores
495 4625 710 4698 reliquiarum,
726 4624 913 4683 candelabra
929 4629 1073 4697 argentea
1089 4623 1235 4682 deaurata
1258 4621 1378 4700 majora
1393 4623 1464 4696 duo,

202 4731 469 4789 conservatorium
492 4731 704 4805 corporalium
728 4746 805 4790 auro
828 4737 858 4789 et
882 4731 979 4805 perlis
1002 4735 1148 4789 ornatum
1170 4745 1267 4788 unum
1285 4735 1314 4788 et
1330 4729 1465 4803 quedam

201 4837 264 4894 alia
298 4843 479 4897 ornamenta
514 4836 602 4914 juxta
631 4837 889 4897 Informacionem
923 4837 1141 4896 executoribus
1174 4835 1280 4894 datam
1302 4836 1374 4909 lego
1404 4835 1464 4910 ipsi

200 4943 329 5002 ecclesie
351 4960 419 5003 mee
453 4945 654 5019 zagrabiensi.
690 4944 740 5002 Ad
771 4945 914 5002 laborem
945 4957 1021 5002 vero
1044 4942 1173 5001 ecclesie
1202 4942 1300 5000 sancti
1330 4939 1465 5016 Spiritus

201 5049 336 5108 Chasme
360 5049 496 5124 fundate,
520 5067 581 5126 que
604 5052 702 5110 eciam
726 5066 744 5109 a
767 5050 923 5125 principio
945 5048 1005 5108 fuit
1037 5050 1111 5108 satis
1141 5048 1290 5122 neglecta,
1313 5047 1385 5122 lego
1407 5046 1461 5106 flo-
