3804 5858
635 581 709 640 Duc.
726 591 793 655 347
827 614 866 622 -
892 583 946 638 An.
974 577 1066 657 1488.
1419 589 1479 662 465

1302 691 1419 697 --..Δ-.-.
1430 691 1479 698 »-

216 795 419 869 proventibus
453 796 661 868 terragiorum
697 794 784 852 bladi
818 800 848 852 et
878 794 1025 854 frumenti
1060 797 1258 870 perdicium
1291 797 1324 856 in
1357 815 1482 858 causam

215 907 380 959 attractum
415 901 551 959 indebite
583 901 737 976 perceptis
767 902 844 974 ipsis
874 901 1023 959 fratribus
1056 903 1213 960 actoribus
1236 906 1482 976 congruasatis·

215 1006 312 1065 saccio
331 1006 470 1080 impendi
493 1006 615 1079 debere,
638 1006 777 1081 prefatus
800 1022 926 1080 quoque
948 1007 1104 1090 Johannes
1128 1008 1279 1066 Horwath
1302 1009 1334 1068 in
1355 1025 1481 1070 causam

214 1118 361 1171 attractus
385 1128 442 1187 pro
466 1112 604 1171 indebita
627 1115 832 1188 occupacione
853 1114 947 1171 tercie
970 1114 1067 1186 partis
1090 1115 1293 1188 possessionis
1315 1115 1482 1190 Zthupnylr

213 1219 360 1293 predicte,
389 1219 589 1292 eiusdemque
613 1220 704 1278 tercie
728 1220 825 1292 partis
854 1225 1024 1293 proventus
1052 1221 1254 1296 percepcione
1288 1237 1345 1295 per
1377 1223 1482 1296 ipsum

214 1325 309 1382 modo
325 1325 477 1398 premisso
494 1324 583 1382 factis
607 1333 636 1382 et
660 1325 835 1383 commissis
858 1325 890 1383 in
913 1325 994 1383 facto
1010 1327 1151 1399 potencie
1167 1341 1204 1383 ex
1221 1341 1319 1400 eoque
1342 1328 1373 1385 in
1394 1329 1482 1402 quin·

214 1431 359 1503 quaginta
373 1431 485 1488 marcis
508 1431 746 1504 homagialibus,
771 1430 918 1489 ducentos
941 1430 1072 1489 florenos
1097 1432 1164 1488 auri
1183 1430 1375 1504 facientibus
1392 1433 1482 1492 dictis

214 1537 361 1594 iratribus
369 1537 526 1596 actoribus
544 1537 743 1595 solummodo
760 1537 975 1610 persolvendis
991 1537 1119 1596 convinc
1131 1540 1139 1595 i
1150 1544 1180 1595 et
1191 1540 1355 1610 aggravari
1368 1539 1482 1598 debere

213 1642 303 1698 nobis
332 1657 368 1699 ac
399 1643 503 1701 electis
534 1649 564 1700 et
594 1641 711 1718 juratis,
735 1644 907 1716 ceterisque
937 1643 1096 1702 nobilibus
1129 1644 1294 1718 prescripti
1317 1647 1481 1704 comitatus

214 1747 543 1807 erisiensisnobiscum
567 1750 599 1807 in
622 1746 738 1824 judicio
761 1755 791 1807 et
813 1749 955 1807 examine
978 1764 1070 1806 cause
1092 1751 1244 1824 premisse
1267 1751 1481 1824 existentibus,

213 1855 380 1927 perspicue
404 1855 638 1927 agnoscebatur,
669 1869 729 1928 pro
759 1871 796 1912 eo
819 1870 875 1912 nos
905 1855 1088 1912 eorumdem
1111 1855 1283 1914 electorum
1305 1831 1482 1932 juratorum

215 1963 246 2016 et
269 1960 357 2032 regni
380 1961 535 2018 nobilium
558 1961 679 2034 quesito
712 1966 742 2018 et
765 1966 925 2036 assumpto
948 1961 1113 2034 superinde
1136 1961 1266 2020 consilio
1289 1968 1479 2036 prematuro,

212 2067 418 2140 prescriptam
434 2067 561 2125 terciam
578 2071 700 2141 partem
717 2073 854 2140 pretacte
878 2067 1080 2140 possessionis
1103 2067 1270 2140 Zthupuyk
1292 2067 1388 2126 simul
1408 2085 1480 2126 curn

212 2169 302 2229 dictis
335 2172 539 2246 proventibus
574 2173 781 2245 terragiorum
816 2172 903 2230 bladi
940 2177 970 2229 et
1008 2172 1166 2246 frumenti,
1191 2173 1324 2248 aliisque
1360 2175 1479 2232 cunctis

212 2276 349 2334 eiusdem
372 2277 558 2336 utilitatibus
574 2283 604 2335 et
619 2279 816 2351 pertinenciis
834 2278 994 2350 universis,
1011 2277 1140 2352 prelatis
1158 2277 1308 2337 iratribus
1323 2280 1481 2338 actoribus

211 2382 456 2442 readiudicantes
480 2389 509 2442 et
525 2385 653 2442 restatui
676 2385 905 2443 committentes
930 2385 968 2442 de
992 2385 1172 2459 prescriptis
1196 2385 1401 2459 proventibus
1424 2401 1481 2459 per

212 2488 368 2562 prefatum
393 2491 425 2548 in
441 2505 566 2548 causam
590 2495 756 2549 attractum
792 2491 887 2548 modo
917 2491 1070 2565 premisso
1093 2490 1231 2549 indebite
1254 2493 1410 2566 perceptis
1434 2507 1479 2549 se·

213 2595 349 2653 cundum
389 2595 613 2654 limitacionem
647 2601 858 2670 proventuum
893 2596 1078 2655 eorumdem
1111 2596 1266 2656 mediante
1299 2594 1475 2673 juramento

211 2702 324 2774 prioris
347 2708 400 2760 aut
423 2703 592 2776 superioris
626 2709 795 2761 conventus
820 2703 948 2760 claustri
972 2701 1104 2777 predicti
1128 2710 1158 2760 et
1181 2703 1411 2760 coniuratorum
1435 2703 1476 2761 ei-

210 2807 319 2865 usdem
342 2808 454 2881 fiendo,
477 2824 535 2883 per
557 2809 635 2866 alias
665 2809 785 2867 litteras
808 2815 929 2866 nostras
952 2809 1098 2866 similiter
1121 2807 1369 2881 adiudicatorias,
1391 2807 1476 2884 jura·

210 2913 369 2986 mentales,
393 2914 591 2988 perdicium
613 2914 645 2972 in
669 2930 794 2973 causam
825 2920 992 2972 attractum
1016 2913 1134 2972 eisdem
1157 2914 1314 2972 actoribus
1338 2914 1477 2973 debitam

209 3020 454 3079 satisfaccionem
477 3007 617 3094 impendi
640 3021 754 3080 debere
778 3021 983 3079 decernentes.
1008 3020 1157 3078 Nolentes
1180 3021 1278 3078 eciam
1302 3021 1471 3095 premissos

209 3132 465 3201 presumptuosus
488 3135 574 3184 actus
595 3127 803 3202 potenciarios
826 3127 923 3200 ipsius
946 3125 1095 3210 Johannis
1118 3125 1270 3183 Horwath
1293 3141 1350 3199 per
1373 3126 1478 3200 ipsum

209 3233 317 3292 ordine
340 3240 571 3307 prememorato
595 3239 734 3308 patratos
757 3239 787 3291 et
803 3234 986 3291 commissos
1009 3233 1194 3306 simpliciter
1206 3237 1236 3290 el
1259 3233 1388 3305 impune
1404 3248 1478 3306 per·

210 3341 348 3410 transire,
383 3357 422 3398 ne
444 3341 499 3398 alii
532 3341 572 3399 ab
595 3341 705 3398 eodem
729 3339 901 3414 exemplati
924 3341 963 3397 ad
987 3339 1164 3397 consimiles
1187 3339 1368 3396 temerarios
1392 3345 1478 3396 actus

209 3447 414 3518 potenciarios
436 3447 673 3506 committendos
696 3463 729 3504 se
752 3461 910 3521 apponere
942 3453 1166 3521 presummant,
1192 3444 1275 3520 quod
1300 3437 1479 3523 (quatenus)

209 3551 346 3610 eiusdem
366 3553 485 3626 penalis
510 3552 640 3611 affliccio
660 3553 818 3626 quoslibet
834 3555 875 3612 ab
898 3552 1114 3611 huiuscemodi
1139 3552 1259 3610 actibus
1282 3551 1479 3625 potenciariis

208 3657 423 3732 perpetrandis
446 3664 558 3716 terreat
581 3667 611 3716 et
633 3659 780 3730 retrahat,
797 3660 967 3732 ceterisque
984 3657 1123 3716 terribile
1139 3656 1228 3715 cedat
1240 3657 1272 3716 in
1286 3657 1478 3743 exemplum,

208 3764 397 3836 prelibatum
414 3765 588 3847 Johannem
604 3766 758 3823 Horwath
781 3766 811 3822 in
835 3780 961 3822 causam
985 3770 1151 3822 attractum
1174 3765 1206 3822 iu
1229 3763 1310 3822 facto
1343 3764 1479 3837 potenci-

207 3869 273 3926 ario
296 3885 334 3926 ex
356 3885 454 3942 eoque
470 3871 501 3928 in
524 3871 749 3944 quinquaginta
772 3873 885 3928 marcis
908 3870 1153 3942 homagialibus,
1175 3869 1322 3927 ducentos
1346 3868 1479 3928 florenos

207 3976 275 4032 auri
292 3975 503 4048 sordentibus,
521 3976 610 4034 dictis
626 3977 783 4034 actoribus
799 3977 960 4034 dumtaxat
977 3975 1117 4050 persolvi
1129 3974 1278 4032 debendis
1301 3975 1479 4033 convictum

208 4087 238 4138 et
261 4087 468 4154 aggravatum
491 4081 558 4140 fore
574 4083 812 4156 pronunciantes
828 4089 858 4140 et
880 4082 1118 4153 committentes,
1142 4087 1279 4140 vestram
1301 4081 1478 4140 amiciciam

209 4187 405 4259 presentibus
436 4189 571 4262 petimus
600 4188 775 4260 diligenter,
806 4197 957 4261 quatenus
986 4193 1126 4246 vestrum
1157 4188 1286 4245 mittatis
1318 4186 1479 4245 hominem

207 4307 265 4366 pro
297 4293 473 4351 testimonio
505 4293 567 4351 fide
598 4293 737 4366 dignum,
769 4309 831 4367 quo
865 4299 1007 4368 presente
1039 4309 1118 4351 unus
1149 4293 1201 4350 vel
1226 4293 1287 4350 duo
1310 4309 1349 4351 ex
1372 4293 1479 4351 electis

207 4404 236 4456 et
256 4397 367 4473 juratis
389 4399 549 4458 nobilibus
573 4401 737 4458 comitatus
761 4401 978 4473 zagrabiensis,
1002 4407 1164 4473 tamquam
1186 4400 1281 4456 homo
1302 4405 1415 4472 noster,
1440 4399 1479 4457 de

207 4505 278 4562 sede
301 4512 405 4562 nostra
427 4502 587 4578 judiciaria
611 4521 666 4580 per
690 4520 745 4563 nos
769 4505 807 4563 ad
833 4506 863 4564 id
888 4507 1064 4582 specialiter
1088 4504 1296 4574 transmissus,
1311 4505 1415 4579 primo
1438 4503 1479 4562 ad

217 4612 298 4667 acies
324 4617 485 4684 prenotate
508 4611 709 4684 possessionis
725 4611 892 4687 Zthupnyk
915 4613 947 4670 in
970 4611 1093 4688 prefato
1116 4612 1263 4669 comitatu
1288 4611 1480 4683 zagrabiensi

206 4716 319 4786 habite,
344 4723 628 4791 consequenterque
651 4718 804 4776 antedicte
827 4719 920 4778 tercie
937 4719 1035 4793 partis
1058 4717 1197 4776 eiusdem
1207 4716 1325 4790 ,vicinis
1349 4723 1378 4774 et
1394 4731 1478 4776 com·

206 4823 354 4879 metaneis
387 4823 451 4880 suis
483 4824 637 4882 universis
667 4824 746 4882 inibi
777 4823 931 4898 legittime
954 4824 1134 4883 convocatis
1156 4831 1186 4880 et
1209 4823 1405 4896 presentibus
1429 4837 1478 4881 ac·

206 4926 351 4999 cedendo,
375 4927 507 4986 eandem
528 4929 657 4988 terciam
689 4935 811 5004 partem
842 4931 939 5004 ipsius
970 4930 1172 5003 possessionis
1195 4928 1361 5002 Zthupnyk
1383 4929 1478 4987 simul

205 5049 276 5091 cum
300 5035 452 5093 universis
477 5035 617 5093 eiusdem
640 5037 831 5094 utilitatibus
850 5041 880 5094 et
895 5037 1093 5111 pertinenciis
1117 5035 1312 5109 quibuslibet
1328 5041 1477 5108 restatuat

1373 5156 1414 5216 30
