3932 5806
825 555 899 615 Boc.
922 569 995 632 244.
1019 589 1062 598 -
1084 555 1140 613 An.
1164 549 1259 633 1465.'

1003 767 1092 832 244.

516 906 597 956 Auno
619 905 694 972 1465,
714 919 738 968 4.
757 905 882 972 Augusti.
902 908 998 959 Budae.

407 1032 562 1104 Matthias,
597 1033 776 1107 Hungoriae
810 1039 857 1090 etc.
892 1053 954 1102 rex,
988 1035 1186 1092 communitate
1218 1035 1345 1093 civitatis
1374 1041 1511 1109 precante
1544 1037 1670 1111 capitulo

408 1140 527 1212 sagrab.
550 1147 636 1210 vetat,
657 1147 693 1196 ut
712 1157 731 1195 a
754 1139 878 1196 ciuitatis
900 1141 1103 1200 mercatoribus
1125 1147 1185 1214 pro
1207 1159 1295 1198 merce
1317 1141 1453 1198 tributum
1471 1149 1562 1215 porro
1580 1150 1669 1216 petat.

1171 1280 1212 1327 De
1231 1279 1410 1328 commissione
1428 1279 1527 1338 domini
1545 1281 1621 1345 regis.

514 1390 645 1448 Mathias
675 1389 725 1448 dei
755 1391 859 1463 gracia
889 1406 944 1448 rex
975 1391 1141 1463 Hungarie,
1164 1389 1335 1462 Dalmacie,
1358 1389 1485 1450 Croacie
1508 1397 1564 1450 etc.
1587 1391 1675 1451 Fide·

407 1498 491 1556 libus
514 1496 627 1555 nostris
649 1496 828 1554 honorabili
850 1497 988 1569 capitulo
1011 1497 1138 1554 ecclesie
1154 1497 1370 1568 zagrabiensis,
1394 1498 1528 1555 salutem
1551 1503 1581 1556 et
1603 1513 1673 1571 gra·

407 1604 495 1662 ciam.
526 1602 638 1659 Nostre
669 1601 838 1658 maiestatis
865 1601 1022 1659 venientes
1054 1603 1086 1659 in
1119 1601 1311 1675 presenciam
1342 1601 1451 1660 fideles
1474 1605 1573 1662 nostri
1595 1602 1674 1663 Con·

406 1709 518 1768 sardus
549 1709 675 1780 Rauser,
703 1707 807 1765 senior
835 1707 937 1778 iudex,
960 1722 996 1764 ac
1019 1707 1138 1765 Blasius
1161 1708 1287 1778 iuratus,
1312 1708 1395 1766 cives
1418 1709 1551 1768 civitatis
1570 1715 1674 1769 nostre

406 1815 521 1874 montis
545 1812 707 1872 Grecensis
730 1813 761 1870 in
784 1813 925 1885 ipsorum
949 1827 985 1869 ac
1008 1814 1105 1870 tocius
1128 1813 1358 1871 communitatis
1381 1814 1522 1873 eiusdem
1537 1816 1673 1875 civitatis

405 1927 510 1980 nostre
541 1919 690 1995 personis,
720 1919 811 1977 nobis
841 1934 996 1992 exponere
1027 1923 1213 1977 curaverunt
1243 1919 1274 1976 in
1304 1919 1386 1977 hunc
1418 1921 1563 1980 modurn:
1587 1921 1672 1995 quod

405 2030 478 2087 licet
500 2027 561 2103 ipsi
584 2033 614 2084 et
636 2031 702 2084 tota
724 2025 930 2083 communitas
953 2024 1034 2082 dicte
1064 2026 1198 2083 civitatis
1227 2031 1331 2083 nostre
1362 2027 1475 2084 montis
1493 2065 1494 2068 κ
1510 2027 1672 2086 Grecensis

404 2136 531 2208 antiqua
554 2133 707 2190 libertatis
730 2147 839 2189 eorum
863 2133 1060 2205 prerogativa
1081 2148 1137 2205 per
1152 2131 1242 2202 divos
1258 2148 1346 2205 reges
1363 2133 1530 2205 Hungarie,
1547 2139 1669 2191 nostros

404 2241 522 2300 scilicet
546 2237 785 2312 predecessores,
809 2237 885 2312 ipsis
907 2238 1046 2310 graciose
1076 2252 1218 2296 concessa
1249 2245 1278 2295 et
1310 2254 1365 2312 per
1394 2243 1533 2296 nostram
1548 2214 1672 2296 ¹maies-

404 2354 500 2405 tatem
531 2344 713 2403 confirmata
747 2345 930 2418 requirente,
959 2345 1000 2400 ab
1031 2344 1117 2402 omni
1148 2344 1307 2402 solucione
1338 2345 1510 2414 tributaria,
1546 2349 1610 2402 tam
1633 2343 1671 2400 de

404 2451 544 2528 personis
575 2451 721 2524 propriis,
752 2465 847 2523 quam
878 2450 917 2507 de
946 2451 1040 2507 rebus
1072 2455 1102 2507 et
1132 2450 1221 2507 bonis
1244 2466 1287 2506 ac
1319 2450 1528 2528 mercimoniis
1561 2465 1671 2508 eorum

404 2558 576 2632 quibusvis,
599 2558 630 2615 in
654 2557 903 2630 quibuscumque
926 2556 1003 2614 locis
1033 2556 1222 2613 tributorum
1250 2561 1432 2614 nostrorum
1462 2555 1610 2613 videlicet
1641 2567 1670 2613 et
1744 2571 1746 2574 ·

402 2665 537 2722 aliorum
569 2678 837 2736 quorumcumque
865 2661 934 2720 fieri
968 2661 1161 2734 debencium,
1193 2677 1249 2735 per
1271 2663 1375 2720 omnia
1398 2662 1534 2735 exempti
1557 2661 1618 2719 sint
1640 2667 1670 2718 et

406 2769 546 2840 liberati,
581 2774 686 2826 tamen
720 2783 776 2824 vos
809 2783 870 2825 non
901 2773 1041 2824 curantes
1072 2767 1251 2824 huiusmodi
1281 2768 1479 2826 libertatibus
1516 2767 1669 2841 ipsorum,

406 2874 532 2933 eosdem
563 2875 594 2932 in
629 2875 706 2931 locis
740 2875 930 2931 tributorum
966 2881 1141 2932 vestrorum
1174 2873 1214 2930 ad
1248 2875 1439 2932 solucionem
1474 2873 1669 2932 tributariam

402 2981 639 3054 compelleretis,
664 2988 692 3038 et
716 2987 846 3054 propter
868 2995 930 3037 non
944 2979 1136 3037 solucionem
1151 2980 1330 3038 huiusmodi
1351 2981 1472 3053 tributi,
1488 2978 1615 3037 eosdem
1638 2978 1669 3036 in

402 3087 594 3160 presenciam
617 3087 771 3144 banorum
792 3086 880 3158 regni
912 3087 1008 3143 nostri
1041 3084 1204 3143 Sclauonie
1234 3086 1474 3144 reconveniretis
1504 3087 1535 3143 in
1565 3085 1668 3158 preiu·

402 3193 517 3250 dicium
548 3192 702 3250 libertatis
734 3194 875 3266 ipsorum
905 3197 935 3248 et
968 3191 1195 3249 desolacionem
1218 3191 1298 3249 dicte
1321 3192 1456 3250 civitatis
1478 3196 1584 3249 nostre
1606 3206 1667 3248 non

401 3314 544 3372 parvam.
576 3297 677 3371 Quam
710 3299 752 3356 ob
782 3314 849 3356 rem
885 3297 1028 3356 fidelitati
1056 3307 1157 3356 vestre
1189 3297 1324 3356 firmiter
1357 3299 1560 3372 precipientes
1582 3313 1668 3355 man·

400 3405 519 3476 damus,
544 3411 695 3478 quatenus
718 3402 832 3470 amolo
855 3403 1000 3476 deinceps
1024 3418 1041 3460 a
1065 3401 1176 3460 futuris
1199 3403 1320 3460 civibus
1342 3403 1455 3461 nostris
1471 3402 1597 3460 nullum
1612 3401 1667 3460 tri·

400 3512 511 3570 butum
535 3519 641 3584 petere
664 3517 694 3567 et
717 3510 850 3582 exigere,
874 3509 1001 3582 petique
1023 3515 1053 3566 et
1076 3507 1260 3580 exigiiacere
1276 3515 1383 3566 contra
1399 3509 1541 3581 antiquas
1556 3523 1666 3566 eorum

399 3617 559 3676 libertates
583 3616 777 3690 presumatis,
801 3621 831 3673 et
854 3631 910 3673 nec
933 3615 1057 3673 eosdem
1081 3617 1164 3673 cives
1186 3623 1308 3673 nostros
1325 3631 1380 3689 per
1395 3629 1457 3672 non
1473 3616 1665 3673 solucionem

400 3723 578 3782 huiusmodi
598 3724 709 3781 tributi
731 3723 762 3780 in
786 3723 979 3796 presenciam
1001 3721 1156 3779 dictorum
1181 3723 1333 3780 banorum
1356 3723 1443 3795 regni
1466 3721 1564 3780 nostri
1580 3721 1664 3779 Scla-

399 3831 490 3888 uonie
513 3846 569 3904 per
599 3830 735 3902 amplius
766 3829 965 3887 reconvenire
997 3829 1200 3902 presumatis;
1228 3844 1300 3886 nam
1332 3829 1423 3887 aliter
1451 3829 1665 3887 commisimus

399 3936 485 3995 fideli
514 3943 622 3994 nostro
651 3935 816 4009 spectabili
846 3943 876 3992 et
910 3934 1075 4006 magnifico
1105 3935 1190 4016 Jaan,
1214 3935 1320 3994 comiti
1354 3935 1484 4008 Zagorie
1514 3942 1544 3992 et
1574 3915 1683 4006 regni

397 4043 496 4102 nostri
519 4041 651 4116 predicti
681 4041 843 4100 Sciauonie
874 4042 964 4112 bano,
988 4047 1022 4098 ut
1044 4041 1110 4114 ipse
1132 4040 1270 4115 prefatos
1294 4043 1376 4100 cives
1400 4047 1524 4099 nostros
1548 4040 1664 4098 montis

398 4149 561 4207 Grecensis
583 4149 615 4206 ia
645 4149 785 4222 ipsorum
809 4147 943 4220 antiquis
967 4147 1163 4205 libertatibus
1186 4159 1362 4206 conservet.
1385 4147 1478 4206 Secus
1503 4162 1577 4221 ergo
1601 4161 1662 4205 non

397 4254 515 4313 facturi.
537 4255 734 4312 Presentibus
758 4254 912 4327 perlectis,
935 4253 1092 4310 exhibenti
1115 4253 1271 4311 restitutis.
1295 4254 1411 4311 Datum
1435 4253 1519 4311 Butle
1541 4253 1591 4310 die
1609 4251 1663 4310 do·

398 4362 514 4420 minico
540 4361 684 4435 proximo
708 4367 778 4419 ante
802 4361 914 4418 testum
945 4361 1034 4416 beate
1057 4360 1153 4417 Marie
1176 4361 1306 4432 virginis
1329 4360 1367 4417 de
1390 4361 1469 4420 nive.
1495 4361 1584 4416 Anno
1608 4357 1662 4416 do·

397 4469 474 4529 mini
510 4469 680 4526 millesimo
717 4467 1022 4540 quadringentesimo
1056 4469 1248 4541 sexagesimo
1283 4467 1399 4541 quinto.
1431 4466 1528 4538 Regni
1564 4463 1663 4522 nostri

396 4589 477 4634 anno
501 4583 621 4646 octavo,
645 4573 856 4632 coronacionis
880 4587 956 4630 vero
979 4571 1123 4631 secundo.

421 4729 423 4734 '
500 4727 635 4794 Originale
653 4729 680 4778 in
699 4729 794 4780 charta.
816 4727 838 4776 A
862 4733 934 4790 tergo
953 4725 1090 4789 vestigium
1109 4727 1227 4797 impressi
1246 4725 1335 4789 sigilli.
1355 4727 1387 4774 In
1406 4725 1520 4774 archivio
1540 4723 1586 4772 lib.
1608 4738 1661 4786 reg.

396 4821 467 4870 civit.
487 4819 588 4883 zagrab.
