3828 5822
426 557 490 630 4o'4
736 551 810 610 Dec.
827 561 900 628 321.
917 563 993 628 322.
1021 583 1057 594 -
1082 549 1140 611 Aa.
1164 541 1389 629 [ndo-1481.

423 761 537 838 dilecti,
568 755 668 841 tepidi
698 761 812 839 essetis,
843 765 1058 824 commisimus
1088 770 1118 825 et
1141 766 1338 840 presentibus
1360 765 1466 823 stricte
1487 761 1688 841 precipiendo

422 865 608 934 mandamus
631 863 778 931 fidelibus
800 872 914 930 nostris
936 869 1030 930 banis
1049 871 1102 932 vei
1125 872 1285 931 vicebanis
1307 871 1395 944 regni
1410 873 1508 931 nostri
1523 868 1687 931 Sciauonie

422 967 482 1054 pio
517 968 659 1053 terttpore
694 973 876 1050 constituiis,
911 979 947 1036 tut
979 977 1041 1054 ipsi
1071 991 1128 1038 vos
1158 978 1199 1036 ad
1229 978 1334 1037 omnia
1362 976 1518 1052 premissa
1548 975 1689 1037 iacienda

423 1073 524 1144 arcius
547 1074 738 1159 compellant
761 1091 791 1145 et
814 1083 985 1158 astringant
1007 1085 1189 1144 auctoritate
1210 1089 1317 1143 nostra
1338 1084 1535 1158 presentibus
1556 1081 1634 1158 ipsis
1656 1083 1688 1140 in

418 1183 481 1251 'ttae
513 1179 602 1266 parte
638 1183 781 1250 concessa
815 1187 1034 1264 mediantibus,
1067 1203 1158 1249 secus
1190 1195 1265 1264 engo
1287 1197 1349 1249 non
1372 1187 1496 1249 tacturi.
1527 1189 1687 1248 presentes

421 1302 534 1368 antem,
566 1309 643 1371 quas
677 1297 794 1355 secreto
824 1295 931 1371 sigillo
959 1299 1075 1370 ttoitro,
1106 1301 1169 1370 nuo
1191 1301 1226 1354 nt
1248 1307 1304 1355 rex
1322 1295 1482 1369 Huugane
1504 1294 1632 1367 utimur,
1654 1295 1686 1354 in

419 1397 568 1478 pendenti
601 1401 788 1461 communiri
821 1401 967 1475 fecimus,
1002 1407 1074 1478 post
1108 1407 1217 1461 earnrn
1251 1401 1404 1460 lecturam
1437 1411 1563 1475 semper
1595 1399 1685 1459 reddi

419 1495 565 1567 iubemus
587 1502 784 1583 preseniadti.
806 1505 925 1567 Datum
947 1507 1097 1581 Zagrabie
1120 1508 1171 1568 die
1194 1507 1351 1567 dominico
1374 1511 1445 1582 post
1467 1505 1582 1566 festum
1602 1507 1684 1565 beati

420 1601 575 1674 Francisoi
597 1610 788 1674 contessoris.
813 1612 902 1673 Anno
926 1611 1045 1674 domini
1068 1615 1238 1674 millesimo
1262 1611 1565 1688 quadringentesimo
1581 1618 1684 1672 octua·

415 1716 546 1793 gesimo.
567 1717 748 1795 Regnordm
770 1721 949 1780 nostrorum
971 1732 1052 1780 auno
1074 1707 1234 1795 Hungarie
1254 1725 1309 1780 etc.
1332 1720 1481 1779 vicesimo
1503 1720 1608 1793 urcio,
1625 1719 1681 1777 Bo·

415 1817 522 1886 'hemia
546 1835 621 1886 vero
641 1815 834 1887 duodecimo.

500 1981 549 2068 NE
576 1981 720 2048 protoootto
744 1981 795 2033 loci
821 1982 953 2034 credibilis
976 1999 1014 2036 ur.
1042 1983 1158 2034 xm„
1185 1999 1243 2050 pag.
1263 1995 1307 2048 40.
1333 1969 1367 2032 In
1384 1977 1499 2031 archivio
1517 1997 1575 2030 ven.
1595 1973 1679 2046 capit

420 2069 602 2134 angrabiensis.

1015 2301 1096 2369 aal.

525 2495 607 2550 Anno
628 2498 704 2562 1480,
726 2507 766 2560 13.
785 2495 939 2548 novembris.
959 2491 1108 2562 zagrabiae.

518 2643 653 2730 Joanuea
683 2643 746 2703 Tnz
776 2643 815 2702 de
845 2643 926 2716 Lair,
958 2644 1189 2703 tavernicorum
1218 2641 1373 2716 regalium
1403 2643 1551 2717 magister
1582 2651 1680 2704 metas

415 2747 509 2810 caen
530 2750 652 2810 Me'dwe
673 2763 746 2808 cum
768 2749 934 2824 capitulari
957 2751 1112 2809 territorio
1134 2756 1165 2808 et
1187 2749 1399 2822 Paulinianum,
1422 2757 1456 2807 ut
1479 2749 1502 2808 ii
1524 2751 1678 2828 dicebant,

416 2859 483 2916 tant
504 2871 523 2914 a
546 2857 635 2931 pa'rte
656 2857 809 2927 orientali,
830 2865 925 2930 quarn
948 2855 1196 2931 septemtrionali
1215 2854 1247 2914 iu
1270 2863 1375 2916 moute
1399 2855 1531 2915 Medved
1548 2858 1680 2930 tenebat,

414 2960 535 3022 ratione
557 2971 698 3037 quarum,
722 2969 794 3021 eum
816 2977 887 3022 cum
904 2964 1076 3038 capitulum
1092 2963 1123 3022 in
1151 2961 1276 3022 instanti
1290 2963 1526 3036 congregatione
1542 2963 1681 3036 generati

413 3065 580 3129 Statoniae
608 3065 641 3128 in
670 3067 719 3145 jus
749 3069 903 3127 attrahere
933 3069 1092 3142 voluisset,
1121 3067 1212 3128 isad
1244 3067 1388 3128 vitandas
1421 3083 1582 3145 expensas,
1605 3067 1680 3128 visis

413 3171 545 3250 ernian
567 3174 689 3248 titteris,
711 3189 763 3233 eas
786 3175 923 3234 remittit

518 3315 626 3396 (ieoigii
644 3319 815 3380 Mancelovid:
836 3309 961 3394 hegesia,
982 3335 1115 3395 utsupra

1004 3609 1090 3679 822.

516 3799 599 3854 Ano
620 3804 695 3868 1481,
715 3815 756 3867 ³0·
773 3801 892 3869 junoni
913 3804 1059 3869 mgnum

515 3935 604 4010 Ferta
628 3964 655 4024 3.
678 3953 748 4008 ante
771 3945 1020 4010 purificationem
1043 3951 1075 4010 in
1098 3949 1335 4026 congregatione
1350 3949 1488 4026 generali
1503 3951 1670 4012 comitatus

406 4047 614 4128 zagr'abiensis
629 4054 714 4131 jussu
730 4055 857 4131 speciali
874 4055 1006 4120 Mathiae
1021 4055 1112 4132 regis,
1129 4057 1215 4117 ducis
1233 4057 1383 4132 nustriae,
1400 4072 1499 4134 prope
1514 4058 1673 4118 civitatem

406 4159 639 4234 tagrabiensem
661 4162 826 4235 celebrata,
851 4177 956 4222 coram
979 4162 1130 4223 ifichaete
1153 4163 1270 4238 Orsrag
1292 4164 1331 4223 de
1353 4163 1447 4236 Goth,
1478 4165 1617 4240 palatino
1640 4169 1670 4224 et

407 4251 565 4342 Stephano
588 4258 703 4328 Bethor
724 4267 835 4346 judice,
857 4267 991 4354 Joannes
1013 4271 1152 4344 Posegny
1174 4269 1310 4330 director
1332 4279 1494 4329 causarum
1516 4271 1674 4345 regiarum

404 4374 585 4449 proposuit:
609 4367 772 4449 Kraloucz‚
796 4371 912 4453 Czerje,
936 4369 1094 4453 Kouttjm,
1124 4375 1266 4436 Sviblian
1289 4383 1320 4436 et
1344 4375 1441 4436 North
1465 4377 1600 4436 civitatis
1622 4391 1673 4436 aa·

405 4476 577 4554 grabtensis
611 4493 685 4555 esse,
717 4476 870 4556 possideri
905 4487 1009 4542 tamen
1045 4497 1101 4557 per
1131 4483 1313 4557 capitulum,
1337 4497 1355 4542 a
1378 4495 1442 4558 quo
1467 4489 1497 4542 et
1519 4485 1672 4543 rationem

406 4585 609 4662 possessionis
632 4587 825 4662 exquirebat.
851 4587 1021 4663 Gregorius
1051 4585 1196 4647 Pethrata
1226 4587 1265 4648 de
1294 4587 1457 4662 Dinaretra,
1490 4597 1673 4664 procurator

405 4691 545 4770 capituli,
562 4690 738 4769 respoudit:
762 4695 936 4770 capitutum
953 4693 1120 4770 superinde
1143 4695 1236 4754 etiam
1259 4691 1376 4754 habere
1397 4693 1527 4769 litteras,
1549 4703 1672 4755 retnnrtd

404 4791 547 4860 strandas
569 4801 602 4860 in
623 4799 766 4859 ulteriori
789 4801 921 4859 termino
944 4816 1002 4875 per
1024 4795 1198 4876 palatinum
1213 4799 1422 4876 praefigendo,
1438 4801 1471 4862 iu
1485 4802 1571 4861 curia
1587 4801 1673 4876 regia

402 4917 473 4968 cum
497 4907 679 4982 gravamine
703 4913 856 4966 concreto.
881 4903 1039 4966 Palatinus
1062 4908 1206 4983 praefixit
1229 4909 1397 4967 terminum
1420 4913 1546 4968 octavas
1569 4924 1592 4967 s.
1609 4909 1669 4968 Ge-

402 5015 482 5089 orgii
506 5027 578 5074 cum
601 5013 783 5088 gravamine
806 5007 901 5072 trium
925 5017 1111 5088 marcarum,
1142 5029 1219 5088 quas
1243 5019 1427 5089 procurator
1449 5013 1554 5074 statim
1576 5013 1672 5073 solvit
