3930 5802
708 535 781 593 Doc.
805 547 873 612 134.
894 565 936 578 -
957 534 1015 592 An.
1038 547 1128 612 1441.
1493 534 1550 604 187

283 753 413 826 singulis
436 753 594 827 perpetuis
618 751 730 809 futuris
752 749 948 825 temporibus
972 764 1051 822 pena
1068 749 1127 806 sub
1152 747 1267 822 duppli
1289 750 1380 808 nobis
1397 757 1425 808 et
1441 763 1552 808 mona·

287 860 382 918 sterio
404 865 511 917 nostro
545 862 708 932 prenotato
741 856 816 914 dare
849 863 879 913 et
901 855 1096 913 aministrare
1130 855 1288 913 debebunt
1309 861 1339 914 et
1361 857 1549 914 tenebuntur

284 981 357 1024 cum
380 965 500 1024 effectu.
523 965 591 1022 Hoc
614 962 713 1020 ceiam
736 976 882 1036 expresso
914 967 945 1019 et
976 960 1142 1030 declarato,
1181 959 1266 1034 quod
1289 961 1316 1018 si
1340 961 1477 1035 prefatus
1500 961 1552 1020 Se·

282 1071 398 1130 boldus
414 1070 466 1128 vel
489 1070 564 1128 dicti
586 1069 685 1144 ipsius
708 1067 838 1126 heredes
861 1072 892 1125 et
915 1081 1106 1125 successores
1130 1075 1184 1124 aut
1218 1067 1312 1124 ceteri
1343 1059 1442 1140 ipsius
1465 1069 1551 1126 curie

282 1193 337 1236 seu
360 1177 473 1235 domus
496 1183 527 1235 et
549 1175 670 1234 cellarii
693 1174 847 1250 prenotati
869 1177 1005 1231 tentores
1021 1179 1051 1229 et
1067 1187 1260 1246 possessores
1279 1173 1420 1246 aliquam
1441 1179 1549 1232 notam

282 1282 474 1342 infidelitatis
498 1288 551 1340 aut
573 1280 803 1354 ingratitudinis
824 1278 1009 1337 incurrerint
1032 1283 1140 1336 contra
1173 1293 1230 1336 nos
1264 1283 1294 1336 et
1324 1281 1548 1338 monasterium

247 1459 255 1470 ,
281 1396 423 1447 nostrum
447 1393 652 1462 prenotatum,
669 1391 781 1444 extunc
804 1385 863 1460 ipsi
880 1385 920 1442 ab
937 1383 1022 1441 omni
1044 1381 1120 1459 jure,
1145 1383 1283 1442 dominio
1306 1389 1337 1442 et
1360 1385 1551 1459 proprietate

184 1539 189 1549 .
282 1493 463 1552 eorumdem
486 1494 570 1551 curie
593 1508 648 1550 seu
675 1491 787 1550 domus
811 1495 840 1548 et
864 1489 984 1548 cellarii
1007 1489 1119 1547 cadant
1150 1494 1181 1546 et
1203 1489 1416 1561 destituantur,
1448 1495 1477 1548 et
1500 1491 1548 1564 ip·

281 1613 388 1657 sorum
411 1597 578 1673 disposicio
601 1597 641 1656 ad
664 1612 721 1655 nos
745 1595 873 1654 devolvi
890 1600 920 1654 et
934 1593 1103 1654 redundari
1119 1593 1229 1652 debeat
1252 1596 1321 1669 ipso
1344 1593 1426 1654 iacto
1451 1595 1543 1670 pleno

281 1705 357 1763 iuris
382 1720 454 1764 cum
478 1705 599 1762 effectu.
623 1704 658 1761 ln
681 1703 767 1761 cuius
789 1703 834 1760 rei
864 1703 1058 1773 memoriam,
1082 1701 1325 1775 firmitatemque
1361 1706 1544 1776 perpetuam

283 1814 440 1885 presentes
473 1809 574 1868 eidem
609 1809 816 1867 concessimus
849 1808 968 1867 litteras
1005 1813 1126 1867 nostras
1160 1808 1337 1881 sigillorum
1372 1813 1549 1866 nostrorum

285 1916 529 1990 appensionibus
552 1915 721 1974 roboratas.
752 1915 868 1972 Datum
892 1915 922 1973 in
943 1915 1130 1974 monasterio
1151 1920 1258 1973 nostro
1281 1919 1443 1988 prenotato
1466 1915 1544 1974 feria

281 2027 367 2080 sexta
383 2023 528 2096 proxima
540 2027 610 2079 ante
623 2020 736 2079 festum
748 2021 924 2079 sanctisime
936 2023 1103 2080 Trinitatis.
1118 2023 1209 2081 Anno
1225 2021 1344 2080 domini
1356 2021 1549 2080 MCCCCXL

282 2128 393 2201 primo.
432 2129 500 2186 Hoc
526 2129 623 2185 eciam
653 2127 805 2196 adiuncto,
841 2127 926 2200 quod
956 2128 982 2186 si
1013 2127 1152 2202 prefatus
1190 2127 1360 2199 Seboldus‚
1398 2128 1450 2186 vel
1474 2128 1548 2187 dicti

280 2234 381 2308 ipsius
411 2233 540 2293 heredes
571 2238 601 2292 et
631 2247 822 2292 successores
848 2233 955 2308 aliquo
985 2238 1164 2308 temporum
1178 2291 1182 2300 ,
1195 2235 1227 2292 in
1257 2249 1403 2307 processu
1427 2234 1542 2294 dictam

280 2340 402 2398 curiam
424 2354 477 2398 seu
505 2339 636 2397 domum
659 2354 730 2397 cum
755 2339 937 2412 prescriptis
959 2340 1023 2398 suis
1047 2341 1245 2414 pertinenciis
1268 2339 1402 2398 vendere
1425 2340 1547 2412 vellint,

281 2451 393 2504 extunc
415 2446 477 2520 ipsi
508 2444 638 2503 eandem
672 2445 788 2502 nemini
823 2444 913 2502 alteri
947 2445 1006 2504 nisi
1044 2445 1199 2503 mediante
1236 2445 1423 2504 ammonicia
1446 2445 1544 2520 ipsius

280 2551 417 2611 Conradi
439 2552 568 2609 Rawsar
590 2565 626 2608 ac
640 2550 764 2608 domine
776 2566 831 2608 sue
847 2552 998 2610 consortis
1013 2555 1175 2626 prenotate
1190 2556 1220 2608 et
1244 2565 1373 2608 suorum
1396 2549 1546 2609 heredum

283 2657 353 2716 aliis
375 2657 511 2716 vendere
535 2657 653 2731 possint
676 2672 732 2714 nec
755 2656 880 2715 valeant
902 2657 996 2716 modo
1019 2657 1158 2730 aliquali.
1181 2657 1307 2729 Datum,
1330 2661 1365 2714 ut
1388 2672 1484 2731 supra

387 2793 534 2858 Conceptus
553 2792 617 2842 dicti
635 2792 736 2842 abbatis
754 2792 891 2858 Johannis,
911 2795 938 2844 in
957 2795 1045 2844 charte
1063 2792 1184 2860 simplici.
1213 2794 1276 2846 Act.
1305 2792 1389 2859 Cepit.
1409 2799 1461 2846 ant.
1482 2793 1543 2845 fasc.

286 2875 342 2916 ror.
362 2879 400 2915 nr.
420 2877 462 2930 50.
1483 2873 1486 2880 ’

870 3021 950 3090 134.

386 3147 467 3195 Anno
488 3157 563 3210 1443,
583 3160 607 3210 4.
624 3146 744 3210 januarii.
764 3147 912 3209 Zagrabiae.

282 3253 495 3314 Testamentum
539 3254 672 3329 Georgii,
698 3257 761 3328 filii
788 3256 915 3327 Mcolai,
941 3257 1009 3314 de'cti
1040 3257 1139 3329 Baxa,
1162 3257 1233 3316 civo
1253 3259 1367 3318 montis.
1386 3256 1544 3324 Grecensis.

383 3381 417 3439 ln
439 3383 564 3440 nomine
588 3381 716 3442 domini.
749 3383 856 3440 Amen.
888 3385 975 3442 Anno
1004 3385 1174 3444 nativitatis
1205 3384 1343 3445 eiusdem
1374 3383 1543 3443 millesimo

279 3485 583 3560 quadringentesimo
610 3486 848 3561 quadragesimo
864 3491 968 3562 tercio,
987 3490 1062 3550 feria
1077 3496 1164 3550 sexta
1180 3491 1324 3566 proxima
1341 3494 1410 3548 ante
1429 3489 1542 3548 festum

276 3593 522 3667 Epiphaniarum
545 3593 672 3666 domini,
694 3595 772 3653 hora
796 3594 858 3653 diei
880 3603 965 3654 sexta
988 3599 1041 3656 vel
1064 3599 1161 3672 quasi.
1184 3600 1250 3672 Ego
1272 3597 1433 3670 Georgius,
1458 3596 1542 3656 filius

277 3698 410 3757 condam
444 3699 574 3771 Nicolai,
598 3699 672 3760 dicti
705 3701 788 3758 Baxa
812 3701 851 3759 de
874 3702 1028 3776 Prybych,
1051 3705 1168 3764 nobilis
1191 3705 1230 3763 de
1253 3703 1362 3764 eadem
1384 3703 1539 3776 Prybych;

276 3805 415 3879 civisque
431 3806 565 3865 civitatis
581 3808 694 3866 montis
718 3807 880 3868 Grecensis
902 3809 941 3868 de
962 3808 1049 3886 juxta
1064 3811 1258 3885 Zagrabiam,
1282 3812 1314 3870 in
1336 3809 1430 3869 domo
1452 3810 1539 3867 habi·

276 3911 404 3970 tacionis
420 3928 489 3970 mee
503 3913 589 3970 civili
604 3913 636 3972 in
651 3913 760 3972 eadem
776 3914 901 3974 civitate
917 3917 1031 3975 montis
1046 3917 1209 3976 Grecensis
1241 3918 1356 3988 habita,
1369 3914 1541 3989 egritudine

277 4018 416 4090 corporis
439 4034 521 4076 nunc
536 4023 704 4093 preventus
727 4037 766 4078 ex
789 4021 950 4080 voluntate
971 4021 1085 4096 divina,
1108 4038 1181 4096 eger
1196 4023 1269 4082 licet
1287 4037 1427 4096 corpore,
1449 4035 1541 4079 sanus

276 4127 380 4180 tamen
403 4129 514 4196 mente,
537 4140 678 4199 puraque
700 4127 836 4201 loquela,
859 4130 1044 4202 racioneque
1063 4131 1146 4189 bona
1169 4131 1309 4200 existens,
1331 4128 1369 4186 de
1391 4126 1538 4186 omnibus

275 4230 522 4301 possessionibus
534 4233 611 4290 meis
622 4233 782 4293 nobilibus
794 4239 824 4293 et
836 4235 982 4294 civilibus
997 4237 1029 4296 in
1045 4236 1193 4312 predictis
1210 4235 1354 4308 Prybych
1367 4239 1397 4292 et
1412 4233 1536 4292 civitate

276 4335 391 4393 montis
408 4335 568 4396 Grecensis
585 4353 638 4397 seu
655 4355 762 4398 earum
775 4342 971 4416 pertinenciis
987 4349 1017 4402 et
1033 4344 1196 4403 territoriis
1219 4343 1334 4402 habitis
1355 4346 1386 4400 et
1409 4341 1539 4399 existen·

274 4441 359 4498 tibus
375 4457 426 4500 me
449 4441 579 4518 Jun'dice
599 4451 629 4504 et
651 4447 835 4508 litteratorie
850 4465 904 4508 seu
921 4451 1159 4523 quomodolibet
1174 4452 1265 4510 aliter
1276 4451 1335 4509 rite
1347 4453 1376 4507 et
1388 4447 1539 4519 legittime

274 4536 536 4623 concernentibus,
560 4567 597 4610 ac
618 4553 688 4612 aliis
711 4555 874 4628 quibusvis
896 4558 991 4614 rebus
1014 4563 1044 4616 et
1067 4559 1157 4616 bonis
1186 4559 1264 4616 meis
1297 4555 1470 4614 mobilibus
1492 4553 1538 4610 vi·

274 4653 385 4712 delicet
407 4661 437 4713 et
460 4657 678 4717 immobilibus
711 4661 807 4720 michi
839 4677 857 4720 a
893 4663 951 4722 deo
985 4665 1137 4722 concessis
1159 4664 1222 4724 tale
1245 4679 1351 4722 meum
1374 4675 1485 4720 verum
1509 4663 1539 4716 et

272 4761 420 4818 ultimum
442 4777 478 4820 ac
500 4762 684 4826 inviolabile
706 4766 786 4826 facio
809 4775 839 4826 et
863 4769 962 4828 condo
988 4775 1214 4830 testamentum.
1245 4771 1322 4828 item
1346 4769 1458 4843 primo,
1491 4779 1538 4824 ΓΘ·

273 4867 457 4926 commendo
480 4885 594 4944 corpus
617 4878 647 4930 et
670 4872 807 4932 animam
830 4889 932 4932 meam
965 4876 1022 4936 deo
1053 4877 1259 4952 omnipotenti
1281 4874 1394 4953 jugiter
1425 4873 1537 4946 guber·

270 4971 415 5034 dandam.
438 4972 526 5052 Item,
549 4979 758 5052 possessiones
781 4995 867 5039 meas
888 4983 1009 5042 nobiles
1031 4985 1062 5043 in
1085 4983 1225 5058 predicta
1241 4982 1388 5056 Prybych
1402 4981 1536 5054 habitas,
