3930 5802
409 507 470 582 184
816 505 891 562 Doc.
914 518 983 581 131.
1008 537 1049 548 -
1074 514 1129 564 An.
1153 518 1245 581 1441.

404 719 444 777 de
478 720 621 793 presenti,
656 719 741 794 quod
776 721 807 778 in
831 719 1038 793 preludiciurn
1062 725 1092 777 et
1126 719 1300 793 dampnum
1336 719 1519 777 eorumdem
1554 720 1670 777 civium

403 831 583 884 nostrornm
605 825 687 884 cedit
710 825 918 884 manifestum
941 826 979 882 Et
995 826 1076 898 quia,
1100 826 1146 882 uti
1169 833 1199 882 et
1221 826 1313 882 vobis
1336 827 1415 883 bene
1438 829 1566 895 constat,
1600 841 1669 898 pre-

403 930 487 990 dicta
508 931 618 990 civitas
641 937 746 990 nostra
769 931 884 990 montis
905 929 1067 990 Greeensis
1091 932 1171 990 inter
1193 931 1271 990 alias
1307 931 1424 989 liberas
1456 932 1597 990 civitates
1620 946 1670 989 co·

402 1051 478 1096 rone
500 1042 681 1113 computata
703 1053 828 1112 semper
850 1043 881 1094 et
902 1038 944 1094 ab
966 1038 1094 1112 antiquo
1117 1037 1219 1096 eidem
1250 1051 1363 1096 corone
1397 1038 1485 1110 regni
1509 1038 1669 1110 Hungarie

402 1145 535 1218 pretacti
557 1142 693 1202 fideliter
715 1145 853 1215 servivit,
877 1143 1067 1216 regibusque
1090 1144 1258 1216 Hungarie,
1284 1145 1399 1202 nostris
1414 1143 1535 1201 scilicet
1557 1143 1668 1217 prede-

402 1250 577 1308 cessoribus
592 1254 623 1308 et
644 1251 760 1308 nemini
775 1249 866 1308 alteri
881 1249 1010 1308 obedire
1032 1251 1158 1308 astricta
1174 1249 1241 1320 fuit,
1274 1249 1344 1308 ideo
1359 1248 1526 1308 fidelitates
1548 1255 1668 1308 vestras

402 1355 516 1414 harum
537 1356 616 1414 serie
646 1355 812 1429 diligenter
834 1356 1032 1429 requirimus,
1055 1355 1173 1414 eisdem
1196 1355 1412 1413 commitentes
1434 1355 1558 1427 seriose,
1589 1371 1664 1429 qua-

403 1468 491 1521 tenus
514 1461 554 1520 de
576 1467 678 1522 cetero
715 1468 746 1520 et
779 1479 837 1537 per
865 1463 1004 1536 amplius
1025 1464 1111 1537 ipsos
1144 1464 1228 1521 cives
1250 1463 1385 1520 civitatis
1417 1467 1521 1520 nostre
1552 1462 1667 1519 montis

402 1567 563 1628 Grecensis
583 1585 640 1643 per
662 1583 719 1627 vos
742 1575 795 1627 aut
819 1568 992 1642 predictam
1012 1568 1172 1626 dominam
1187 1576 1362 1626 consortem
1378 1575 1525 1638 vestram,
1549 1567 1667 1624 scilicet

400 1689 507 1733 comes
526 1674 642 1747 Vlriee,
658 1675 690 1734 in
711 1674 802 1733 nullo
824 1673 980 1747 impedire
1009 1679 1039 1732 et
1073 1675 1258 1748 perturbare
1290 1674 1395 1732 velitis
1425 1679 1456 1732 et
1479 1673 1668 1747 permittatis

400 1779 617 1853 quovismodo,
640 1795 727 1839 secus
750 1795 811 1838 non
835 1780 953 1838 facturi
975 1780 1174 1838 Presentibus
1198 1780 1354 1854 perlectis,
1384 1779 1544 1837 exhibenti
1575 1779 1664 1837 resti·

402 1887 487 1946 tutis.
511 1886 628 1944 Datum
651 1888 683 1945 in
699 1887 846 1945 descensu
868 1891 976 1944 nostro
999 1887 1167 1960 campestri
1201 1901 1302 1960 prope
1337 1885 1491 1958 oppidum
1524 1883 1663 1957 Sabarie,

401 1991 479 2050 teria
501 1997 611 2066 quarta
634 1993 779 2067 proxima
801 1998 874 2068 post
896 1991 1011 2050 testum
1033 1992 1128 2050 Pasce
1150 1992 1276 2050 domini
1301 1994 1391 2049 Anno
1420 1991 1560 2048 eiusdem
1590 1991 1663 2050 mil-

402 2097 515 2155 lesimo
538 2097 845 2172 quadringentesimo
865 2097 1105 2172 quadragesimo
1128 2099 1240 2172 primo.

507 2249 687 2314 originalem
705 2251 802 2311 charta,
820 2251 847 2301 in
874 2266 926 2314 qua
943 2251 1097 2316 impressum
1114 2259 1154 2301 est
1181 2249 1296 2315 sigillum
1323 2250 1399 2314 regis.
1433 2251 1466 2298 In
1483 2249 1578 2302 archiv.
1605 2249 1664 2302 incl

401 2337 487 2390 Aoed.
505 2337 601 2392 Scient.
620 2339 690 2395 Slav.
709 2340 799 2393 merid.

1009 2621 1077 2690 131.

506 2745 588 2796 nmo
608 2757 683 2810 1441,
701 2745 726 2798 s.
743 2747 813 2796 marr.
831 2747 929 2800 nurse.

409 2871 584 2945 Vladislaus,
606 2875 786 2954 Hungem'ae
816 2881 864 2932 ete.
887 2893 950 2945 rex,
973 2875 1047 2932 cives
1069 2875 1172 2933 montis
1197 2874 1349 2934 Grecense's
1370 2876 1545 2946 consolamr,
1567 2878 1668 2934 certeis·

400 2997 502 3054 resque
523 2980 606 3056 facit
631 2999 690 3040 sese
718 2981 870 3040 mandasse
899 2981 1044 3040 comitibus
1080 2979 1182 3052 Cile'ae,
1204 2988 1239 3038 ut
1257 2980 1384 3039 hornims
1404 2999 1471 3040 suos
1492 3001 1512 3040 a
1541 2985 1667 3042 cecitatis

861 3088 1003 3146 obsidione
1024 3096 1206 3146 removerent.

1104 3226 1258 3278 Commissio
1277 3228 1381 3294 propria
1399 3227 1498 3277 domini
1516 3229 1592 3294 regis.

505 3336 699 3395 Wladislaus
722 3337 772 3396 dei
794 3337 898 3412 gracia
921 3339 1088 3412 Hungarie,
1110 3338 1246 3411 Polonie,
1268 3338 1441 3412 Dalmacie,
1463 3338 1592 3398 Croacie
1608 3345 1663 3400 etc.

398 3460 463 3512 rex,
487 3444 722 3517 Lithwanieque
744 3445 889 3519 princeps
913 3459 1078 3518 supremus
1101 3450 1131 3503 et
1155 3445 1244 3502 heres
1267 3445 1376 3503 Russie
1398 3449 1453 3503 etc.
1483 3445 1612 3504 Proridi
1634 3451 1665 3505 et

399 3549 635 3624 circumspecti,
669 3548 779 3608 fideles
812 3551 903 3609 nobis
936 3551 1053 3609 sincere
1087 3551 1201 3609 dilecti.
1236 3552 1345 3609 Missas
1376 3550 1467 3609 nobis
1502 3551 1561 3609 hac
1596 3553 1663 3612 vice

399 3672 456 3730 per
488 3669 546 3714 vos
579 3655 698 3715 litteras
731 3657 908 3732 accepimus
942 3663 972 3715 et
1003 3661 1181 3715 contentum
1205 3658 1236 3716 in
1263 3657 1307 3715 eis
1330 3663 1478 3730 tenorem,
1506 3674 1541 3715 re
1571 3660 1664 3718 mira·

399 3761 458 3820 bili
480 3765 658 3821 contextum
680 3777 753 3822 sane
775 3763 996 3834 intelleximus,
1020 3763 1188 3822 amirantes
1221 3763 1422 3821 vehementer
1453 3763 1491 3821 de
1521 3765 1579 3837 his,
1604 3781 1663 3838 que

399 3869 431 3926 in
461 3867 579 3927 eisdem
613 3885 651 3926 err
684 3875 773 3943 parte
808 3871 959 3929 comitum
993 3869 1072 3927 Cilie
1107 3869 1332 3928 describuntur.
1356 3869 1446 3929 Unde
1479 3870 1585 3929 audita
1607 3872 1664 3930 illa

398 3973 604 4033 tribulacione
626 3979 738 4046 vestra,
762 3990 836 4034 mox
858 3976 1042 4050 scripsimus
1069 3975 1145 4049 ipsis
1181 3975 1348 4033 comitibus
1367 3955 1513 4034 'seriosas
1543 3977 1663 4036 litteras

397 4085 527 4152 nostras,
549 4083 585 4138 ut
607 4081 668 4153 ipsi
689 4086 795 4155 gentes
818 4085 848 4140 et
870 4081 1012 4140 homines
1027 4083 1180 4155 ipsorum,
1207 4081 1408 4156 singulosque
1432 4081 1472 4140 ad
1495 4097 1547 4141 eos
1570 4085 1664 4157 perti·

397 4191 512 4258 nentes,
535 4187 576 4244 ab
598 4185 759 4246 obsidione
774 4187 861 4246 illius
884 4187 1017 4247 civitatis
1039 4202 1202 4246 removere
1225 4187 1366 4246 debeant.
1390 4186 1453 4262 Qui
1475 4189 1501 4247 si
1524 4187 1662 4262 fecerint,

398 4291 477 4350 bene
491 4290 627 4366 quidem,
651 4291 792 4366 alioquin
813 4292 1024 4368 disposuimus
1047 4293 1086 4351 de
1108 4291 1220 4352 festino
1243 4293 1334 4352 vobis
1354 4293 1484 4352 auxilio·
1494 4295 1665 4368 provideri.

398 4397 601 4472 Requirentes
623 4413 681 4458 vos
703 4404 734 4457 et
756 4406 900 4474 rogantes
930 4407 1081 4475 quatenus
1115 4400 1241 4459 interim
1274 4400 1437 4459 dumtaxat
1472 4399 1569 4459 donec
1591 4403 1662 4461 mit·

397 4502 526 4562 tendum
550 4505 640 4563 vobis
662 4505 813 4564 auxilium
837 4507 911 4566 illac
934 4508 1085 4580 attingere
1108 4506 1233 4582 poterit,
1256 4522 1314 4565 vos
1337 4513 1367 4565 et
1390 4507 1481 4565 illam
1503 4507 1661 4566 civitatem

397 4610 637 4684 asurrepcione
661 4614 854 4686 preservetis,
877 4628 940 4672 non
962 4612 1136 4672 dubitando
1159 4613 1191 4672 in
1214 4614 1304 4672 brevi
1327 4627 1384 4671 vos
1406 4612 1448 4670 ab
1471 4611 1527 4670 illa
1562 4613 1662 4672 tribu·

396 4715 517 4774 lacione
539 4716 675 4776 liberari.
698 4717 816 4776 Datum
839 4719 926 4778 Bude
947 4719 1078 4779 sabbato
1101 4720 1249 4794 proximo
1268 4724 1340 4794 post
1361 4718 1476 4778 festum
1507 4719 1662 4794 apparici·

397 4822 464 4880 onis
488 4822 570 4882 beati
600 4823 761 4884 Michaelis
783 4827 972 4900 archangeli.
1003 4827 1094 4885 Anno
1118 4826 1237 4885 domini
1260 4825 1429 4884 millesimo
1452 4824 1659 4900 quadringen-

396 4929 508 4988 tesimo
531 4928 770 5006 quadragesimo
793 4933 933 5007 primo„
1030 4927 1033 4932 ’
1547 4927 1551 4934 “
1639 4905 1644 4916 ’
