<?xml version="1.0" encoding="UTF-8"?>
<!DOCTYPE html PUBLIC "-//W3C//DTD XHTML 1.0 Transitional//EN"
    "http://www.w3.org/TR/xhtml1/DTD/xhtml1-transitional.dtd">
<html xmlns="http://www.w3.org/1999/xhtml" xml:lang="en" lang="en">
 <head>
  <title>
</title>
<meta http-equiv="Content-Type" content="text/html;charset=utf-8" />
  <meta name='ocr-system' content='tesseract 3.04.00' />
  <meta name='ocr-capabilities' content='ocr_page ocr_carea ocr_par ocr_line ocrx_word'/>
</head>
<body>
  <div class='ocr_page' id='page_1' title='image "./monumentahistor20laszgoog_0632.png"; bbox 0 0 3828 5822; ppageno 0'>
   <div class='ocr_carea' id='block_1_1' title="bbox 672 485 1505 565">
    <p class='ocr_par' dir='ltr' id='par_1_1' title="bbox 672 485 1505 565">
     <span class='ocr_line' id='line_1_1' title="bbox 672 485 1505 565; baseline 0.017 -19"><span class='ocrx_word' id='word_1_1' title='bbox 672 489 745 546; x_wconf 88' lang='lat' dir='ltr'>Doc.</span> <span class='ocrx_word' id='word_1_2' title='bbox 764 502 839 564; x_wconf 77' lang='lat'>302.</span> <span class='ocrx_word' id='word_1_3' title='bbox 866 520 903 532; x_wconf 89' lang='lat'>-</span> <span class='ocrx_word' id='word_1_4' title='bbox 929 489 985 548; x_wconf 84' lang='lat' dir='ltr'>An.</span> <span class='ocrx_word' id='word_1_5' title='bbox 1009 485 1099 564; x_wconf 75' lang='lat'><em>1476.</em></span> <span class='ocrx_word' id='word_1_6' title='bbox 1446 506 1505 565; x_wconf 83' lang='lat'>375</span> 
     </span>
    </p>
   </div>
   <div class='ocr_carea' id='block_1_2' title="bbox 245 595 397 604">
    <p class='ocr_par' dir='ltr' id='par_1_2' title="bbox 245 595 397 604">
     <span class='ocr_line' id='line_1_2' title="bbox 245 595 397 604; baseline -0.007 0"><span class='ocrx_word' id='word_1_7' title='bbox 245 595 397 604; x_wconf 67' lang='lat'><em>...—</em></span> 
     </span>
    </p>
   </div>
   <div class='ocr_carea' id='block_1_3' title="bbox 239 702 1509 5026">
    <p class='ocr_par' dir='ltr' id='par_1_3' title="bbox 239 702 1509 5026">
     <span class='ocr_line' id='line_1_3' title="bbox 245 702 1508 781; baseline 0.002 -17"><span class='ocrx_word' id='word_1_8' title='bbox 245 705 322 764; x_wconf 88' lang='lat' dir='ltr'>adeo</span> <span class='ocrx_word' id='word_1_9' title='bbox 345 705 425 764; x_wconf 90' lang='lat' dir='ltr'>foret</span> <span class='ocrx_word' id='word_1_10' title='bbox 455 721 584 781; x_wconf 85' lang='lat' dir='ltr'>pauper,</span> <span class='ocrx_word' id='word_1_11' title='bbox 617 702 700 780; x_wconf 91' lang='lat' dir='ltr'>quod</span> <span class='ocrx_word' id='word_1_12' title='bbox 726 708 789 761; x_wconf 90' lang='lat' dir='ltr'>tam</span> <span class='ocrx_word' id='word_1_13' title='bbox 821 703 927 762; x_wconf 91' lang='lat' dir='ltr'>statim</span> <span class='ocrx_word' id='word_1_14' title='bbox 956 718 1018 762; x_wconf 90' lang='lat' dir='ltr'>non</span> <span class='ocrx_word' id='word_1_15' title='bbox 1043 708 1147 777; x_wconf 91' lang='lat' dir='ltr'>posset</span> <span class='ocrx_word' id='word_1_16' title='bbox 1170 703 1326 778; x_wconf 87' lang='lat' dir='ltr'>deponere</span> <span class='ocrx_word' id='word_1_17' title='bbox 1355 706 1508 779; x_wconf 87' lang='lat' dir='ltr'>impensas</span> 
     </span>
     <span class='ocr_line' id='line_1_4' title="bbox 244 808 1509 888; baseline -0.001 -18"><span class='ocrx_word' id='word_1_18' title='bbox 244 811 390 888; x_wconf 88' lang='lat' dir='ltr'>prefatas,</span> <span class='ocrx_word' id='word_1_19' title='bbox 413 812 444 869; x_wconf 90' lang='lat' dir='ltr'>in</span> <span class='ocrx_word' id='word_1_20' title='bbox 481 827 542 885; x_wconf 91' lang='lat' dir='ltr'>quo</span> <span class='ocrx_word' id='word_1_21' title='bbox 566 827 638 870; x_wconf 91' lang='lat' dir='ltr'>casu</span> <span class='ocrx_word' id='word_1_22' title='bbox 669 809 842 882; x_wconf 90' lang='lat' dir='ltr'>capitulum</span> <span class='ocrx_word' id='word_1_23' title='bbox 865 808 933 866; x_wconf 91' lang='lat' dir='ltr'>visa</span> <span class='ocrx_word' id='word_1_24' title='bbox 955 813 986 867; x_wconf 91' lang='lat' dir='ltr'>et</span> <span class='ocrx_word' id='word_1_25' title='bbox 1016 809 1095 866; x_wconf 89' lang='lat' dir='ltr'>bene</span> <span class='ocrx_word' id='word_1_26' title='bbox 1115 824 1151 866; x_wconf 90' lang='lat' dir='ltr'>ac</span> <span class='ocrx_word' id='word_1_27' title='bbox 1174 810 1397 868; x_wconf 90' lang='lat' dir='ltr'>conscienciose</span> <span class='ocrx_word' id='word_1_28' title='bbox 1419 810 1509 869; x_wconf 90' lang='lat' dir='ltr'>intel-</span> 
     </span>
     <span class='ocr_line' id='line_1_5' title="bbox 244 914 1509 992; baseline 0 -17"><span class='ocrx_word' id='word_1_29' title='bbox 244 917 324 976; x_wconf 89' lang='lat' dir='ltr'>lecta</span> <span class='ocrx_word' id='word_1_30' title='bbox 348 921 530 992; x_wconf 89' lang='lat' dir='ltr'>paupertate</span> <span class='ocrx_word' id='word_1_31' title='bbox 553 931 616 988; x_wconf 91' lang='lat' dir='ltr'>sua,</span> <span class='ocrx_word' id='word_1_32' title='bbox 640 915 776 990; x_wconf 88' lang='lat' dir='ltr'>poterint</span> <span class='ocrx_word' id='word_1_33' title='bbox 798 915 827 972; x_wconf 92' lang='lat' dir='ltr'>ei</span> <span class='ocrx_word' id='word_1_34' title='bbox 842 914 917 972; x_wconf 88' lang='lat' dir='ltr'>dare</span> <span class='ocrx_word' id='word_1_35' title='bbox 932 929 1025 973; x_wconf 92' lang='lat' dir='ltr'>unam</span> <span class='ocrx_word' id='word_1_36' title='bbox 1042 915 1094 972; x_wconf 92' lang='lat' dir='ltr'>vel</span> <span class='ocrx_word' id='word_1_37' title='bbox 1110 914 1187 973; x_wconf 91' lang='lat' dir='ltr'>duas</span> <span class='ocrx_word' id='word_1_38' title='bbox 1207 915 1383 988; x_wconf 85' lang='lat' dir='ltr'>ditaciones,</span> <span class='ocrx_word' id='word_1_39' title='bbox 1399 919 1509 976; x_wconf 89' lang='lat' dir='ltr'>ambas</span> 
     </span>
     <span class='ocr_line' id='line_1_6' title="bbox 244 1020 1508 1096; baseline 0.001 -15"><span class='ocrx_word' id='word_1_40' title='bbox 244 1023 284 1081; x_wconf 89' lang='lat' dir='ltr'>ad</span> <span class='ocrx_word' id='word_1_41' title='bbox 305 1025 396 1082; x_wconf 94' lang='lat' dir='ltr'>unius</span> <span class='ocrx_word' id='word_1_42' title='bbox 419 1023 470 1080; x_wconf 92' lang='lat' dir='ltr'>vel</span> <span class='ocrx_word' id='word_1_43' title='bbox 493 1022 533 1080; x_wconf 93' lang='lat' dir='ltr'>ad</span> <span class='ocrx_word' id='word_1_44' title='bbox 564 1023 738 1080; x_wconf 86' lang='lat' dir='ltr'>maximum</span> <span class='ocrx_word' id='word_1_45' title='bbox 770 1020 905 1079; x_wconf 90' lang='lat' dir='ltr'>duorum</span> <span class='ocrx_word' id='word_1_46' title='bbox 935 1036 1088 1080; x_wconf 90' lang='lat' dir='ltr'>annorum</span> <span class='ocrx_word' id='word_1_47' title='bbox 1118 1024 1260 1096; x_wconf 85' lang='lat' dir='ltr'>spacium</span> <span class='ocrx_word' id='word_1_48' title='bbox 1283 1022 1425 1082; x_wconf 90' lang='lat' dir='ltr'>solvendi</span> <span class='ocrx_word' id='word_1_49' title='bbox 1433 1043 1441 1094; x_wconf 91' lang='lat'>;</span> <span class='ocrx_word' id='word_1_50' title='bbox 1464 1025 1508 1083; x_wconf 86' lang='lat' dir='ltr'>in·</span> 
     </span>
     <span class='ocr_line' id='line_1_7' title="bbox 244 1128 1508 1203; baseline 0.002 -15"><span class='ocrx_word' id='word_1_51' title='bbox 244 1131 336 1188; x_wconf 92' lang='lat' dir='ltr'>terim</span> <span class='ocrx_word' id='word_1_52' title='bbox 359 1135 471 1203; x_wconf 91' lang='lat' dir='ltr'>tamen,</span> <span class='ocrx_word' id='word_1_53' title='bbox 486 1130 568 1187; x_wconf 88' lang='lat' dir='ltr'>bona</span> <span class='ocrx_word' id='word_1_54' title='bbox 590 1129 735 1187; x_wconf 89' lang='lat' dir='ltr'>caucione</span> <span class='ocrx_word' id='word_1_55' title='bbox 750 1128 922 1202; x_wconf 78' lang='lat' dir='ltr'>prehabito,</span> <span class='ocrx_word' id='word_1_56' title='bbox 939 1129 1166 1201; x_wconf 88' lang='lat' dir='ltr'>possessionem</span> <span class='ocrx_word' id='word_1_57' title='bbox 1189 1129 1356 1188; x_wconf 89' lang='lat' dir='ltr'>domorum</span> <span class='ocrx_word' id='word_1_58' title='bbox 1379 1135 1409 1188; x_wconf 94' lang='lat' dir='ltr'>et</span> <span class='ocrx_word' id='word_1_59' title='bbox 1425 1132 1508 1190; x_wconf 91' lang='lat' dir='ltr'>curie</span> 
     </span>
     <span class='ocr_line' id='line_1_8' title="bbox 244 1233 1509 1309; baseline 0.002 -15"><span class='ocrx_word' id='word_1_60' title='bbox 244 1235 423 1294; x_wconf 92' lang='lat' dir='ltr'>huiusmodi</span> <span class='ocrx_word' id='word_1_61' title='bbox 446 1236 561 1309; x_wconf 92' lang='lat' dir='ltr'>poterit</span> <span class='ocrx_word' id='word_1_62' title='bbox 592 1239 760 1307; x_wconf 84' lang='lat' dir='ltr'>acceptare,</span> <span class='ocrx_word' id='word_1_63' title='bbox 785 1233 869 1307; x_wconf 90' lang='lat' dir='ltr'>quod</span> <span class='ocrx_word' id='word_1_64' title='bbox 893 1233 919 1292; x_wconf 94' lang='lat' dir='ltr'>si</span> <span class='ocrx_word' id='word_1_65' title='bbox 942 1234 1009 1306; x_wconf 90' lang='lat' dir='ltr'>ipse</span> <span class='ocrx_word' id='word_1_66' title='bbox 1031 1249 1093 1292; x_wconf 91' lang='lat' dir='ltr'>non</span> <span class='ocrx_word' id='word_1_67' title='bbox 1117 1235 1224 1293; x_wconf 91' lang='lat' dir='ltr'>habita</span> <span class='ocrx_word' id='word_1_68' title='bbox 1247 1235 1455 1295; x_wconf 72' lang='lat' dir='ltr'>satisfactione</span> <span class='ocrx_word' id='word_1_69' title='bbox 1478 1244 1509 1296; x_wconf 88' lang='lat' dir='ltr'>et</span> 
     </span>
     <span class='ocr_line' id='line_1_9' title="bbox 244 1340 1508 1417; baseline 0.001 -17"><span class='ocrx_word' id='word_1_70' title='bbox 244 1341 398 1400; x_wconf 86' lang='lat' dir='ltr'>refusione</span> <span class='ocrx_word' id='word_1_71' title='bbox 421 1356 628 1415; x_wconf 88' lang='lat' dir='ltr'>expensarum</span> <span class='ocrx_word' id='word_1_72' title='bbox 651 1341 683 1397; x_wconf 93' lang='lat' dir='ltr'>in</span> <span class='ocrx_word' id='word_1_73' title='bbox 705 1340 816 1397; x_wconf 92' lang='lat' dir='ltr'>domos</span> <span class='ocrx_word' id='word_1_74' title='bbox 838 1345 868 1397; x_wconf 91' lang='lat' dir='ltr'>et</span> <span class='ocrx_word' id='word_1_75' title='bbox 881 1340 1000 1398; x_wconf 90' lang='lat' dir='ltr'>curiam</span> <span class='ocrx_word' id='word_1_76' title='bbox 1025 1340 1205 1400; x_wconf 91' lang='lat' dir='ltr'>huiusmodi</span> <span class='ocrx_word' id='word_1_77' title='bbox 1227 1349 1332 1400; x_wconf 91' lang='lat' dir='ltr'>contra</span> <span class='ocrx_word' id='word_1_78' title='bbox 1356 1343 1508 1417; x_wconf 91' lang='lat' dir='ltr'>premissa</span> 
     </span>
     <span class='ocr_line' id='line_1_10' title="bbox 245 1445 1508 1522; baseline 0.001 -17"><span class='ocrx_word' id='word_1_79' title='bbox 245 1455 297 1505; x_wconf 91' lang='lat' dir='ltr'>aut</span> <span class='ocrx_word' id='word_1_80' title='bbox 321 1447 449 1520; x_wconf 87' lang='lat' dir='ltr'>aliquod</span> <span class='ocrx_word' id='word_1_81' title='bbox 464 1447 689 1522; x_wconf 88' lang='lat' dir='ltr'>premissorum</span> <span class='ocrx_word' id='word_1_82' title='bbox 707 1451 824 1504; x_wconf 90' lang='lat' dir='ltr'>temere</span> <span class='ocrx_word' id='word_1_83' title='bbox 838 1445 960 1518; x_wconf 82' lang='lat' dir='ltr'>ingredi</span> <span class='ocrx_word' id='word_1_84' title='bbox 983 1449 1013 1503; x_wconf 88' lang='lat' dir='ltr'>et</span> <span class='ocrx_word' id='word_1_85' title='bbox 1035 1461 1086 1504; x_wconf 89' lang='lat' dir='ltr'>eas</span> <span class='ocrx_word' id='word_1_86' title='bbox 1109 1457 1270 1522; x_wconf 87' lang='lat' dir='ltr'>acceptare</span> <span class='ocrx_word' id='word_1_87' title='bbox 1287 1447 1508 1522; x_wconf 90' lang='lat' dir='ltr'>quoquomodo</span> 
     </span>
     <span class='ocr_line' id='line_1_11' title="bbox 246 1552 1508 1629; baseline 0.002 -19"><span class='ocrx_word' id='word_1_88' title='bbox 246 1555 457 1628; x_wconf 87' lang='lat' dir='ltr'>presumserit,</span> <span class='ocrx_word' id='word_1_89' title='bbox 481 1561 592 1612; x_wconf 84' lang='lat' dir='ltr'>extunc</span> <span class='ocrx_word' id='word_1_90' title='bbox 615 1553 698 1610; x_wconf 91' lang='lat' dir='ltr'>ultra</span> <span class='ocrx_word' id='word_1_91' title='bbox 715 1552 1045 1611; x_wconf 88' lang='lat' dir='ltr'>excommunicacionis</span> <span class='ocrx_word' id='word_1_92' title='bbox 1069 1568 1183 1628; x_wconf 90' lang='lat' dir='ltr'>penam</span> <span class='ocrx_word' id='word_1_93' title='bbox 1206 1554 1388 1628; x_wconf 88' lang='lat' dir='ltr'>predictam,</span> <span class='ocrx_word' id='word_1_94' title='bbox 1412 1570 1508 1629; x_wconf 88' lang='lat' dir='ltr'>quam</span> 
     </span>
     <span class='ocr_line' id='line_1_12' title="bbox 245 1655 1508 1735; baseline 0.002 -18"><span class='ocrx_word' id='word_1_95' title='bbox 245 1675 317 1717; x_wconf 91' lang='lat' dir='ltr'>eum</span> <span class='ocrx_word' id='word_1_96' title='bbox 340 1660 488 1718; x_wconf 89' lang='lat' dir='ltr'>volumus</span> <span class='ocrx_word' id='word_1_97' title='bbox 504 1661 661 1718; x_wconf 87' lang='lat' dir='ltr'>incurrere</span> <span class='ocrx_word' id='word_1_98' title='bbox 676 1659 744 1732; x_wconf 92' lang='lat' dir='ltr'>ipso</span> <span class='ocrx_word' id='word_1_99' title='bbox 762 1657 882 1730; x_wconf 84' lang='lat' dir='ltr'>facto,a</span> <span class='ocrx_word' id='word_1_100' title='bbox 898 1655 966 1734; x_wconf 82' lang='lat' dir='ltr'>jure</span> <span class='ocrx_word' id='word_1_101' title='bbox 988 1663 1019 1716; x_wconf 90' lang='lat' dir='ltr'>et</span> <span class='ocrx_word' id='word_1_102' title='bbox 1034 1660 1233 1733; x_wconf 88' lang='lat' dir='ltr'>proprietate,</span> <span class='ocrx_word' id='word_1_103' title='bbox 1258 1659 1341 1734; x_wconf 89' lang='lat' dir='ltr'>quod</span> <span class='ocrx_word' id='word_1_104' title='bbox 1365 1667 1396 1719; x_wconf 89' lang='lat' dir='ltr'>et</span> <span class='ocrx_word' id='word_1_105' title='bbox 1413 1677 1508 1735; x_wconf 89' lang='lat' dir='ltr'>quam</span> 
     </span>
     <span class='ocr_line' id='line_1_13' title="bbox 245 1765 1508 1826; baseline 0.002 -3"><span class='ocrx_word' id='word_1_106' title='bbox 245 1765 283 1823; x_wconf 89' lang='lat' dir='ltr'>ad</span> <span class='ocrx_word' id='word_1_107' title='bbox 307 1765 432 1824; x_wconf 91' lang='lat' dir='ltr'>easdem</span> <span class='ocrx_word' id='word_1_108' title='bbox 455 1783 493 1824; x_wconf 87' lang='lat' dir='ltr'>ex</span> <span class='ocrx_word' id='word_1_109' title='bbox 515 1771 621 1824; x_wconf 90' lang='lat' dir='ltr'>nostra</span> <span class='ocrx_word' id='word_1_110' title='bbox 643 1765 695 1822; x_wconf 93' lang='lat' dir='ltr'>vel</span> <span class='ocrx_word' id='word_1_111' title='bbox 726 1779 938 1822; x_wconf 89' lang='lat' dir='ltr'>successorum</span> <span class='ocrx_word' id='word_1_112' title='bbox 968 1770 1147 1824; x_wconf 91' lang='lat' dir='ltr'>nostrorum</span> <span class='ocrx_word' id='word_1_113' title='bbox 1171 1765 1336 1826; x_wconf 86' lang='lat' dir='ltr'>donatione</span> <span class='ocrx_word' id='word_1_114' title='bbox 1360 1771 1413 1824; x_wconf 93' lang='lat' dir='ltr'>aut</span> <span class='ocrx_word' id='word_1_115' title='bbox 1428 1767 1508 1825; x_wconf 90' lang='lat' dir='ltr'>sede</span> 
     </span>
     <span class='ocr_line' id='line_1_14' title="bbox 244 1869 1505 1946; baseline 0 -16"><span class='ocrx_word' id='word_1_116' title='bbox 244 1877 373 1931; x_wconf 89' lang='lat' dir='ltr'>vacante</span> <span class='ocrx_word' id='word_1_117' title='bbox 397 1873 509 1946; x_wconf 90' lang='lat' dir='ltr'>quovis</span> <span class='ocrx_word' id='word_1_118' title='bbox 531 1870 626 1930; x_wconf 92' lang='lat' dir='ltr'>modo</span> <span class='ocrx_word' id='word_1_119' title='bbox 656 1871 808 1944; x_wconf 91' lang='lat' dir='ltr'>acquisito</span> <span class='ocrx_word' id='word_1_120' title='bbox 831 1869 923 1927; x_wconf 89' lang='lat' dir='ltr'>titulo</span> <span class='ocrx_word' id='word_1_121' title='bbox 946 1886 979 1928; x_wconf 93' lang='lat' dir='ltr'>se</span> <span class='ocrx_word' id='word_1_122' title='bbox 1001 1871 1117 1930; x_wconf 89' lang='lat' dir='ltr'>habere</span> <span class='ocrx_word' id='word_1_123' title='bbox 1139 1871 1338 1946; x_wconf 90' lang='lat' dir='ltr'>pretenderit,</span> <span class='ocrx_word' id='word_1_124' title='bbox 1362 1872 1452 1930; x_wconf 90' lang='lat' dir='ltr'>cadat</span> <span class='ocrx_word' id='word_1_125' title='bbox 1475 1879 1505 1930; x_wconf 91' lang='lat' dir='ltr'>et</span> 
     </span>
     <span class='ocr_line' id='line_1_15' title="bbox 245 1975 1508 2052; baseline 0.001 -16"><span class='ocrx_word' id='word_1_126' title='bbox 245 1977 437 2050; x_wconf 89' lang='lat' dir='ltr'>destituatur,</span> <span class='ocrx_word' id='word_1_127' title='bbox 462 1994 498 2036; x_wconf 93' lang='lat' dir='ltr'>ac</span> <span class='ocrx_word' id='word_1_128' title='bbox 520 1977 637 2036; x_wconf 87' lang='lat' dir='ltr'>eisdem</span> <span class='ocrx_word' id='word_1_129' title='bbox 661 1977 745 2034; x_wconf 90' lang='lat' dir='ltr'>curia</span> <span class='ocrx_word' id='word_1_130' title='bbox 769 1979 799 2033; x_wconf 92' lang='lat' dir='ltr'>et</span> <span class='ocrx_word' id='word_1_131' title='bbox 822 1975 968 2033; x_wconf 90' lang='lat' dir='ltr'>domibus</span> <span class='ocrx_word' id='word_1_132' title='bbox 990 1976 1030 2034; x_wconf 93' lang='lat' dir='ltr'>sit</span> <span class='ocrx_word' id='word_1_133' title='bbox 1053 1977 1193 2050; x_wconf 90' lang='lat' dir='ltr'>privatus</span> <span class='ocrx_word' id='word_1_134' title='bbox 1217 1992 1254 2036; x_wconf 93' lang='lat' dir='ltr'>eo</span> <span class='ocrx_word' id='word_1_135' title='bbox 1285 1978 1377 2052; x_wconf 78' lang='lat' dir='ltr'>lactc,</span> <span class='ocrx_word' id='word_1_136' title='bbox 1410 1981 1441 2037; x_wconf 88' lang='lat' dir='ltr'>et</span> <span class='ocrx_word' id='word_1_137' title='bbox 1463 1980 1508 2037; x_wconf 89' lang='lat' dir='ltr'>ni·</span> 
     </span>
     <span class='ocr_line' id='line_1_16' title="bbox 245 2082 1509 2160; baseline 0.002 -18"><span class='ocrx_word' id='word_1_138' title='bbox 245 2085 432 2143; x_wconf 90' lang='lat' dir='ltr'>chilominus</span> <span class='ocrx_word' id='word_1_139' title='bbox 463 2084 609 2142; x_wconf 89' lang='lat' dir='ltr'>omnibus</span> <span class='ocrx_word' id='word_1_140' title='bbox 647 2082 851 2158; x_wconf 85' lang='lat' dir='ltr'>proventibus</span> <span class='ocrx_word' id='word_1_141' title='bbox 879 2087 910 2140; x_wconf 90' lang='lat' dir='ltr'>et</span> <span class='ocrx_word' id='word_1_142' title='bbox 944 2082 1162 2142; x_wconf 88' lang='lat' dir='ltr'>emolumentis</span> <span class='ocrx_word' id='word_1_143' title='bbox 1197 2100 1213 2142; x_wconf 94' lang='lat' dir='ltr'>e</span> <span class='ocrx_word' id='word_1_144' title='bbox 1245 2085 1349 2143; x_wconf 90' lang='lat' dir='ltr'>medio</span> <span class='ocrx_word' id='word_1_145' title='bbox 1379 2085 1509 2160; x_wconf 86' lang='lat' dir='ltr'>capituli</span> 
     </span>
     <span class='ocr_line' id='line_1_17' title="bbox 245 2187 1509 2266; baseline 0.002 -18"><span class='ocrx_word' id='word_1_146' title='bbox 245 2189 347 2248; x_wconf 91' lang='lat' dir='ltr'>eidem</span> <span class='ocrx_word' id='word_1_147' title='bbox 376 2190 641 2264; x_wconf 88' lang='lat' dir='ltr'>provenientibus,</span> <span class='ocrx_word' id='word_1_148' title='bbox 671 2203 788 2247; x_wconf 91' lang='lat' dir='ltr'>necnon</span> <span class='ocrx_word' id='word_1_149' title='bbox 810 2187 908 2246; x_wconf 89' lang='lat' dir='ltr'>eciam</span> <span class='ocrx_word' id='word_1_150' title='bbox 939 2190 1099 2247; x_wconf 89' lang='lat' dir='ltr'>consorcio</span> <span class='ocrx_word' id='word_1_151' title='bbox 1133 2190 1299 2264; x_wconf 89' lang='lat' dir='ltr'>capitulari</span> <span class='ocrx_word' id='word_1_152' title='bbox 1333 2205 1369 2249; x_wconf 91' lang='lat' dir='ltr'>ac</span> <span class='ocrx_word' id='word_1_153' title='bbox 1398 2191 1509 2266; x_wconf 89' lang='lat' dir='ltr'>predio</span> 
     </span>
     <span class='ocr_line' id='line_1_18' title="bbox 245 2294 1508 2371; baseline 0.002 -17"><span class='ocrx_word' id='word_1_154' title='bbox 245 2297 417 2355; x_wconf 89' lang='lat' dir='ltr'>canonicali</span> <span class='ocrx_word' id='word_1_155' title='bbox 447 2312 502 2371; x_wconf 90' lang='lat' dir='ltr'>per</span> <span class='ocrx_word' id='word_1_156' title='bbox 525 2294 610 2354; x_wconf 92' lang='lat' dir='ltr'>idem</span> <span class='ocrx_word' id='word_1_157' title='bbox 633 2294 805 2368; x_wconf 92' lang='lat' dir='ltr'>capitulum</span> <span class='ocrx_word' id='word_1_158' title='bbox 828 2294 954 2354; x_wconf 87' lang='lat' dir='ltr'>realiter</span> <span class='ocrx_word' id='word_1_159' title='bbox 977 2294 1016 2352; x_wconf 91' lang='lat' dir='ltr'>ed</span> <span class='ocrx_word' id='word_1_160' title='bbox 1039 2295 1078 2354; x_wconf 91' lang='lat' dir='ltr'>de</span> <span class='ocrx_word' id='word_1_161' title='bbox 1101 2295 1184 2356; x_wconf 87' lang='lat' dir='ltr'>facto</span> <span class='ocrx_word' id='word_1_162' title='bbox 1213 2297 1355 2371; x_wconf 88' lang='lat' dir='ltr'>privetur</span> <span class='ocrx_word' id='word_1_163' title='bbox 1378 2297 1508 2370; x_wconf 90' lang='lat' dir='ltr'>tamdiu,</span> 
     </span>
     <span class='ocr_line' id='line_1_19' title="bbox 245 2400 1509 2484; baseline 0.003 -24"><span class='ocrx_word' id='word_1_164' title='bbox 245 2402 342 2484; x_wconf 86' lang='lat' dir='ltr'>donec</span> <span class='ocrx_word' id='word_1_165' title='bbox 364 2402 404 2461; x_wconf 93' lang='lat' dir='ltr'>de</span> <span class='ocrx_word' id='word_1_166' title='bbox 427 2403 575 2478; x_wconf 90' lang='lat' dir='ltr'>impensis</span> <span class='ocrx_word' id='word_1_167' title='bbox 598 2400 780 2462; x_wconf 88' lang='lat' dir='ltr'>huiusmodi</span> <span class='ocrx_word' id='word_1_168' title='bbox 800 2400 990 2474; x_wconf 85' lang='lat' dir='ltr'>satisfecerit,</span> <span class='ocrx_word' id='word_1_169' title='bbox 1014 2407 1043 2459; x_wconf 90' lang='lat' dir='ltr'>et</span> <span class='ocrx_word' id='word_1_170' title='bbox 1080 2417 1138 2480; x_wconf 91' lang='lat' dir='ltr'>pro</span> <span class='ocrx_word' id='word_1_171' title='bbox 1170 2407 1233 2462; x_wconf 92' lang='lat' dir='ltr'>tam</span> <span class='ocrx_word' id='word_1_172' title='bbox 1264 2405 1429 2464; x_wconf 90' lang='lat' dir='ltr'>temerario</span> <span class='ocrx_word' id='word_1_173' title='bbox 1456 2417 1509 2464; x_wconf 82' lang='lat' dir='ltr'>ex·</span> 
     </span>
     <span class='ocr_line' id='line_1_20' title="bbox 245 2506 1506 2584; baseline 0.002 -18"><span class='ocrx_word' id='word_1_174' title='bbox 245 2525 340 2581; x_wconf 89' lang='lat' dir='ltr'>cessu,</span> <span class='ocrx_word' id='word_1_175' title='bbox 363 2525 470 2568; x_wconf 89' lang='lat' dir='ltr'>rursus</span> <span class='ocrx_word' id='word_1_176' title='bbox 493 2522 610 2567; x_wconf 92' lang='lat' dir='ltr'>novum</span> <span class='ocrx_word' id='word_1_177' title='bbox 626 2506 674 2584; x_wconf 87' lang='lat' dir='ltr'>jus</span> <span class='ocrx_word' id='word_1_178' title='bbox 687 2523 781 2580; x_wconf 88' lang='lat' dir='ltr'>super</span> <span class='ocrx_word' id='word_1_179' title='bbox 804 2507 950 2566; x_wconf 91' lang='lat' dir='ltr'>domibus</span> <span class='ocrx_word' id='word_1_180' title='bbox 973 2512 1003 2566; x_wconf 91' lang='lat' dir='ltr'>et</span> <span class='ocrx_word' id='word_1_181' title='bbox 1019 2509 1104 2567; x_wconf 91' lang='lat' dir='ltr'>curia</span> <span class='ocrx_word' id='word_1_182' title='bbox 1127 2509 1275 2584; x_wconf 85' lang='lat' dir='ltr'>predictis</span> <span class='ocrx_word' id='word_1_183' title='bbox 1299 2525 1317 2568; x_wconf 92' lang='lat' dir='ltr'>a</span> <span class='ocrx_word' id='word_1_184' title='bbox 1339 2511 1433 2579; x_wconf 50' lang='lat' dir='ltr'>uobis¹</span> <span class='ocrx_word' id='word_1_185' title='bbox 1453 2511 1506 2569; x_wconf 87' lang='lat' dir='ltr'>vel</span> 
     </span>
     <span class='ocr_line' id='line_1_21' title="bbox 244 2613 1507 2690; baseline 0.002 -18"><span class='ocrx_word' id='word_1_186' title='bbox 244 2616 473 2674; x_wconf 90' lang='lat' dir='ltr'>successoribus</span> <span class='ocrx_word' id='word_1_187' title='bbox 496 2615 618 2690; x_wconf 87' lang='lat' dir='ltr'>nostris,</span> <span class='ocrx_word' id='word_1_188' title='bbox 639 2627 758 2674; x_wconf 83' lang='lat' dir='ltr'>necnon</span> <span class='ocrx_word' id='word_1_189' title='bbox 781 2627 800 2671; x_wconf 93' lang='lat' dir='ltr'>a</span> <span class='ocrx_word' id='word_1_190' title='bbox 829 2613 966 2690; x_wconf 90' lang='lat' dir='ltr'>capitulo</span> <span class='ocrx_word' id='word_1_191' title='bbox 997 2615 1134 2688; x_wconf 84' lang='lat' dir='ltr'>graciam</span> <span class='ocrx_word' id='word_1_192' title='bbox 1157 2617 1422 2676; x_wconf 89' lang='lat' dir='ltr'>reconciliacionis</span> <span class='ocrx_word' id='word_1_193' title='bbox 1444 2633 1507 2675; x_wconf 91' lang='lat' dir='ltr'>me·</span> 
     </span>
     <span class='ocr_line' id='line_1_22' title="bbox 243 2719 1508 2794; baseline 0 -14"><span class='ocrx_word' id='word_1_194' title='bbox 243 2723 341 2780; x_wconf 90' lang='lat' dir='ltr'>ruerit</span> <span class='ocrx_word' id='word_1_195' title='bbox 364 2723 512 2780; x_wconf 91' lang='lat' dir='ltr'>obtinere.</span> <span class='ocrx_word' id='word_1_196' title='bbox 529 2721 672 2778; x_wconf 89' lang='lat' dir='ltr'>Preterea</span> <span class='ocrx_word' id='word_1_197' title='bbox 688 2719 752 2792; x_wconf 93' lang='lat' dir='ltr'>ille,</span> <span class='ocrx_word' id='word_1_198' title='bbox 770 2719 824 2793; x_wconf 94' lang='lat' dir='ltr'>qui</span> <span class='ocrx_word' id='word_1_199' title='bbox 840 2719 884 2777; x_wconf 89' lang='lat' dir='ltr'>sic</span> <span class='ocrx_word' id='word_1_200' title='bbox 906 2719 1018 2778; x_wconf 88' lang='lat' dir='ltr'>refusis</span> <span class='ocrx_word' id='word_1_201' title='bbox 1042 2721 1184 2794; x_wconf 88' lang='lat' dir='ltr'>expensis</span> <span class='ocrx_word' id='word_1_202' title='bbox 1207 2721 1317 2780; x_wconf 92' lang='lat' dir='ltr'>domos</span> <span class='ocrx_word' id='word_1_203' title='bbox 1333 2729 1364 2780; x_wconf 92' lang='lat' dir='ltr'>et</span> <span class='ocrx_word' id='word_1_204' title='bbox 1388 2723 1508 2781; x_wconf 88' lang='lat' dir='ltr'>curiam</span> 
     </span>
     <span class='ocr_line' id='line_1_23' title="bbox 246 2824 1508 2898; baseline -0.002 -10"><span class='ocrx_word' id='word_1_205' title='bbox 246 2829 427 2888; x_wconf 90' lang='lat' dir='ltr'>huiusmodi</span> <span class='ocrx_word' id='word_1_206' title='bbox 449 2827 602 2898; x_wconf 89' lang='lat' dir='ltr'>habuerit,</span> <span class='ocrx_word' id='word_1_207' title='bbox 626 2827 652 2884; x_wconf 91' lang='lat' dir='ltr'>si</span> <span class='ocrx_word' id='word_1_208' title='bbox 683 2825 775 2883; x_wconf 90' lang='lat' dir='ltr'>labor</span> <span class='ocrx_word' id='word_1_209' title='bbox 797 2825 853 2883; x_wconf 93' lang='lat' dir='ltr'>ille</span> <span class='ocrx_word' id='word_1_210' title='bbox 875 2825 908 2884; x_wconf 94' lang='lat' dir='ltr'>in</span> <span class='ocrx_word' id='word_1_211' title='bbox 931 2824 1048 2884; x_wconf 90' lang='lat' dir='ltr'>eisdem</span> <span class='ocrx_word' id='word_1_212' title='bbox 1079 2828 1163 2884; x_wconf 91' lang='lat' dir='ltr'>curia</span> <span class='ocrx_word' id='word_1_213' title='bbox 1186 2831 1216 2885; x_wconf 92' lang='lat' dir='ltr'>et</span> <span class='ocrx_word' id='word_1_214' title='bbox 1239 2827 1386 2886; x_wconf 90' lang='lat' dir='ltr'>domibus</span> <span class='ocrx_word' id='word_1_215' title='bbox 1409 2826 1508 2886; x_wconf 85' lang='lat' dir='ltr'>lactus</span> 
     </span>
     <span class='ocr_line' id='line_1_24' title="bbox 245 2932 1508 3008; baseline -0.002 -14"><span class='ocrx_word' id='word_1_216' title='bbox 245 2937 278 2994; x_wconf 91' lang='lat' dir='ltr'>in</span> <span class='ocrx_word' id='word_1_217' title='bbox 300 2936 410 2994; x_wconf 90' lang='lat' dir='ltr'>eodem</span> <span class='ocrx_word' id='word_1_218' title='bbox 432 2939 522 3006; x_wconf 90' lang='lat' dir='ltr'>statu,</span> <span class='ocrx_word' id='word_1_219' title='bbox 553 2933 724 3007; x_wconf 84' lang='lat' dir='ltr'>vigoreque</span> <span class='ocrx_word' id='word_1_220' title='bbox 747 2937 800 2990; x_wconf 87' lang='lat' dir='ltr'>aut</span> <span class='ocrx_word' id='word_1_221' title='bbox 821 2933 935 2990; x_wconf 89' lang='lat' dir='ltr'>robore</span> <span class='ocrx_word' id='word_1_222' title='bbox 958 2932 1101 3006; x_wconf 73' lang='lat' dir='ltr'>extiterit</span> <span class='ocrx_word' id='word_1_223' title='bbox 1125 2949 1188 3008; x_wconf 92' lang='lat' dir='ltr'>quo</span> <span class='ocrx_word' id='word_1_224' title='bbox 1212 2933 1297 2993; x_wconf 91' lang='lat' dir='ltr'>idem</span> <span class='ocrx_word' id='word_1_225' title='bbox 1319 2935 1508 3007; x_wconf 88' lang='lat' dir='ltr'>assumserit,</span> 
     </span>
     <span class='ocr_line' id='line_1_25' title="bbox 244 3037 1506 3116; baseline -0.001 -16"><span class='ocrx_word' id='word_1_226' title='bbox 244 3047 342 3101; x_wconf 91' lang='lat' dir='ltr'>totam</span> <span class='ocrx_word' id='word_1_227' title='bbox 364 3043 541 3116; x_wconf 91' lang='lat' dir='ltr'>impensam</span> <span class='ocrx_word' id='word_1_228' title='bbox 571 3055 628 3114; x_wconf 91' lang='lat' dir='ltr'>per</span> <span class='ocrx_word' id='word_1_229' title='bbox 650 3055 723 3096; x_wconf 90' lang='lat' dir='ltr'>eum</span> <span class='ocrx_word' id='word_1_230' title='bbox 745 3037 891 3110; x_wconf 90' lang='lat' dir='ltr'>refusam,</span> <span class='ocrx_word' id='word_1_231' title='bbox 915 3039 1098 3113; x_wconf 87' lang='lat' dir='ltr'>sinautem,</span> <span class='ocrx_word' id='word_1_232' title='bbox 1122 3057 1160 3098; x_wconf 85' lang='lat' dir='ltr'>ex</span> <span class='ocrx_word' id='word_1_233' title='bbox 1184 3055 1246 3114; x_wconf 92' lang='lat' dir='ltr'>quo</span> <span class='ocrx_word' id='word_1_234' title='bbox 1270 3055 1340 3099; x_wconf 89' lang='lat' dir='ltr'>cum</span> <span class='ocrx_word' id='word_1_235' title='bbox 1363 3045 1506 3114; x_wconf 89' lang='lat' dir='ltr'>tempore</span> 
     </span>
     <span class='ocr_line' id='line_1_26' title="bbox 244 3145 1509 3222; baseline -0.001 -15"><span class='ocrx_word' id='word_1_236' title='bbox 244 3150 349 3206; x_wconf 89' lang='lat' dir='ltr'>omnia</span> <span class='ocrx_word' id='word_1_237' title='bbox 372 3153 533 3206; x_wconf 88' lang='lat' dir='ltr'>senescunt</span> <span class='ocrx_word' id='word_1_238' title='bbox 556 3153 587 3204; x_wconf 91' lang='lat' dir='ltr'>et</span> <span class='ocrx_word' id='word_1_239' title='bbox 609 3147 845 3218; x_wconf 88' lang='lat' dir='ltr'>inveterascunt,</span> <span class='ocrx_word' id='word_1_240' title='bbox 860 3150 973 3203; x_wconf 89' lang='lat' dir='ltr'>extunc</span> <span class='ocrx_word' id='word_1_241' title='bbox 993 3145 1098 3205; x_wconf 91' lang='lat' dir='ltr'>solum</span> <span class='ocrx_word' id='word_1_242' title='bbox 1120 3162 1190 3206; x_wconf 88' lang='lat' dir='ltr'>eam</span> <span class='ocrx_word' id='word_1_243' title='bbox 1225 3153 1347 3222; x_wconf 88' lang='lat' dir='ltr'>partem</span> <span class='ocrx_word' id='word_1_244' title='bbox 1380 3149 1509 3222; x_wconf 90' lang='lat' dir='ltr'>pecunie</span> 
     </span>
     <span class='ocr_line' id='line_1_27' title="bbox 243 3251 1505 3329; baseline 0 -17"><span class='ocrx_word' id='word_1_245' title='bbox 243 3270 300 3329; x_wconf 91' lang='lat' dir='ltr'>per</span> <span class='ocrx_word' id='word_1_246' title='bbox 323 3269 395 3312; x_wconf 89' lang='lat' dir='ltr'>eum</span> <span class='ocrx_word' id='word_1_247' title='bbox 428 3252 540 3323; x_wconf 88' lang='lat' dir='ltr'>refuse,</span> <span class='ocrx_word' id='word_1_248' title='bbox 572 3268 666 3326; x_wconf 90' lang='lat' dir='ltr'>quam</span> <span class='ocrx_word' id='word_1_249' title='bbox 699 3257 809 3310; x_wconf 89' lang='lat' dir='ltr'>eotunc</span> <span class='ocrx_word' id='word_1_250' title='bbox 839 3252 923 3310; x_wconf 91' lang='lat' dir='ltr'>curia</span> <span class='ocrx_word' id='word_1_251' title='bbox 953 3257 983 3310; x_wconf 89' lang='lat' dir='ltr'>et</span> <span class='ocrx_word' id='word_1_252' title='bbox 1014 3251 1126 3310; x_wconf 91' lang='lat' dir='ltr'>domus</span> <span class='ocrx_word' id='word_1_253' title='bbox 1157 3253 1222 3312; x_wconf 90' lang='lat' dir='ltr'>eius</span> <span class='ocrx_word' id='word_1_254' title='bbox 1245 3253 1396 3311; x_wconf 91' lang='lat' dir='ltr'>valebunt</span> <span class='ocrx_word' id='word_1_255' title='bbox 1420 3255 1505 3312; x_wconf 86' lang='lat' dir='ltr'>iuxta</span> 
     </span>
     <span class='ocr_line' id='line_1_28' title="bbox 243 3356 1506 3434; baseline -0.001 -16"><span class='ocrx_word' id='word_1_256' title='bbox 243 3361 482 3418; x_wconf 86' lang='lat' dir='ltr'>extimacionem</span> <span class='ocrx_word' id='word_1_257' title='bbox 506 3363 639 3432; x_wconf 88' lang='lat' dir='ltr'>quatuor</span> <span class='ocrx_word' id='word_1_258' title='bbox 672 3357 872 3416; x_wconf 89' lang='lat' dir='ltr'>dominorum</span> <span class='ocrx_word' id='word_1_259' title='bbox 896 3356 1060 3430; x_wconf 91' lang='lat' dir='ltr'>dictorum,</span> <span class='ocrx_word' id='word_1_260' title='bbox 1083 3359 1188 3431; x_wconf 89' lang='lat' dir='ltr'>legare</span> <span class='ocrx_word' id='word_1_261' title='bbox 1211 3367 1241 3418; x_wconf 91' lang='lat' dir='ltr'>et</span> <span class='ocrx_word' id='word_1_262' title='bbox 1264 3359 1429 3434; x_wconf 90' lang='lat' dir='ltr'>disponere</span> <span class='ocrx_word' id='word_1_263' title='bbox 1451 3374 1506 3417; x_wconf 86' lang='lat' dir='ltr'>va·</span> 
     </span>
     <span class='ocr_line' id='line_1_29' title="bbox 243 3464 1507 3540; baseline -0.001 -16"><span class='ocrx_word' id='word_1_264' title='bbox 243 3467 305 3524; x_wconf 89' lang='lat' dir='ltr'>leat</span> <span class='ocrx_word' id='word_1_265' title='bbox 334 3471 427 3540; x_wconf 88' lang='lat' dir='ltr'>atque</span> <span class='ocrx_word' id='word_1_266' title='bbox 457 3465 556 3538; x_wconf 89' lang='lat' dir='ltr'>possit</span> <span class='ocrx_word' id='word_1_267' title='bbox 590 3464 622 3522; x_wconf 92' lang='lat' dir='ltr'>in</span> <span class='ocrx_word' id='word_1_268' title='bbox 656 3464 720 3521; x_wconf 92' lang='lat' dir='ltr'>vita</span> <span class='ocrx_word' id='word_1_269' title='bbox 755 3464 872 3538; x_wconf 89' lang='lat' dir='ltr'>pariter</span> <span class='ocrx_word' id='word_1_270' title='bbox 907 3469 937 3522; x_wconf 91' lang='lat' dir='ltr'>et</span> <span class='ocrx_word' id='word_1_271' title='bbox 959 3464 992 3522; x_wconf 91' lang='lat' dir='ltr'>in</span> <span class='ocrx_word' id='word_1_272' title='bbox 1026 3470 1134 3523; x_wconf 88' lang='lat' dir='ltr'>morte.</span> <span class='ocrx_word' id='word_1_273' title='bbox 1163 3465 1209 3524; x_wconf 91' lang='lat' dir='ltr'>Ne</span> <span class='ocrx_word' id='word_1_274' title='bbox 1232 3473 1337 3524; x_wconf 89' lang='lat' dir='ltr'>autem</span> <span class='ocrx_word' id='word_1_275' title='bbox 1360 3481 1507 3540; x_wconf 90' lang='lat' dir='ltr'>processu</span> 
     </span>
     <span class='ocr_line' id='line_1_30' title="bbox 242 3569 1507 3646; baseline -0.001 -16"><span class='ocrx_word' id='word_1_276' title='bbox 242 3576 422 3646; x_wconf 89' lang='lat' dir='ltr'>temporum</span> <span class='ocrx_word' id='word_1_277' title='bbox 445 3585 571 3643; x_wconf 90' lang='lat' dir='ltr'>presens</span> <span class='ocrx_word' id='word_1_278' title='bbox 599 3574 704 3627; x_wconf 90' lang='lat' dir='ltr'>nostra</span> <span class='ocrx_word' id='word_1_279' title='bbox 733 3569 874 3642; x_wconf 87' lang='lat' dir='ltr'>graciosa</span> <span class='ocrx_word' id='word_1_280' title='bbox 908 3573 938 3627; x_wconf 92' lang='lat' dir='ltr'>et</span> <span class='ocrx_word' id='word_1_281' title='bbox 969 3570 1105 3628; x_wconf 89' lang='lat' dir='ltr'>salubris</span> <span class='ocrx_word' id='word_1_282' title='bbox 1136 3571 1297 3630; x_wconf 87' lang='lat' dir='ltr'>ordinacio</span> <span class='ocrx_word' id='word_1_283' title='bbox 1330 3587 1387 3646; x_wconf 90' lang='lat' dir='ltr'>per</span> <span class='ocrx_word' id='word_1_284' title='bbox 1410 3572 1507 3645; x_wconf 89' lang='lat' dir='ltr'>negli-</span> 
     </span>
     <span class='ocr_line' id='line_1_31' title="bbox 242 3675 1508 3752; baseline -0.001 -16"><span class='ocrx_word' id='word_1_285' title='bbox 242 3679 382 3752; x_wconf 84' lang='lat' dir='ltr'>genciam</span> <span class='ocrx_word' id='word_1_286' title='bbox 404 3681 457 3735; x_wconf 90' lang='lat' dir='ltr'>aut</span> <span class='ocrx_word' id='word_1_287' title='bbox 487 3675 750 3734; x_wconf 88' lang='lat' dir='ltr'>incurabilitatem</span> <span class='ocrx_word' id='word_1_288' title='bbox 781 3675 910 3748; x_wconf 91' lang='lat' dir='ltr'>capituli</span> <span class='ocrx_word' id='word_1_289' title='bbox 933 3675 1075 3749; x_wconf 90' lang='lat' dir='ltr'>predicti,</span> <span class='ocrx_word' id='word_1_290' title='bbox 1099 3681 1193 3750; x_wconf 87' lang='lat' dir='ltr'>prout</span> <span class='ocrx_word' id='word_1_291' title='bbox 1215 3677 1247 3735; x_wconf 90' lang='lat' dir='ltr'>in</span> <span class='ocrx_word' id='word_1_292' title='bbox 1269 3677 1426 3736; x_wconf 91' lang='lat' dir='ltr'>similibus</span> <span class='ocrx_word' id='word_1_293' title='bbox 1446 3677 1508 3735; x_wconf 89' lang='lat' dir='ltr'>fac·</span> 
     </span>
     <span class='ocr_line' id='line_1_32' title="bbox 241 3780 1508 3858; baseline 0 -16"><span class='ocrx_word' id='word_1_294' title='bbox 241 3789 309 3842; x_wconf 88' lang='lat' dir='ltr'>tum</span> <span class='ocrx_word' id='word_1_295' title='bbox 333 3783 399 3841; x_wconf 90' lang='lat' dir='ltr'>fore</span> <span class='ocrx_word' id='word_1_296' title='bbox 423 3783 542 3856; x_wconf 87' lang='lat' dir='ltr'>experti</span> <span class='ocrx_word' id='word_1_297' title='bbox 560 3796 677 3852; x_wconf 92' lang='lat' dir='ltr'>sumus,</span> <span class='ocrx_word' id='word_1_298' title='bbox 699 3780 857 3838; x_wconf 89' lang='lat' dir='ltr'>aboliatur</span> <span class='ocrx_word' id='word_1_299' title='bbox 879 3786 909 3839; x_wconf 88' lang='lat' dir='ltr'>et</span> <span class='ocrx_word' id='word_1_300' title='bbox 931 3781 1092 3841; x_wconf 86' lang='lat' dir='ltr'>inexecuta</span> <span class='ocrx_word' id='word_1_301' title='bbox 1114 3783 1316 3858; x_wconf 89' lang='lat' dir='ltr'>relinquatur,</span> <span class='ocrx_word' id='word_1_302' title='bbox 1334 3784 1508 3857; x_wconf 88' lang='lat' dir='ltr'>quinimmo</span> 
     </span>
     <span class='ocr_line' id='line_1_33' title="bbox 242 3888 1503 3962; baseline 0 -14"><span class='ocrx_word' id='word_1_303' title='bbox 242 3889 374 3948; x_wconf 91' lang='lat' dir='ltr'>firmiter</span> <span class='ocrx_word' id='word_1_304' title='bbox 397 3896 427 3947; x_wconf 90' lang='lat' dir='ltr'>et</span> <span class='ocrx_word' id='word_1_305' title='bbox 449 3889 628 3946; x_wconf 90' lang='lat' dir='ltr'>inconcusse</span> <span class='ocrx_word' id='word_1_306' title='bbox 651 3902 775 3960; x_wconf 91' lang='lat' dir='ltr'>semper</span> <span class='ocrx_word' id='word_1_307' title='bbox 798 3902 833 3944; x_wconf 90' lang='lat' dir='ltr'>ac</span> <span class='ocrx_word' id='word_1_308' title='bbox 855 3888 1096 3962; x_wconf 90' lang='lat' dir='ltr'>inperpetuum</span> <span class='ocrx_word' id='word_1_309' title='bbox 1120 3890 1329 3962; x_wconf 87' lang='lat' dir='ltr'>observertur,</span> <span class='ocrx_word' id='word_1_310' title='bbox 1354 3890 1503 3948; x_wconf 90' lang='lat' dir='ltr'>volumus</span> 
     </span>
     <span class='ocr_line' id='line_1_34' title="bbox 242 3994 1508 4072; baseline 0.001 -18"><span class='ocrx_word' id='word_1_311' title='bbox 242 4002 272 4054; x_wconf 92' lang='lat' dir='ltr'>et</span> <span class='ocrx_word' id='word_1_312' title='bbox 294 3997 354 4052; x_wconf 92' lang='lat' dir='ltr'>sub</span> <span class='ocrx_word' id='word_1_313' title='bbox 378 3995 474 4053; x_wconf 90' lang='lat' dir='ltr'>simili</span> <span class='ocrx_word' id='word_1_314' title='bbox 496 3994 828 4052; x_wconf 88' lang='lat' dir='ltr'>excommunicacionis</span> <span class='ocrx_word' id='word_1_315' title='bbox 844 4009 923 4068; x_wconf 91' lang='lat' dir='ltr'>pena</span> <span class='ocrx_word' id='word_1_316' title='bbox 946 3995 1083 4068; x_wconf 89' lang='lat' dir='ltr'>capitulo</span> <span class='ocrx_word' id='word_1_317' title='bbox 1107 4012 1160 4054; x_wconf 90' lang='lat' dir='ltr'>seu</span> <span class='ocrx_word' id='word_1_318' title='bbox 1184 3996 1337 4055; x_wconf 90' lang='lat' dir='ltr'>canonicis</span> <span class='ocrx_word' id='word_1_319' title='bbox 1359 3997 1508 4072; x_wconf 87' lang='lat' dir='ltr'>predictis</span> 
     </span>
     <span class='ocr_line' id='line_1_35' title="bbox 242 4099 1508 4176; baseline 0.001 -16"><span class='ocrx_word' id='word_1_320' title='bbox 242 4109 273 4160; x_wconf 91' lang='lat' dir='ltr'>et</span> <span class='ocrx_word' id='word_1_321' title='bbox 296 4117 404 4160; x_wconf 91' lang='lat' dir='ltr'>eorum</span> <span class='ocrx_word' id='word_1_322' title='bbox 420 4101 549 4158; x_wconf 91' lang='lat' dir='ltr'>cuilibet</span> <span class='ocrx_word' id='word_1_323' title='bbox 565 4100 596 4157; x_wconf 92' lang='lat' dir='ltr'>in</span> <span class='ocrx_word' id='word_1_324' title='bbox 612 4099 751 4158; x_wconf 91' lang='lat' dir='ltr'>solidum</span> <span class='ocrx_word' id='word_1_325' title='bbox 766 4099 899 4158; x_wconf 88' lang='lat' dir='ltr'>firmiter</span> <span class='ocrx_word' id='word_1_326' title='bbox 915 4101 1120 4176; x_wconf 90' lang='lat' dir='ltr'>precipientes</span> <span class='ocrx_word' id='word_1_327' title='bbox 1136 4102 1331 4175; x_wconf 88' lang='lat' dir='ltr'>mandamus,</span> <span class='ocrx_word' id='word_1_328' title='bbox 1356 4108 1508 4176; x_wconf 88' lang='lat' dir='ltr'>quatenus</span> 
     </span>
     <span class='ocr_line' id='line_1_36' title="bbox 241 4204 1507 4281; baseline 0.002 -15"><span class='ocrx_word' id='word_1_329' title='bbox 241 4208 327 4266; x_wconf 90' lang='lat' dir='ltr'>omni</span> <span class='ocrx_word' id='word_1_330' title='bbox 351 4206 423 4265; x_wconf 91' lang='lat' dir='ltr'>odio</span> <span class='ocrx_word' id='word_1_331' title='bbox 447 4207 498 4262; x_wconf 92' lang='lat' dir='ltr'>vel</span> <span class='ocrx_word' id='word_1_332' title='bbox 515 4204 622 4263; x_wconf 86' lang='lat' dir='ltr'>favore</span> <span class='ocrx_word' id='word_1_333' title='bbox 639 4205 819 4281; x_wconf 89' lang='lat' dir='ltr'>postpositis</span> <span class='ocrx_word' id='word_1_334' title='bbox 844 4207 1081 4264; x_wconf 87' lang='lat' dir='ltr'>extimacionem</span> <span class='ocrx_word' id='word_1_335' title='bbox 1097 4208 1309 4281; x_wconf 89' lang='lat' dir='ltr'>impensarum</span> <span class='ocrx_word' id='word_1_336' title='bbox 1326 4209 1507 4268; x_wconf 90' lang='lat' dir='ltr'>huiusmodi</span> 
     </span>
     <span class='ocr_line' id='line_1_37' title="bbox 242 4311 1507 4386; baseline 0.002 -15"><span class='ocrx_word' id='word_1_337' title='bbox 242 4315 317 4372; x_wconf 88' lang='lat' dir='ltr'>dum</span> <span class='ocrx_word' id='word_1_338' title='bbox 341 4317 371 4371; x_wconf 92' lang='lat' dir='ltr'>et</span> <span class='ocrx_word' id='word_1_339' title='bbox 395 4311 520 4386; x_wconf 92' lang='lat' dir='ltr'>quando</span> <span class='ocrx_word' id='word_1_340' title='bbox 543 4312 587 4369; x_wconf 90' lang='lat' dir='ltr'>eis</span> <span class='ocrx_word' id='word_1_341' title='bbox 610 4327 668 4386; x_wconf 91' lang='lat' dir='ltr'>per</span> <span class='ocrx_word' id='word_1_342' title='bbox 689 4327 745 4370; x_wconf 90' lang='lat' dir='ltr'>nos</span> <span class='ocrx_word' id='word_1_343' title='bbox 779 4317 833 4370; x_wconf 90' lang='lat' dir='ltr'>aut</span> <span class='ocrx_word' id='word_1_344' title='bbox 864 4328 1056 4371; x_wconf 91' lang='lat' dir='ltr'>successores</span> <span class='ocrx_word' id='word_1_345' title='bbox 1086 4318 1209 4372; x_wconf 89' lang='lat' dir='ltr'>nostros</span> <span class='ocrx_word' id='word_1_346' title='bbox 1235 4313 1372 4374; x_wconf 87' lang='lat' dir='ltr'>facienda</span> <span class='ocrx_word' id='word_1_347' title='bbox 1395 4315 1507 4374; x_wconf 88' lang='lat' dir='ltr'>admit-</span> 
     </span>
     <span class='ocr_line' id='line_1_38' title="bbox 242 4415 1507 4492; baseline 0.002 -14"><span class='ocrx_word' id='word_1_348' title='bbox 242 4427 331 4492; x_wconf 91' lang='lat' dir='ltr'>tetur,</span> <span class='ocrx_word' id='word_1_349' title='bbox 367 4420 483 4477; x_wconf 89' lang='lat' dir='ltr'>tociens</span> <span class='ocrx_word' id='word_1_350' title='bbox 517 4417 664 4491; x_wconf 90' lang='lat' dir='ltr'>quociens</span> <span class='ocrx_word' id='word_1_351' title='bbox 697 4415 840 4476; x_wconf 90' lang='lat' dir='ltr'>facienda</span> <span class='ocrx_word' id='word_1_352' title='bbox 874 4419 1051 4491; x_wconf 88' lang='lat' dir='ltr'>occurrerit,</span> <span class='ocrx_word' id='word_1_353' title='bbox 1076 4418 1213 4477; x_wconf 90' lang='lat' dir='ltr'>fideliter</span> <span class='ocrx_word' id='word_1_354' title='bbox 1248 4419 1351 4479; x_wconf 86' lang='lat' dir='ltr'>facere</span> <span class='ocrx_word' id='word_1_355' title='bbox 1383 4421 1453 4480; x_wconf 89' lang='lat' dir='ltr'>fieri</span> <span class='ocrx_word' id='word_1_356' title='bbox 1476 4426 1507 4480; x_wconf 91' lang='lat' dir='ltr'>et</span> 
     </span>
     <span class='ocr_line' id='line_1_39' title="bbox 240 4524 1507 4600; baseline 0.001 -15"><span class='ocrx_word' id='word_1_357' title='bbox 240 4526 366 4585; x_wconf 89' lang='lat' dir='ltr'>tandem</span> <span class='ocrx_word' id='word_1_358' title='bbox 399 4540 550 4599; x_wconf 89' lang='lat' dir='ltr'>expensas</span> <span class='ocrx_word' id='word_1_359' title='bbox 573 4525 657 4598; x_wconf 91' lang='lat' dir='ltr'>ipsas</span> <span class='ocrx_word' id='word_1_360' title='bbox 681 4530 865 4598; x_wconf 82' lang='lat' dir='ltr'>extorquere</span> <span class='ocrx_word' id='word_1_361' title='bbox 888 4524 986 4582; x_wconf 91' lang='lat' dir='ltr'>acad</span> <span class='ocrx_word' id='word_1_362' title='bbox 1009 4541 1120 4583; x_wconf 86' lang='lat' dir='ltr'>manus</span> <span class='ocrx_word' id='word_1_363' title='bbox 1143 4525 1339 4600; x_wconf 83' lang='lat' dir='ltr'>prefatorum</span> <span class='ocrx_word' id='word_1_364' title='bbox 1362 4529 1507 4586; x_wconf 89' lang='lat' dir='ltr'>commis·</span> 
     </span>
     <span class='ocr_line' id='line_1_40' title="bbox 240 4631 1507 4708; baseline 0.001 -17"><span class='ocrx_word' id='word_1_365' title='bbox 240 4633 395 4691; x_wconf 88' lang='lat' dir='ltr'>sariorum</span> <span class='ocrx_word' id='word_1_366' title='bbox 420 4647 473 4690; x_wconf 90' lang='lat' dir='ltr'>seu</span> <span class='ocrx_word' id='word_1_367' title='bbox 505 4635 745 4705; x_wconf 89' lang='lat' dir='ltr'>procuratorum</span> <span class='ocrx_word' id='word_1_368' title='bbox 776 4631 941 4704; x_wconf 90' lang='lat' dir='ltr'>assignare,</span> <span class='ocrx_word' id='word_1_369' title='bbox 965 4631 1089 4705; x_wconf 91' lang='lat' dir='ltr'>ipsique</span> <span class='ocrx_word' id='word_1_370' title='bbox 1112 4634 1319 4691; x_wconf 91' lang='lat' dir='ltr'>commissarii</span> <span class='ocrx_word' id='word_1_371' title='bbox 1342 4639 1372 4691; x_wconf 89' lang='lat' dir='ltr'>et</span> <span class='ocrx_word' id='word_1_372' title='bbox 1394 4649 1507 4708; x_wconf 92' lang='lat' dir='ltr'>procu·</span> 
     </span>
     <span class='ocr_line' id='line_1_41' title="bbox 239 4736 1505 4812; baseline 0.001 -15"><span class='ocrx_word' id='word_1_373' title='bbox 239 4745 358 4798; x_wconf 87' lang='lat' dir='ltr'>ratores</span> <span class='ocrx_word' id='word_1_374' title='bbox 381 4737 507 4796; x_wconf 88' lang='lat' dir='ltr'>easdem</span> <span class='ocrx_word' id='word_1_375' title='bbox 531 4752 682 4812; x_wconf 84' lang='lat' dir='ltr'>expensas</span> <span class='ocrx_word' id='word_1_376' title='bbox 705 4737 745 4795; x_wconf 93' lang='lat' dir='ltr'>ad</span> <span class='ocrx_word' id='word_1_377' title='bbox 768 4736 923 4810; x_wconf 86' lang='lat' dir='ltr'>prefatam</span> <span class='ocrx_word' id='word_1_378' title='bbox 947 4739 1115 4796; x_wconf 87' lang='lat' dir='ltr'>utilitatem</span> <span class='ocrx_word' id='word_1_379' title='bbox 1139 4739 1269 4797; x_wconf 90' lang='lat' dir='ltr'>ecclesie</span> <span class='ocrx_word' id='word_1_380' title='bbox 1291 4745 1397 4798; x_wconf 89' lang='lat' dir='ltr'>nostre</span> <span class='ocrx_word' id='word_1_381' title='bbox 1420 4741 1505 4798; x_wconf 90' lang='lat' dir='ltr'>iuxta</span> 
     </span>
     <span class='ocr_line' id='line_1_42' title="bbox 241 4842 1507 4919; baseline 0.002 -17"><span class='ocrx_word' id='word_1_382' title='bbox 241 4846 418 4918; x_wconf 89' lang='lat' dir='ltr'>legancium</span> <span class='ocrx_word' id='word_1_383' title='bbox 441 4860 495 4902; x_wconf 93' lang='lat' dir='ltr'>seu</span> <span class='ocrx_word' id='word_1_384' title='bbox 519 4844 754 4918; x_wconf 89' lang='lat' dir='ltr'>disponencium</span> <span class='ocrx_word' id='word_1_385' title='bbox 779 4842 1011 4902; x_wconf 91' lang='lat' dir='ltr'>ordinacionem</span> <span class='ocrx_word' id='word_1_386' title='bbox 1035 4860 1190 4919; x_wconf 90' lang='lat' dir='ltr'>exponere</span> <span class='ocrx_word' id='word_1_387' title='bbox 1214 4849 1375 4904; x_wconf 90' lang='lat' dir='ltr'>teneantur</span> <span class='ocrx_word' id='word_1_388' title='bbox 1397 4849 1428 4903; x_wconf 92' lang='lat' dir='ltr'>et</span> <span class='ocrx_word' id='word_1_389' title='bbox 1447 4845 1507 4904; x_wconf 92' lang='lat' dir='ltr'>sint</span> 
     </span>
     <span class='ocr_line' id='line_1_43' title="bbox 240 4949 1507 5026; baseline 0.002 -18"><span class='ocrx_word' id='word_1_390' title='bbox 240 4951 372 5024; x_wconf 90' lang='lat' dir='ltr'>obligati</span> <span class='ocrx_word' id='word_1_391' title='bbox 389 4951 513 5008; x_wconf 91' lang='lat' dir='ltr'>racione</span> <span class='ocrx_word' id='word_1_392' title='bbox 537 4950 619 5008; x_wconf 89' lang='lat' dir='ltr'>bona</span> <span class='ocrx_word' id='word_1_393' title='bbox 639 4949 730 5008; x_wconf 92' lang='lat' dir='ltr'>nobis</span> <span class='ocrx_word' id='word_1_394' title='bbox 753 4954 807 5008; x_wconf 92' lang='lat' dir='ltr'>aut</span> <span class='ocrx_word' id='word_1_395' title='bbox 827 4951 1058 5010; x_wconf 90' lang='lat' dir='ltr'>successoribus</span> <span class='ocrx_word' id='word_1_396' title='bbox 1081 4952 1195 5011; x_wconf 89' lang='lat' dir='ltr'>nostris</span> <span class='ocrx_word' id='word_1_397' title='bbox 1229 4957 1283 5010; x_wconf 93' lang='lat' dir='ltr'>aut</span> <span class='ocrx_word' id='word_1_398' title='bbox 1305 4951 1444 5026; x_wconf 88' lang='lat' dir='ltr'>capitulo</span> <span class='ocrx_word' id='word_1_399' title='bbox 1468 4951 1507 5010; x_wconf 94' lang='lat' dir='ltr'>de</span> 
     </span>
    </p>
   </div>
   <div class='ocr_carea' id='block_1_4' title="bbox 0 0 1918 5822">
    <p class='ocr_par' dir='ltr' id='par_1_4' title="bbox 0 0 1918 5822">
     <span class='ocr_line' id='line_1_44' title="bbox 0 0 1918 5822; baseline 0 2"><span class='ocrx_word' id='word_1_400' title='bbox 0 0 1918 5822; x_wconf 95' lang='lat' dir='ltr'> </span> 
     </span>
    </p>
   </div>
  </div>
 </body>
</html>
