<?xml version="1.0" encoding="UTF-8"?>
<!DOCTYPE html PUBLIC "-//W3C//DTD XHTML 1.0 Transitional//EN"
    "http://www.w3.org/TR/xhtml1/DTD/xhtml1-transitional.dtd">
<html xmlns="http://www.w3.org/1999/xhtml" xml:lang="en" lang="en">
 <head>
  <title>
</title>
<meta http-equiv="Content-Type" content="text/html;charset=utf-8" />
  <meta name='ocr-system' content='tesseract 3.04.00' />
  <meta name='ocr-capabilities' content='ocr_page ocr_carea ocr_par ocr_line ocrx_word'/>
</head>
<body>
  <div class='ocr_page' id='page_1' title='image "./monumentahistor20laszgoog_0410.png"; bbox 0 0 3930 5802; ppageno 0'>
   <div class='ocr_carea' id='block_1_1' title="bbox 0 4891 3 5480">
    <p class='ocr_par' dir='ltr' id='par_1_1' title="bbox 0 4891 3 5480">
     <span class='ocr_line' id='line_1_1' title="bbox 0 4891 3 5480; baseline 0 0"><span class='ocrx_word' id='word_1_1' title='bbox 0 4891 3 5480; x_wconf 95' lang='lat' dir='ltr'><strong> </strong></span> 
     </span>
    </p>
   </div>
   <div class='ocr_carea' id='block_1_2' title="bbox 731 528 1573 612">
    <p class='ocr_par' dir='ltr' id='par_1_2' title="bbox 731 528 1573 612">
     <span class='ocr_line' id='line_1_2' title="bbox 731 528 1573 612; baseline -0.012 -15"><span class='ocrx_word' id='word_1_2' title='bbox 731 539 804 600; x_wconf 84' lang='lat' dir='ltr'><strong>Doc.</strong></span> <span class='ocrx_word' id='word_1_3' title='bbox 827 533 896 596; x_wconf 83' lang='lat'><em>118.</em></span> <span class='ocrx_word' id='word_1_4' title='bbox 922 569 961 580; x_wconf 93' lang='lat'><em>-</em></span> <span class='ocrx_word' id='word_1_5' title='bbox 982 535 1038 594; x_wconf 83' lang='lat' dir='ltr'><strong>An.</strong></span> <span class='ocrx_word' id='word_1_6' title='bbox 1062 528 1154 612; x_wconf 74' lang='lat'><em>1438.</em></span> <span class='ocrx_word' id='word_1_7' title='bbox 1514 543 1573 604; x_wconf 80' lang='lat'><strong>153</strong></span> 
     </span>
    </p>
   </div>
   <div class='ocr_carea' id='block_1_3' title="bbox 309 745 1576 1267">
    <p class='ocr_par' dir='ltr' id='par_1_3' title="bbox 309 745 1576 1267">
     <span class='ocr_line' id='line_1_3' title="bbox 310 745 1574 833; baseline -0.011 -17"><span class='ocrx_word' id='word_1_8' title='bbox 310 757 380 832; x_wconf 85' lang='lat' dir='ltr'><strong>Qua</strong></span> <span class='ocrx_word' id='word_1_9' title='bbox 403 757 629 833; x_wconf 88' lang='lat' dir='ltr'><strong>protestacione</strong></span> <span class='ocrx_word' id='word_1_10' title='bbox 653 755 742 826; x_wconf 84' lang='lat' dir='ltr'><strong>iacta,</strong></span> <span class='ocrx_word' id='word_1_11' title='bbox 776 753 974 830; x_wconf 90' lang='lat' dir='ltr'><strong>pretitulatus</strong></span> <span class='ocrx_word' id='word_1_12' title='bbox 1010 752 1158 825; x_wconf 82' lang='lat' dir='ltr'><strong>magister</strong></span> <span class='ocrx_word' id='word_1_13' title='bbox 1191 746 1366 822; x_wconf 81' lang='lat' dir='ltr'><strong>Stephanus</strong></span> <span class='ocrx_word' id='word_1_14' title='bbox 1408 745 1574 817; x_wconf 73' lang='lat' dir='ltr'><strong>sublectos,</strong></span> 
     </span>
     <span class='ocr_line' id='line_1_4' title="bbox 310 851 1576 939; baseline -0.012 -16"><span class='ocrx_word' id='word_1_15' title='bbox 310 865 404 939; x_wconf 91' lang='lat' dir='ltr'><strong>peciit</strong></span> <span class='ocrx_word' id='word_1_16' title='bbox 427 879 491 937; x_wconf 88' lang='lat' dir='ltr'><strong>uos,</strong></span> <span class='ocrx_word' id='word_1_17' title='bbox 515 868 550 922; x_wconf 91' lang='lat' dir='ltr'><strong>ut</strong></span> <span class='ocrx_word' id='word_1_18' title='bbox 572 861 674 921; x_wconf 90' lang='lat' dir='ltr'><strong>eidem</strong></span> <span class='ocrx_word' id='word_1_19' title='bbox 697 861 835 935; x_wconf 87' lang='lat' dir='ltr'><strong>capitulo</strong></span> <span class='ocrx_word' id='word_1_20' title='bbox 870 859 1061 933; x_wconf 81' lang='lat' dir='ltr'><strong>zagrabiensi</strong></span> <span class='ocrx_word' id='word_1_21' title='bbox 1095 857 1215 916; x_wconf 78' lang='lat' dir='ltr'><strong>litteras</strong></span> <span class='ocrx_word' id='word_1_22' title='bbox 1249 859 1370 914; x_wconf 86' lang='lat' dir='ltr'><strong>nostras</strong></span> <span class='ocrx_word' id='word_1_23' title='bbox 1408 851 1576 927; x_wconf 87' lang='lat' dir='ltr'><strong>superinde</strong></span> 
     </span>
     <span class='ocr_line' id='line_1_5' title="bbox 310 958 1576 1043; baseline -0.01 -15"><span class='ocrx_word' id='word_1_24' title='bbox 310 969 478 1028; x_wconf 81' lang='lat' dir='ltr'><strong>concedere</strong></span> <span class='ocrx_word' id='word_1_25' title='bbox 500 969 709 1043; x_wconf 87' lang='lat' dir='ltr'><strong>dignaremur.</strong></span> <span class='ocrx_word' id='word_1_26' title='bbox 732 967 817 1041; x_wconf 83' lang='lat' dir='ltr'><strong>Quas</strong></span> <span class='ocrx_word' id='word_1_27' title='bbox 839 981 896 1026; x_wconf 92' lang='lat' dir='ltr'><strong>nos</strong></span> <span class='ocrx_word' id='word_1_28' title='bbox 919 966 980 1040; x_wconf 88' lang='lat' dir='ltr'><strong>ipsi</strong></span> <span class='ocrx_word' id='word_1_29' title='bbox 1002 963 1141 1040; x_wconf 89' lang='lat' dir='ltr'><strong>capitulo</strong></span> <span class='ocrx_word' id='word_1_30' title='bbox 1177 959 1384 1020; x_wconf 85' lang='lat' dir='ltr'><strong>concessimus</strong></span> <span class='ocrx_word' id='word_1_31' title='bbox 1417 958 1576 1017; x_wconf 91' lang='lat' dir='ltr'><strong>communi</strong></span> 
     </span>
     <span class='ocr_line' id='line_1_6' title="bbox 311 1063 1574 1146; baseline -0.011 -11"><span class='ocrx_word' id='word_1_32' title='bbox 311 1077 433 1136; x_wconf 87' lang='lat' dir='ltr'><strong>iusticia</strong></span> <span class='ocrx_word' id='word_1_33' title='bbox 454 1075 612 1135; x_wconf 77' lang='lat' dir='ltr'><strong>suadente.</strong></span> <span class='ocrx_word' id='word_1_34' title='bbox 634 1075 751 1132; x_wconf 90' lang='lat' dir='ltr'><strong>Datum</strong></span> <span class='ocrx_word' id='word_1_35' title='bbox 784 1072 861 1131; x_wconf 82' lang='lat' dir='ltr'><strong>teria</strong></span> <span class='ocrx_word' id='word_1_36' title='bbox 891 1077 1002 1146; x_wconf 86' lang='lat' dir='ltr'><strong>quarta</strong></span> <span class='ocrx_word' id='word_1_37' title='bbox 1036 1071 1181 1146; x_wconf 86' lang='lat' dir='ltr'><strong>proxima</strong></span> <span class='ocrx_word' id='word_1_38' title='bbox 1214 1071 1286 1142; x_wconf 88' lang='lat' dir='ltr'><strong>post</strong></span> <span class='ocrx_word' id='word_1_39' title='bbox 1319 1064 1432 1124; x_wconf 77' lang='lat' dir='ltr'><strong>festum</strong></span> <span class='ocrx_word' id='word_1_40' title='bbox 1458 1063 1574 1122; x_wconf 88' lang='lat' dir='ltr'><strong>Pasche</strong></span> 
     </span>
     <span class='ocr_line' id='line_1_7' title="bbox 309 1171 1575 1267; baseline -0.01 -25"><span class='ocrx_word' id='word_1_41' title='bbox 309 1183 446 1242; x_wconf 89' lang='lat' dir='ltr'><strong>Domini.</strong></span> <span class='ocrx_word' id='word_1_42' title='bbox 470 1185 560 1242; x_wconf 86' lang='lat' dir='ltr'><strong>Anno</strong></span> <span class='ocrx_word' id='word_1_43' title='bbox 584 1181 723 1240; x_wconf 90' lang='lat' dir='ltr'><strong>eiusdem</strong></span> <span class='ocrx_word' id='word_1_44' title='bbox 746 1179 917 1239; x_wconf 90' lang='lat' dir='ltr'><strong>millesimo</strong></span> <span class='ocrx_word' id='word_1_45' title='bbox 940 1176 1245 1252; x_wconf 82' lang='lat' dir='ltr'><strong>quadringentesimo</strong></span> <span class='ocrx_word' id='word_1_46' title='bbox 1268 1171 1430 1246; x_wconf 87' lang='lat' dir='ltr'><strong>trigesimo</strong></span> <span class='ocrx_word' id='word_1_47' title='bbox 1453 1175 1575 1267; x_wconf 77' lang='lat' dir='ltr'><strong>octavo.</strong></span> 
     </span>
    </p>
   </div>
   <div class='ocr_carea' id='block_1_4' title="bbox 307 1307 1576 1471">
    <p class='ocr_par' dir='ltr' id='par_1_4' title="bbox 307 1307 1576 1471">
     <span class='ocr_line' id='line_1_8' title="bbox 415 1307 1576 1380; baseline -0.007 -14"><span class='ocrx_word' id='word_1_48' title='bbox 415 1317 491 1369; x_wconf 87' lang='lat' dir='ltr'><strong>Bath.</strong></span> <span class='ocrx_word' id='word_1_49' title='bbox 511 1315 628 1368; x_wconf 75' lang='lat' dir='ltr'><strong>Krdelid.</strong></span> <span class='ocrx_word' id='word_1_50' title='bbox 647 1317 718 1368; x_wconf 79' lang='lat' dir='ltr'><strong>Hist</strong></span> <span class='ocrx_word' id='word_1_51' title='bbox 737 1315 799 1368; x_wconf 90' lang='lat' dir='ltr'><strong>eccl.</strong></span> <span class='ocrx_word' id='word_1_52' title='bbox 818 1315 919 1380; x_wconf 84' lang='lat' dir='ltr'><strong>zagrab.</strong></span> <span class='ocrx_word' id='word_1_53' title='bbox 933 1330 958 1380; x_wconf 87' lang='lat' dir='ltr'><strong>p.</strong></span> <span class='ocrx_word' id='word_1_54' title='bbox 973 1325 1015 1380; x_wconf 83' lang='lat'><strong>70.</strong></span> <span class='ocrx_word' id='word_1_55' title='bbox 1035 1315 1074 1366; x_wconf 85' lang='lat' dir='ltr'><strong>Iv.</strong></span> <span class='ocrx_word' id='word_1_56' title='bbox 1087 1309 1260 1378; x_wconf 77' lang='lat' dir='ltr'><strong>Kukuljevie.</strong></span> <span class='ocrx_word' id='word_1_57' title='bbox 1274 1308 1360 1358; x_wconf 83' lang='lat' dir='ltr'><strong>Arkiv</strong></span> <span class='ocrx_word' id='word_1_58' title='bbox 1373 1324 1402 1358; x_wconf 83' lang='lat' dir='ltr'><strong>aa</strong></span> <span class='ocrx_word' id='word_1_59' title='bbox 1414 1307 1576 1375; x_wconf 86' lang='lat' dir='ltr'><strong>povjestnicu</strong></span> 
     </span>
     <span class='ocr_line' id='line_1_9' title="bbox 307 1397 995 1471; baseline -0.006 -15"><span class='ocrx_word' id='word_1_60' title='bbox 307 1405 518 1470; x_wconf 78' lang='lat' dir='ltr'><strong>jugoslaveuslru‚</strong></span> <span class='ocrx_word' id='word_1_61' title='bbox 537 1405 662 1471; x_wconf 81' lang='lat' dir='ltr'><strong>knj.111.</strong></span> <span class='ocrx_word' id='word_1_62' title='bbox 682 1411 726 1454; x_wconf 87' lang='lat' dir='ltr'><strong>str.</strong></span> <span class='ocrx_word' id='word_1_63' title='bbox 746 1417 789 1467; x_wconf 90' lang='lat'><strong>91.</strong></span> <span class='ocrx_word' id='word_1_64' title='bbox 992 1397 995 1404; x_wconf 50' lang='lat'><strong>⁴</strong></span> 
     </span>
    </p>
   </div>
   <div class='ocr_carea' id='block_1_5' title="bbox 917 1594 984 1664">
    <p class='ocr_par' dir='ltr' id='par_1_5' title="bbox 917 1594 984 1664">
     <span class='ocr_line' id='line_1_10' title="bbox 917 1594 984 1664; baseline -0.015 0"><span class='ocrx_word' id='word_1_65' title='bbox 917 1594 984 1664; x_wconf 86' lang='grc'><strong>118.</strong></span> 
     </span>
    </p>
   </div>
   <div class='ocr_carea' id='block_1_6' title="bbox 415 1723 908 1805">
    <p class='ocr_par' dir='ltr' id='par_1_6' title="bbox 415 1723 908 1805">
     <span class='ocr_line' id='line_1_11' title="bbox 415 1723 908 1805; baseline 0.002 -16"><span class='ocrx_word' id='word_1_66' title='bbox 415 1739 497 1790; x_wconf 85' lang='lat' dir='ltr'><strong>Auno</strong></span> <span class='ocrx_word' id='word_1_67' title='bbox 519 1740 593 1803; x_wconf 85' lang='lat'>1438,</span> <span class='ocrx_word' id='word_1_68' title='bbox 614 1739 654 1789; x_wconf 90' lang='lat'><strong>26.</strong></span> <span class='ocrx_word' id='word_1_69' title='bbox 674 1739 772 1805; x_wconf 79' lang='lat' dir='ltr'><strong>aprilis,</strong></span> <span class='ocrx_word' id='word_1_70' title='bbox 792 1723 908 1791; x_wconf 59' lang='lat' dir='ltr'><strong>Casmae.</strong></span> 
     </span>
    </p>
   </div>
   <div class='ocr_carea' id='block_1_7' title="bbox 302 1849 1577 2156">
    <p class='ocr_par' dir='ltr' id='par_1_7' title="bbox 302 1849 1577 2156">
     <span class='ocr_line' id='line_1_12' title="bbox 316 1849 1577 1943; baseline -0.007 -17"><span class='ocrx_word' id='word_1_71' title='bbox 316 1867 480 1942; x_wconf 73' lang='lat' dir='ltr'><strong>Capitulum</strong></span> <span class='ocrx_word' id='word_1_72' title='bbox 503 1867 652 1943; x_wconf 79' lang='lat' dir='ltr'><strong>lasmense,</strong></span> <span class='ocrx_word' id='word_1_73' title='bbox 682 1869 822 1940; x_wconf 70' lang='lat' dir='ltr'><strong>olricum,</strong></span> <span class='ocrx_word' id='word_1_74' title='bbox 842 1869 967 1928; x_wconf 80' lang='lat' dir='ltr'><strong>cornitem</strong></span> <span class='ocrx_word' id='word_1_75' title='bbox 996 1867 1101 1938; x_wconf 66' lang='lat' dir='ltr'><strong>(lileae,</strong></span> <span class='ocrx_word' id='word_1_76' title='bbox 1122 1885 1160 1924; x_wconf 87' lang='lat' dir='ltr'><strong>ex</strong></span> <span class='ocrx_word' id='word_1_77' title='bbox 1181 1849 1320 1925; x_wconf 84' lang='lat' dir='ltr'><strong>sententia</strong></span> <span class='ocrx_word' id='word_1_78' title='bbox 1342 1864 1458 1922; x_wconf 80' lang='lat' dir='ltr'><strong>tabulae</strong></span> <span class='ocrx_word' id='word_1_79' title='bbox 1480 1861 1577 1935; x_wconf 82' lang='lat' dir='ltr'><strong>regiae</strong></span> 
     </span>
     <span class='ocr_line' id='line_1_13' title="bbox 302 1968 1577 2050; baseline -0.006 -18"><span class='ocrx_word' id='word_1_80' title='bbox 302 1980 364 2048; x_wconf 82' lang='lat' dir='ltr'><strong>pro</strong></span> <span class='ocrx_word' id='word_1_81' title='bbox 378 1974 497 2050; x_wconf 76' lang='lat' dir='ltr'><strong>injiere&#39;ei</strong></span> <span class='ocrx_word' id='word_1_82' title='bbox 519 1992 539 2032; x_wconf 87' lang='lat' dir='ltr'><em>a</em></span> <span class='ocrx_word' id='word_1_83' title='bbox 563 1973 700 2034; x_wconf 80' lang='lat' dir='ltr'><strong>Vr&#39;lhelmo</strong></span> <span class='ocrx_word' id='word_1_84' title='bbox 722 1976 878 2033; x_wconf 86' lang='lat' dir='ltr'><strong>castellano</strong></span> <span class='ocrx_word' id='word_1_85' title='bbox 892 1975 995 2050; x_wconf 67' lang='lat' dir='ltr'><strong>facus,</strong></span> <span class='ocrx_word' id='word_1_86' title='bbox 1017 1974 1153 2032; x_wconf 85' lang='lat' dir='ltr'><strong>mulctam</strong></span> <span class='ocrx_word' id='word_1_87' title='bbox 1171 1973 1215 2031; x_wconf 87' lang='lat' dir='ltr'><strong>die</strong></span> <span class='ocrx_word' id='word_1_88' title='bbox 1237 1972 1312 2030; x_wconf 68' lang='lat' dir='ltr'><strong>dieta</strong></span> <span class='ocrx_word' id='word_1_89' title='bbox 1329 1989 1387 2029; x_wconf 84' lang='lat' dir='ltr'><strong>non</strong></span> <span class='ocrx_word' id='word_1_90' title='bbox 1402 1968 1577 2044; x_wconf 80' lang='lat' dir='ltr'><strong>persolvisse</strong></span> 
     </span>
     <span class='ocr_line' id='line_1_14' title="bbox 776 2081 1099 2156; baseline -0.006 -17"><span class='ocrx_word' id='word_1_91' title='bbox 776 2081 895 2140; x_wconf 79' lang='lat' dir='ltr'><strong>Alberto</strong></span> <span class='ocrx_word' id='word_1_92' title='bbox 917 2082 980 2156; x_wconf 77' lang='lat' dir='ltr'><strong>regi</strong></span> <span class='ocrx_word' id='word_1_93' title='bbox 1000 2081 1099 2156; x_wconf 82' lang='lat' dir='ltr'><strong>refert.</strong></span> 
     </span>
    </p>
   </div>
   <div class='ocr_carea' id='block_1_8' title="bbox 307 2217 1576 5069">
    <p class='ocr_par' dir='ltr' id='par_1_8' title="bbox 307 2217 1576 5069">
     <span class='ocr_line' id='line_1_15' title="bbox 414 2217 1576 2308; baseline -0.004 -26"><span class='ocrx_word' id='word_1_94' title='bbox 414 2223 619 2284; x_wconf 90' lang='lat' dir='ltr'><strong>Serenissimo</strong></span> <span class='ocrx_word' id='word_1_95' title='bbox 643 2226 776 2301; x_wconf 89' lang='lat' dir='ltr'><strong>principi</strong></span> <span class='ocrx_word' id='word_1_96' title='bbox 792 2232 822 2284; x_wconf 91' lang='lat' dir='ltr'><strong>et</strong></span> <span class='ocrx_word' id='word_1_97' title='bbox 845 2225 982 2299; x_wconf 88' lang='lat' dir='ltr'><strong>domino,</strong></span> <span class='ocrx_word' id='word_1_98' title='bbox 1005 2224 1133 2283; x_wconf 89' lang='lat' dir='ltr'><strong>domino</strong></span> <span class='ocrx_word' id='word_1_99' title='bbox 1156 2223 1291 2308; x_wconf 84' lang='lat' dir='ltr'><strong>Alberto</strong></span> <span class='ocrx_word' id='word_1_100' title='bbox 1313 2221 1363 2281; x_wconf 92' lang='lat' dir='ltr'><strong>dei</strong></span> <span class='ocrx_word' id='word_1_101' title='bbox 1386 2221 1490 2294; x_wconf 77' lang='lat' dir='ltr'><strong>gracia</strong></span> <span class='ocrx_word' id='word_1_102' title='bbox 1510 2217 1576 2290; x_wconf 81' lang='lat' dir='ltr'><strong>regi</strong></span> 
     </span>
     <span class='ocr_line' id='line_1_16' title="bbox 312 2327 1576 2404; baseline -0.004 -17"><span class='ocrx_word' id='word_1_103' title='bbox 312 2329 480 2403; x_wconf 70' lang='lat' dir='ltr'><strong>Hungaria</strong></span> <span class='ocrx_word' id='word_1_104' title='bbox 504 2330 675 2403; x_wconf 90' lang='lat' dir='ltr'><strong>Dalmacie,</strong></span> <span class='ocrx_word' id='word_1_105' title='bbox 706 2331 833 2390; x_wconf 89' lang='lat' dir='ltr'><strong>Croacie</strong></span> <span class='ocrx_word' id='word_1_106' title='bbox 862 2337 918 2392; x_wconf 88' lang='lat' dir='ltr'><strong>etc.</strong></span> <span class='ocrx_word' id='word_1_107' title='bbox 954 2332 1141 2404; x_wconf 79' lang='lat' dir='ltr'><strong>Austrisque</strong></span> <span class='ocrx_word' id='word_1_108' title='bbox 1165 2337 1195 2389; x_wconf 92' lang='lat' dir='ltr'><strong>et</strong></span> <span class='ocrx_word' id='word_1_109' title='bbox 1228 2327 1321 2389; x_wconf 89' lang='lat' dir='ltr'><strong>Stirie</strong></span> <span class='ocrx_word' id='word_1_110' title='bbox 1344 2327 1423 2398; x_wconf 89' lang='lat' dir='ltr'><strong>duci,</strong></span> <span class='ocrx_word' id='word_1_111' title='bbox 1458 2338 1576 2385; x_wconf 90' lang='lat' dir='ltr'><strong>necnon</strong></span> 
     </span>
     <span class='ocr_line' id='line_1_17' title="bbox 311 2433 1576 2513; baseline -0.003 -19"><span class='ocrx_word' id='word_1_112' title='bbox 311 2437 483 2496; x_wconf 90' lang='lat' dir='ltr'><strong>marchioni</strong></span> <span class='ocrx_word' id='word_1_113' title='bbox 507 2438 646 2496; x_wconf 88' lang='lat' dir='ltr'><strong>Morauie</strong></span> <span class='ocrx_word' id='word_1_114' title='bbox 669 2443 723 2497; x_wconf 90' lang='lat' dir='ltr'><strong>etc.</strong></span> <span class='ocrx_word' id='word_1_115' title='bbox 755 2437 882 2497; x_wconf 91' lang='lat' dir='ltr'><strong>domino</strong></span> <span class='ocrx_word' id='word_1_116' title='bbox 916 2438 1058 2513; x_wconf 88' lang='lat' dir='ltr'><strong>ipsorum</strong></span> <span class='ocrx_word' id='word_1_117' title='bbox 1088 2437 1224 2496; x_wconf 90' lang='lat' dir='ltr'><strong>naturali</strong></span> <span class='ocrx_word' id='word_1_118' title='bbox 1257 2442 1288 2495; x_wconf 91' lang='lat' dir='ltr'><strong>et</strong></span> <span class='ocrx_word' id='word_1_119' title='bbox 1311 2436 1461 2509; x_wconf 82' lang='lat' dir='ltr'><strong>gracioso,</strong></span> <span class='ocrx_word' id='word_1_120' title='bbox 1492 2433 1576 2506; x_wconf 89' lang='lat' dir='ltr'><strong>capi-</strong></span> 
     </span>
     <span class='ocr_line' id='line_1_18' title="bbox 310 2541 1576 2604; baseline -0.004 -4"><span class='ocrx_word' id='word_1_121' title='bbox 310 2541 414 2600; x_wconf 91' lang='lat' dir='ltr'><strong>tulum</strong></span> <span class='ocrx_word' id='word_1_122' title='bbox 437 2543 566 2601; x_wconf 91' lang='lat' dir='ltr'><strong>ecclesie</strong></span> <span class='ocrx_word' id='word_1_123' title='bbox 588 2543 777 2603; x_wconf 85' lang='lat' dir='ltr'><strong>chasmensis</strong></span> <span class='ocrx_word' id='word_1_124' title='bbox 798 2545 956 2604; x_wconf 86' lang='lat' dir='ltr'><strong>oraciones</strong></span> <span class='ocrx_word' id='word_1_125' title='bbox 978 2545 1010 2602; x_wconf 92' lang='lat' dir='ltr'><strong>in</strong></span> <span class='ocrx_word' id='word_1_126' title='bbox 1023 2543 1153 2602; x_wconf 90' lang='lat' dir='ltr'><strong>domino</strong></span> <span class='ocrx_word' id='word_1_127' title='bbox 1169 2543 1289 2602; x_wconf 89' lang='lat' dir='ltr'><strong>debitas</strong></span> <span class='ocrx_word' id='word_1_128' title='bbox 1306 2546 1336 2600; x_wconf 92' lang='lat' dir='ltr'><strong>et</strong></span> <span class='ocrx_word' id='word_1_129' title='bbox 1358 2541 1487 2600; x_wconf 89' lang='lat' dir='ltr'><strong>devotas</strong></span> <span class='ocrx_word' id='word_1_130' title='bbox 1503 2553 1576 2596; x_wconf 89' lang='lat' dir='ltr'><strong>cum</strong></span> 
     </span>
     <span class='ocr_line' id='line_1_19' title="bbox 310 2647 1576 2722; baseline -0.003 -16"><span class='ocrx_word' id='word_1_131' title='bbox 310 2653 462 2722; x_wconf 88' lang='lat' dir='ltr'><strong>perpetua</strong></span> <span class='ocrx_word' id='word_1_132' title='bbox 485 2647 643 2707; x_wconf 86' lang='lat' dir='ltr'><strong>fidelitate.</strong></span> <span class='ocrx_word' id='word_1_133' title='bbox 674 2649 806 2708; x_wconf 85' lang='lat' dir='ltr'><strong>Litteras</strong></span> <span class='ocrx_word' id='word_1_134' title='bbox 829 2650 917 2708; x_wconf 88' lang='lat' dir='ltr'><strong>binas</strong></span> <span class='ocrx_word' id='word_1_135' title='bbox 940 2649 1079 2709; x_wconf 90' lang='lat' dir='ltr'><strong>eiusdem</strong></span> <span class='ocrx_word' id='word_1_136' title='bbox 1100 2653 1204 2708; x_wconf 87' lang='lat' dir='ltr'><strong>vestre</strong></span> <span class='ocrx_word' id='word_1_137' title='bbox 1234 2648 1405 2708; x_wconf 87' lang='lat' dir='ltr'><strong>serenitatis</strong></span> <span class='ocrx_word' id='word_1_138' title='bbox 1436 2650 1576 2720; x_wconf 88' lang='lat' dir='ltr'><strong>patentes</strong></span> 
     </span>
     <span class='ocr_line' id='line_1_20' title="bbox 310 2752 1576 2831; baseline 0.005 -19"><span class='ocrx_word' id='word_1_139' title='bbox 310 2768 370 2828; x_wconf 91' lang='lat' dir='ltr'><strong>pro</strong></span> <span class='ocrx_word' id='word_1_140' title='bbox 393 2758 483 2829; x_wconf 83' lang='lat' dir='ltr'><strong>parte</strong></span> <span class='ocrx_word' id='word_1_141' title='bbox 504 2752 623 2830; x_wconf 85' lang='lat' dir='ltr'><strong>judicis,</strong></span> <span class='ocrx_word' id='word_1_142' title='bbox 643 2752 826 2831; x_wconf 88' lang='lat' dir='ltr'><strong>juratorum,</strong></span> <span class='ocrx_word' id='word_1_143' title='bbox 843 2761 1078 2831; x_wconf 88' lang='lat' dir='ltr'><strong>ceterorumque</strong></span> <span class='ocrx_word' id='word_1_144' title='bbox 1094 2757 1210 2816; x_wconf 89' lang='lat' dir='ltr'><strong>civium</strong></span> <span class='ocrx_word' id='word_1_145' title='bbox 1227 2762 1258 2815; x_wconf 89' lang='lat' dir='ltr'><strong>et</strong></span> <span class='ocrx_word' id='word_1_146' title='bbox 1281 2757 1379 2815; x_wconf 90' lang='lat' dir='ltr'><strong>tocius</strong></span> <span class='ocrx_word' id='word_1_147' title='bbox 1402 2752 1576 2818; x_wconf 56' lang='lat' dir='ltr'><strong>communia</strong></span> 
     </span>
     <span class='ocr_line' id='line_1_21' title="bbox 311 2859 1575 2923; baseline -0.002 -3"><span class='ocrx_word' id='word_1_148' title='bbox 311 2861 383 2920; x_wconf 88' lang='lat' dir='ltr'><strong>tatis</strong></span> <span class='ocrx_word' id='word_1_149' title='bbox 406 2861 541 2920; x_wconf 91' lang='lat' dir='ltr'><strong>civitatis</strong></span> <span class='ocrx_word' id='word_1_150' title='bbox 564 2861 702 2920; x_wconf 89' lang='lat' dir='ltr'><strong>eiusdem</strong></span> <span class='ocrx_word' id='word_1_151' title='bbox 725 2868 827 2921; x_wconf 81' lang='lat' dir='ltr'><strong>vestre</strong></span> <span class='ocrx_word' id='word_1_152' title='bbox 843 2863 1015 2922; x_wconf 88' lang='lat' dir='ltr'><strong>serenitatis</strong></span> <span class='ocrx_word' id='word_1_153' title='bbox 1037 2864 1153 2922; x_wconf 89' lang='lat' dir='ltr'><strong>montis</strong></span> <span class='ocrx_word' id='word_1_154' title='bbox 1171 2863 1333 2923; x_wconf 90' lang='lat' dir='ltr'><strong>Grecensis</strong></span> <span class='ocrx_word' id='word_1_155' title='bbox 1357 2862 1396 2921; x_wconf 94' lang='lat' dir='ltr'><strong>de</strong></span> <span class='ocrx_word' id='word_1_156' title='bbox 1418 2862 1504 2921; x_wconf 84' lang='lat' dir='ltr'><strong>iuxta</strong></span> <span class='ocrx_word' id='word_1_157' title='bbox 1520 2859 1575 2918; x_wconf 88' lang='lat' dir='ltr'><strong>Za·</strong></span> 
     </span>
     <span class='ocr_line' id='line_1_22' title="bbox 310 2969 1575 3046; baseline -0.001 -20"><span class='ocrx_word' id='word_1_158' title='bbox 310 2969 453 3042; x_wconf 82' lang='lat' dir='ltr'><strong>grabiam</strong></span> <span class='ocrx_word' id='word_1_159' title='bbox 475 2969 532 3027; x_wconf 90' lang='lat' dir='ltr'><strong>site</strong></span> <span class='ocrx_word' id='word_1_160' title='bbox 554 2975 585 3027; x_wconf 92' lang='lat' dir='ltr'><strong>et</strong></span> <span class='ocrx_word' id='word_1_161' title='bbox 607 2969 773 3044; x_wconf 85' lang='lat' dir='ltr'><strong>existentis,</strong></span> <span class='ocrx_word' id='word_1_162' title='bbox 797 2979 953 3030; x_wconf 87' lang='lat' dir='ltr'><strong>emanatas</strong></span> <span class='ocrx_word' id='word_1_163' title='bbox 976 2977 1006 3030; x_wconf 91' lang='lat' dir='ltr'><strong>et</strong></span> <span class='ocrx_word' id='word_1_164' title='bbox 1028 2972 1191 3044; x_wconf 86' lang='lat' dir='ltr'><strong>consectas,</strong></span> <span class='ocrx_word' id='word_1_165' title='bbox 1213 2972 1367 3046; x_wconf 91' lang='lat' dir='ltr'><strong>nobisque</strong></span> <span class='ocrx_word' id='word_1_166' title='bbox 1383 2969 1575 3044; x_wconf 89' lang='lat' dir='ltr'><strong>preceptorie</strong></span> 
     </span>
     <span class='ocr_line' id='line_1_23' title="bbox 311 3075 1575 3152; baseline -0.002 -20"><span class='ocrx_word' id='word_1_167' title='bbox 311 3075 474 3148; x_wconf 90' lang='lat' dir='ltr'><strong>loquentes</strong></span> <span class='ocrx_word' id='word_1_168' title='bbox 498 3080 528 3133; x_wconf 90' lang='lat' dir='ltr'><strong>et</strong></span> <span class='ocrx_word' id='word_1_169' title='bbox 551 3075 685 3135; x_wconf 89' lang='lat' dir='ltr'><strong>directas</strong></span> <span class='ocrx_word' id='word_1_170' title='bbox 706 3093 853 3152; x_wconf 90' lang='lat' dir='ltr'><strong>sumpma</strong></span> <span class='ocrx_word' id='word_1_171' title='bbox 876 3095 947 3136; x_wconf 93' lang='lat' dir='ltr'><strong>cum</strong></span> <span class='ocrx_word' id='word_1_172' title='bbox 971 3079 1150 3138; x_wconf 89' lang='lat' dir='ltr'><strong>obediencia</strong></span> <span class='ocrx_word' id='word_1_173' title='bbox 1184 3079 1307 3138; x_wconf 89' lang='lat' dir='ltr'><strong>noverit</strong></span> <span class='ocrx_word' id='word_1_174' title='bbox 1332 3075 1446 3135; x_wconf 84' lang='lat' dir='ltr'><strong>eadem</strong></span> <span class='ocrx_word' id='word_1_175' title='bbox 1471 3079 1575 3132; x_wconf 88' lang='lat' dir='ltr'><strong>vestra</strong></span> 
     </span>
     <span class='ocr_line' id='line_1_24' title="bbox 314 3182 1574 3260; baseline 0.002 -22"><span class='ocrx_word' id='word_1_176' title='bbox 314 3182 461 3239; x_wconf 87' lang='lat' dir='ltr'><strong>serenitas</strong></span> <span class='ocrx_word' id='word_1_177' title='bbox 483 3195 540 3240; x_wconf 88' lang='lat' dir='ltr'><strong>nos</strong></span> <span class='ocrx_word' id='word_1_178' title='bbox 562 3185 716 3258; x_wconf 88' lang='lat' dir='ltr'><strong>recepisse</strong></span> <span class='ocrx_word' id='word_1_179' title='bbox 738 3185 770 3243; x_wconf 93' lang='lat' dir='ltr'><strong>in</strong></span> <span class='ocrx_word' id='word_1_180' title='bbox 793 3186 849 3244; x_wconf 94' lang='lat' dir='ltr'><strong>hec</strong></span> <span class='ocrx_word' id='word_1_181' title='bbox 872 3185 977 3244; x_wconf 87' lang='lat' dir='ltr'><strong>verba.</strong></span> <span class='ocrx_word' id='word_1_182' title='bbox 1001 3185 1143 3260; x_wconf 79' lang='lat' dir='ltr'><strong>Quarum</strong></span> <span class='ocrx_word' id='word_1_183' title='bbox 1165 3187 1256 3244; x_wconf 90' lang='lat' dir='ltr'><strong>unius</strong></span> <span class='ocrx_word' id='word_1_184' title='bbox 1287 3191 1376 3244; x_wconf 89' lang='lat' dir='ltr'><strong>tenor</strong></span> <span class='ocrx_word' id='word_1_185' title='bbox 1406 3183 1477 3241; x_wconf 91' lang='lat' dir='ltr'><strong>talis</strong></span> <span class='ocrx_word' id='word_1_186' title='bbox 1511 3186 1574 3240; x_wconf 85' lang='lat' dir='ltr'><strong>est:</strong></span> 
     </span>
     <span class='ocr_line' id='line_1_25' title="bbox 313 3280 1576 3370; baseline 0.001 -26"><span class='ocrx_word' id='word_1_187' title='bbox 313 3280 397 3366; x_wconf 83' lang='lat' dir='ltr'><strong>(vide</strong></span> <span class='ocrx_word' id='word_1_188' title='bbox 420 3287 495 3346; x_wconf 91' lang='lat' dir='ltr'><strong>Doc.</strong></span> <span class='ocrx_word' id='word_1_189' title='bbox 524 3303 592 3362; x_wconf 90' lang='lat'><em>114.</em></span> <span class='ocrx_word' id='word_1_190' title='bbox 616 3303 696 3348; x_wconf 92' lang='lat' dir='ltr'><strong>anno</strong></span> <span class='ocrx_word' id='word_1_191' title='bbox 723 3291 815 3367; x_wconf 84' lang='lat'>1438.</span> <span class='ocrx_word' id='word_1_192' title='bbox 840 3291 890 3350; x_wconf 94' lang='lat' dir='ltr'><strong>die</strong></span> <span class='ocrx_word' id='word_1_193' title='bbox 915 3305 963 3361; x_wconf 78' lang='lat'><strong>25.</strong></span> <span class='ocrx_word' id='word_1_194' title='bbox 987 3284 1159 3370; x_wconf 85' lang='lat' dir='ltr'><strong>februarii).</strong></span> <span class='ocrx_word' id='word_1_195' title='bbox 1196 3292 1333 3350; x_wconf 81' lang='lat' dir='ltr'><strong>Alterius</strong></span> <span class='ocrx_word' id='word_1_196' title='bbox 1367 3305 1442 3348; x_wconf 91' lang='lat' dir='ltr'><strong>vero</strong></span> <span class='ocrx_word' id='word_1_197' title='bbox 1479 3287 1576 3346; x_wconf 90' lang='lat' dir='ltr'><strong>couti·</strong></span> 
     </span>
     <span class='ocr_line' id='line_1_26' title="bbox 311 3386 1572 3478; baseline 0.002 -27"><span class='ocrx_word' id='word_1_198' title='bbox 311 3394 418 3452; x_wconf 90' lang='lat' dir='ltr'><strong>nencia</strong></span> <span class='ocrx_word' id='word_1_199' title='bbox 441 3395 579 3454; x_wconf 88' lang='lat' dir='ltr'><strong>verbalis</strong></span> <span class='ocrx_word' id='word_1_200' title='bbox 601 3396 659 3454; x_wconf 92' lang='lat' dir='ltr'><strong>hec</strong></span> <span class='ocrx_word' id='word_1_201' title='bbox 681 3401 743 3456; x_wconf 88' lang='lat' dir='ltr'><strong>est:</strong></span> <span class='ocrx_word' id='word_1_202' title='bbox 766 3391 850 3478; x_wconf 87' lang='lat' dir='ltr'><strong>(vide</strong></span> <span class='ocrx_word' id='word_1_203' title='bbox 873 3398 948 3457; x_wconf 93' lang='lat' dir='ltr'><strong>Doc.</strong></span> <span class='ocrx_word' id='word_1_204' title='bbox 976 3397 1044 3458; x_wconf 84' lang='lat'>116.</span> <span class='ocrx_word' id='word_1_205' title='bbox 1079 3414 1159 3458; x_wconf 91' lang='lat' dir='ltr'><strong>anno</strong></span> <span class='ocrx_word' id='word_1_206' title='bbox 1186 3398 1278 3474; x_wconf 83' lang='lat'>1348.</span> <span class='ocrx_word' id='word_1_207' title='bbox 1311 3397 1361 3456; x_wconf 88' lang='lat' dir='ltr'><strong>die</strong></span> <span class='ocrx_word' id='word_1_208' title='bbox 1385 3414 1413 3472; x_wconf 87' lang='lat'><strong>4.</strong></span> <span class='ocrx_word' id='word_1_209' title='bbox 1445 3386 1572 3470; x_wconf 86' lang='lat' dir='ltr'><strong>martii).</strong></span> 
     </span>
     <span class='ocr_line' id='line_1_27' title="bbox 311 3500 1575 3576; baseline 0.001 -17"><span class='ocrx_word' id='word_1_210' title='bbox 311 3500 375 3559; x_wconf 90' lang='lat' dir='ltr'><strong>Nos</strong></span> <span class='ocrx_word' id='word_1_211' title='bbox 398 3501 503 3576; x_wconf 90' lang='lat' dir='ltr'><strong>itaque</strong></span> <span class='ocrx_word' id='word_1_212' title='bbox 525 3502 679 3561; x_wconf 91' lang='lat' dir='ltr'><strong>mandatis</strong></span> <span class='ocrx_word' id='word_1_213' title='bbox 702 3503 842 3562; x_wconf 88' lang='lat' dir='ltr'><strong>eiusdem</strong></span> <span class='ocrx_word' id='word_1_214' title='bbox 865 3511 967 3564; x_wconf 85' lang='lat' dir='ltr'><strong>vestre</strong></span> <span class='ocrx_word' id='word_1_215' title='bbox 999 3507 1171 3565; x_wconf 89' lang='lat' dir='ltr'><strong>serenitatis</strong></span> <span class='ocrx_word' id='word_1_216' title='bbox 1202 3507 1233 3564; x_wconf 93' lang='lat' dir='ltr'><strong>in</strong></span> <span class='ocrx_word' id='word_1_217' title='bbox 1268 3505 1413 3563; x_wconf 91' lang='lat' dir='ltr'><strong>omnibus</strong></span> <span class='ocrx_word' id='word_1_218' title='bbox 1447 3501 1575 3560; x_wconf 91' lang='lat' dir='ltr'><strong>obedire</strong></span> 
     </span>
     <span class='ocr_line' id='line_1_28' title="bbox 311 3607 1575 3682; baseline 0.001 -17"><span class='ocrx_word' id='word_1_219' title='bbox 311 3607 478 3681; x_wconf 87' lang='lat' dir='ltr'><strong>cupientes,</strong></span> <span class='ocrx_word' id='word_1_220' title='bbox 509 3615 544 3668; x_wconf 95' lang='lat' dir='ltr'><strong>ut</strong></span> <span class='ocrx_word' id='word_1_221' title='bbox 577 3615 727 3682; x_wconf 86' lang='lat' dir='ltr'><strong>tenemur,</strong></span> <span class='ocrx_word' id='word_1_222' title='bbox 757 3613 843 3670; x_wconf 81' lang='lat' dir='ltr'><strong>iuxta</strong></span> <span class='ocrx_word' id='word_1_223' title='bbox 878 3613 1060 3672; x_wconf 90' lang='lat' dir='ltr'><strong>mandatum</strong></span> <span class='ocrx_word' id='word_1_224' title='bbox 1095 3613 1233 3672; x_wconf 91' lang='lat' dir='ltr'><strong>eiusdem</strong></span> <span class='ocrx_word' id='word_1_225' title='bbox 1267 3617 1369 3670; x_wconf 80' lang='lat' dir='ltr'><strong>vestre</strong></span> <span class='ocrx_word' id='word_1_226' title='bbox 1403 3609 1575 3668; x_wconf 89' lang='lat' dir='ltr'><strong>serenitatis</strong></span> 
     </span>
     <span class='ocr_line' id='line_1_29' title="bbox 309 3714 1574 3791; baseline 0 -20"><span class='ocrx_word' id='word_1_227' title='bbox 309 3718 450 3772; x_wconf 87' lang='lat' dir='ltr'><strong>nostrum</strong></span> <span class='ocrx_word' id='word_1_228' title='bbox 474 3715 633 3774; x_wconf 88' lang='lat' dir='ltr'><strong>hominem</strong></span> <span class='ocrx_word' id='word_1_229' title='bbox 656 3715 718 3776; x_wconf 89' lang='lat' dir='ltr'><strong>fide</strong></span> <span class='ocrx_word' id='word_1_230' title='bbox 742 3717 880 3791; x_wconf 86' lang='lat' dir='ltr'><strong>dignum,</strong></span> <span class='ocrx_word' id='word_1_231' title='bbox 902 3735 998 3776; x_wconf 92' lang='lat' dir='ltr'><strong>unum</strong></span> <span class='ocrx_word' id='word_1_232' title='bbox 1022 3735 1060 3776; x_wconf 86' lang='lat' dir='ltr'><strong>ex</strong></span> <span class='ocrx_word' id='word_1_233' title='bbox 1075 3719 1175 3790; x_wconf 90' lang='lat' dir='ltr'><strong>nobis,</strong></span> <span class='ocrx_word' id='word_1_234' title='bbox 1196 3718 1342 3777; x_wconf 87' lang='lat' dir='ltr'><strong>videlicet</strong></span> <span class='ocrx_word' id='word_1_235' title='bbox 1356 3714 1574 3775; x_wconf 89' lang='lat' dir='ltr'><strong>honorabilem</strong></span> 
     </span>
     <span class='ocr_line' id='line_1_30' title="bbox 311 3819 1573 3894; baseline 0.004 -17"><span class='ocrx_word' id='word_1_236' title='bbox 311 3819 416 3878; x_wconf 91' lang='lat' dir='ltr'><strong>virum</strong></span> <span class='ocrx_word' id='word_1_237' title='bbox 439 3822 625 3894; x_wconf 80' lang='lat' dir='ltr'><strong>magistrum</strong></span> <span class='ocrx_word' id='word_1_238' title='bbox 648 3822 786 3882; x_wconf 87' lang='lat' dir='ltr'><strong>Blasium</strong></span> <span class='ocrx_word' id='word_1_239' title='bbox 810 3825 930 3882; x_wconf 90' lang='lat' dir='ltr'><strong>socium</strong></span> <span class='ocrx_word' id='word_1_240' title='bbox 952 3831 982 3883; x_wconf 92' lang='lat' dir='ltr'><strong>et</strong></span> <span class='ocrx_word' id='word_1_241' title='bbox 1006 3827 1246 3884; x_wconf 90' lang='lat' dir='ltr'><strong>concanonicum</strong></span> <span class='ocrx_word' id='word_1_242' title='bbox 1269 3831 1409 3882; x_wconf 87' lang='lat' dir='ltr'><strong>nostrum</strong></span> <span class='ocrx_word' id='word_1_243' title='bbox 1441 3821 1481 3879; x_wconf 91' lang='lat' dir='ltr'><strong>ad</strong></span> <span class='ocrx_word' id='word_1_244' title='bbox 1505 3837 1573 3894; x_wconf 82' lang='lat' dir='ltr'><strong>pre·</strong></span> 
     </span>
     <span class='ocr_line' id='line_1_31' title="bbox 313 3925 1574 4005; baseline 0.002 -22"><span class='ocrx_word' id='word_1_245' title='bbox 313 3926 409 3984; x_wconf 86' lang='lat' dir='ltr'><strong>missa</strong></span> <span class='ocrx_word' id='word_1_246' title='bbox 432 3925 568 3986; x_wconf 90' lang='lat' dir='ltr'><strong>fideliter</strong></span> <span class='ocrx_word' id='word_1_247' title='bbox 601 3929 776 4003; x_wconf 87' lang='lat' dir='ltr'><strong>peragenda</strong></span> <span class='ocrx_word' id='word_1_248' title='bbox 811 3937 840 3988; x_wconf 89' lang='lat' dir='ltr'><strong>et</strong></span> <span class='ocrx_word' id='word_1_249' title='bbox 874 3932 1062 4005; x_wconf 86' lang='lat' dir='ltr'><strong>exequenda,</strong></span> <span class='ocrx_word' id='word_1_250' title='bbox 1096 3937 1202 3990; x_wconf 86' lang='lat' dir='ltr'><strong>nostro</strong></span> <span class='ocrx_word' id='word_1_251' title='bbox 1226 3946 1283 4004; x_wconf 92' lang='lat' dir='ltr'><strong>pro</strong></span> <span class='ocrx_word' id='word_1_252' title='bbox 1308 3928 1484 3988; x_wconf 91' lang='lat' dir='ltr'><strong>testimonio</strong></span> <span class='ocrx_word' id='word_1_253' title='bbox 1518 3927 1574 3986; x_wconf 93' lang='lat' dir='ltr'><strong>du·</strong></span> 
     </span>
     <span class='ocr_line' id='line_1_32' title="bbox 310 4031 1574 4108; baseline 0.002 -18"><span class='ocrx_word' id='word_1_254' title='bbox 310 4031 415 4090; x_wconf 88' lang='lat' dir='ltr'><strong>ximus</strong></span> <span class='ocrx_word' id='word_1_255' title='bbox 437 4031 663 4093; x_wconf 89' lang='lat' dir='ltr'><strong>destinandum.</strong></span> <span class='ocrx_word' id='word_1_256' title='bbox 687 4035 748 4108; x_wconf 84' lang='lat' dir='ltr'><strong>Qui</strong></span> <span class='ocrx_word' id='word_1_257' title='bbox 772 4035 898 4094; x_wconf 86' lang='lat' dir='ltr'><strong>tandem</strong></span> <span class='ocrx_word' id='word_1_258' title='bbox 921 4036 1031 4095; x_wconf 86' lang='lat' dir='ltr'><strong>exinde</strong></span> <span class='ocrx_word' id='word_1_259' title='bbox 1055 4036 1094 4094; x_wconf 90' lang='lat' dir='ltr'><strong>ad</strong></span> <span class='ocrx_word' id='word_1_260' title='bbox 1110 4051 1166 4094; x_wconf 91' lang='lat' dir='ltr'><strong>nos</strong></span> <span class='ocrx_word' id='word_1_261' title='bbox 1189 4051 1339 4104; x_wconf 89' lang='lat' dir='ltr'><strong>reversus,</strong></span> <span class='ocrx_word' id='word_1_262' title='bbox 1355 4036 1445 4094; x_wconf 87' lang='lat' dir='ltr'><strong>nobis</strong></span> <span class='ocrx_word' id='word_1_263' title='bbox 1468 4035 1574 4093; x_wconf 89' lang='lat' dir='ltr'><strong>retulit</strong></span> 
     </span>
     <span class='ocr_line' id='line_1_33' title="bbox 310 4137 1573 4216; baseline 0.005 -22"><span class='ocrx_word' id='word_1_264' title='bbox 310 4137 368 4195; x_wconf 90' lang='lat' dir='ltr'><strong>isto</strong></span> <span class='ocrx_word' id='word_1_265' title='bbox 392 4138 503 4200; x_wconf 91' lang='lat' dir='ltr'><strong>modo:</strong></span> <span class='ocrx_word' id='word_1_266' title='bbox 528 4140 611 4214; x_wconf 92' lang='lat' dir='ltr'><strong>quod</strong></span> <span class='ocrx_word' id='word_1_267' title='bbox 635 4141 756 4215; x_wconf 87' lang='lat' dir='ltr'><strong>ipsein</strong></span> <span class='ocrx_word' id='word_1_268' title='bbox 779 4142 919 4216; x_wconf 90' lang='lat' dir='ltr'><strong>predicto</strong></span> <span class='ocrx_word' id='word_1_269' title='bbox 942 4148 1053 4202; x_wconf 90' lang='lat' dir='ltr'><strong>octavo</strong></span> <span class='ocrx_word' id='word_1_270' title='bbox 1076 4143 1126 4201; x_wconf 88' lang='lat' dir='ltr'><strong>die</strong></span> <span class='ocrx_word' id='word_1_271' title='bbox 1149 4143 1218 4201; x_wconf 86' lang='lat' dir='ltr'><strong>festi</strong></span> <span class='ocrx_word' id='word_1_272' title='bbox 1242 4143 1334 4200; x_wconf 89' lang='lat' dir='ltr'><strong>Pasce</strong></span> <span class='ocrx_word' id='word_1_273' title='bbox 1350 4142 1478 4214; x_wconf 89' lang='lat' dir='ltr'><strong>domini,</strong></span> <span class='ocrx_word' id='word_1_274' title='bbox 1501 4157 1573 4215; x_wconf 91' lang='lat' dir='ltr'><strong>pro·</strong></span> 
     </span>
     <span class='ocr_line' id='line_1_34' title="bbox 310 4244 1574 4324; baseline 0.003 -23"><span class='ocrx_word' id='word_1_275' title='bbox 310 4244 394 4302; x_wconf 87' lang='lat' dir='ltr'><strong>xime</strong></span> <span class='ocrx_word' id='word_1_276' title='bbox 424 4247 572 4320; x_wconf 89' lang='lat' dir='ltr'><strong>preteriti,</strong></span> <span class='ocrx_word' id='word_1_277' title='bbox 595 4246 635 4305; x_wconf 91' lang='lat' dir='ltr'><strong>ad</strong></span> <span class='ocrx_word' id='word_1_278' title='bbox 666 4247 780 4306; x_wconf 90' lang='lat' dir='ltr'><strong>dictam</strong></span> <span class='ocrx_word' id='word_1_279' title='bbox 812 4249 997 4322; x_wconf 82' lang='lat' dir='ltr'><strong>Zagrabiam</strong></span> <span class='ocrx_word' id='word_1_280' title='bbox 1028 4250 1232 4324; x_wconf 89' lang='lat' dir='ltr'><strong>personaliter</strong></span> <span class='ocrx_word' id='word_1_281' title='bbox 1254 4249 1437 4320; x_wconf 89' lang='lat' dir='ltr'><strong>accessisset,</strong></span> <span class='ocrx_word' id='word_1_282' title='bbox 1466 4247 1574 4321; x_wconf 90' lang='lat' dir='ltr'><strong>ibique</strong></span> 
     </span>
     <span class='ocr_line' id='line_1_35' title="bbox 309 4350 1573 4430; baseline 0.003 -22"><span class='ocrx_word' id='word_1_283' title='bbox 309 4351 422 4424; x_wconf 83' lang='lat' dir='ltr'><strong>prefati</strong></span> <span class='ocrx_word' id='word_1_284' title='bbox 445 4350 619 4426; x_wconf 87' lang='lat' dir='ltr'><strong>Stephanus</strong></span> <span class='ocrx_word' id='word_1_285' title='bbox 642 4353 681 4412; x_wconf 90' lang='lat' dir='ltr'><strong>de</strong></span> <span class='ocrx_word' id='word_1_286' title='bbox 697 4354 819 4414; x_wconf 89' lang='lat' dir='ltr'><strong>Bochka</strong></span> <span class='ocrx_word' id='word_1_287' title='bbox 842 4357 941 4430; x_wconf 91' lang='lat' dir='ltr'><strong>ipsius</strong></span> <span class='ocrx_word' id='word_1_288' title='bbox 959 4356 1096 4415; x_wconf 88' lang='lat' dir='ltr'><strong>Ladislai</strong></span> <span class='ocrx_word' id='word_1_289' title='bbox 1119 4357 1192 4415; x_wconf 89' lang='lat' dir='ltr'><strong>bani</strong></span> <span class='ocrx_word' id='word_1_290' title='bbox 1208 4362 1238 4415; x_wconf 90' lang='lat' dir='ltr'><strong>et</strong></span> <span class='ocrx_word' id='word_1_291' title='bbox 1261 4356 1407 4414; x_wconf 85' lang='lat' dir='ltr'><strong>Nicotaus</strong></span> <span class='ocrx_word' id='word_1_292' title='bbox 1431 4353 1469 4412; x_wconf 89' lang='lat' dir='ltr'><strong>de</strong></span> <span class='ocrx_word' id='word_1_293' title='bbox 1492 4353 1573 4427; x_wconf 88' lang='lat' dir='ltr'><strong>Gye-</strong></span> 
     </span>
     <span class='ocr_line' id='line_1_36' title="bbox 309 4458 1570 4540; baseline 0.002 -24"><span class='ocrx_word' id='word_1_294' title='bbox 309 4472 389 4531; x_wconf 87' lang='lat' dir='ltr'><strong>pew,</strong></span> <span class='ocrx_word' id='word_1_295' title='bbox 412 4458 584 4518; x_wconf 88' lang='lat' dir='ltr'><strong>vicecomes</strong></span> <span class='ocrx_word' id='word_1_296' title='bbox 608 4459 682 4519; x_wconf 90' lang='lat' dir='ltr'><strong>dicti</strong></span> <span class='ocrx_word' id='word_1_297' title='bbox 706 4463 870 4520; x_wconf 89' lang='lat' dir='ltr'><strong>comitatus</strong></span> <span class='ocrx_word' id='word_1_298' title='bbox 900 4465 1117 4536; x_wconf 80' lang='lat' dir='ltr'><strong>zagrabiensis‚</strong></span> <span class='ocrx_word' id='word_1_299' title='bbox 1148 4461 1269 4540; x_wconf 88' lang='lat' dir='ltr'><strong>jamfati</strong></span> <span class='ocrx_word' id='word_1_300' title='bbox 1303 4461 1456 4520; x_wconf 81' lang='lat' dir='ltr'><strong>Mathonis</strong></span> <span class='ocrx_word' id='word_1_301' title='bbox 1489 4461 1570 4532; x_wconf 86' lang='lat' dir='ltr'><strong>bani,</strong></span> 
     </span>
     <span class='ocr_line' id='line_1_37' title="bbox 309 4565 1572 4648; baseline 0.002 -27"><span class='ocrx_word' id='word_1_302' title='bbox 309 4579 428 4622; x_wconf 91' lang='lat' dir='ltr'><strong>necnon</strong></span> <span class='ocrx_word' id='word_1_303' title='bbox 450 4565 605 4648; x_wconf 89' lang='lat' dir='ltr'><strong>Johannes</strong></span> <span class='ocrx_word' id='word_1_304' title='bbox 628 4567 732 4627; x_wconf 92' lang='lat' dir='ltr'><strong>Thoth</strong></span> <span class='ocrx_word' id='word_1_305' title='bbox 768 4573 798 4627; x_wconf 95' lang='lat' dir='ltr'><strong>et</strong></span> <span class='ocrx_word' id='word_1_306' title='bbox 824 4568 999 4643; x_wconf 91' lang='lat' dir='ltr'><strong>Stephanus</strong></span> <span class='ocrx_word' id='word_1_307' title='bbox 1030 4569 1193 4643; x_wconf 86' lang='lat' dir='ltr'><strong>Bychkele,</strong></span> <span class='ocrx_word' id='word_1_308' title='bbox 1224 4570 1300 4628; x_wconf 90' lang='lat' dir='ltr'><strong>item</strong></span> <span class='ocrx_word' id='word_1_309' title='bbox 1332 4567 1502 4640; x_wconf 84' lang='lat' dir='ltr'><strong>Gregorius</strong></span> <span class='ocrx_word' id='word_1_310' title='bbox 1533 4567 1572 4624; x_wconf 91' lang='lat' dir='ltr'><strong>de</strong></span> 
     </span>
     <span class='ocr_line' id='line_1_38' title="bbox 307 4671 1568 4749; baseline 0.001 -19"><span class='ocrx_word' id='word_1_311' title='bbox 307 4671 468 4730; x_wconf 89' lang='lat' dir='ltr'><strong>Wmouch</strong></span> <span class='ocrx_word' id='word_1_312' title='bbox 491 4677 521 4728; x_wconf 90' lang='lat' dir='ltr'><strong>et</strong></span> <span class='ocrx_word' id='word_1_313' title='bbox 537 4672 645 4732; x_wconf 88' lang='lat' dir='ltr'><strong>Petrus</strong></span> <span class='ocrx_word' id='word_1_314' title='bbox 667 4673 706 4732; x_wconf 92' lang='lat' dir='ltr'><strong>de</strong></span> <span class='ocrx_word' id='word_1_315' title='bbox 718 4674 929 4749; x_wconf 89' lang='lat' dir='ltr'><strong>Schytaryeuo</strong></span> <span class='ocrx_word' id='word_1_316' title='bbox 944 4675 1083 4734; x_wconf 90' lang='lat' dir='ltr'><strong>eiusdem</strong></span> <span class='ocrx_word' id='word_1_317' title='bbox 1106 4681 1208 4735; x_wconf 86' lang='lat' dir='ltr'><strong>vestre</strong></span> <span class='ocrx_word' id='word_1_318' title='bbox 1223 4675 1394 4734; x_wconf 85' lang='lat' dir='ltr'><strong>serenitatis</strong></span> <span class='ocrx_word' id='word_1_319' title='bbox 1416 4673 1568 4744; x_wconf 89' lang='lat' dir='ltr'><strong>homines,</strong></span> 
     </span>
     <span class='ocr_line' id='line_1_39' title="bbox 308 4777 1572 4855; baseline 0.002 -20"><span class='ocrx_word' id='word_1_320' title='bbox 308 4777 347 4836; x_wconf 89' lang='lat' dir='ltr'><strong>ad</strong></span> <span class='ocrx_word' id='word_1_321' title='bbox 372 4777 524 4851; x_wconf 89' lang='lat' dir='ltr'><strong>premissa</strong></span> <span class='ocrx_word' id='word_1_322' title='bbox 546 4779 725 4852; x_wconf 87' lang='lat' dir='ltr'><strong>exequenda</strong></span> <span class='ocrx_word' id='word_1_323' title='bbox 749 4780 898 4855; x_wconf 88' lang='lat' dir='ltr'><strong>deputati,</strong></span> <span class='ocrx_word' id='word_1_324' title='bbox 921 4797 1039 4840; x_wconf 90' lang='lat' dir='ltr'><strong>necnon</strong></span> <span class='ocrx_word' id='word_1_325' title='bbox 1062 4782 1199 4841; x_wconf 87' lang='lat' dir='ltr'><strong>Thomas</strong></span> <span class='ocrx_word' id='word_1_326' title='bbox 1221 4782 1259 4840; x_wconf 89' lang='lat' dir='ltr'><strong>de</strong></span> <span class='ocrx_word' id='word_1_327' title='bbox 1286 4779 1514 4854; x_wconf 86' lang='lat' dir='ltr'><strong>Domagouych</strong></span> <span class='ocrx_word' id='word_1_328' title='bbox 1541 4783 1572 4838; x_wconf 92' lang='lat' dir='ltr'><strong>et</strong></span> 
     </span>
     <span class='ocr_line' id='line_1_40' title="bbox 308 4883 1571 4959; baseline 0.002 -15"><span class='ocrx_word' id='word_1_329' title='bbox 308 4883 461 4958; x_wconf 86' lang='lat' dir='ltr'><strong>Georgius</strong></span> <span class='ocrx_word' id='word_1_330' title='bbox 485 4884 523 4942; x_wconf 92' lang='lat' dir='ltr'><strong>de</strong></span> <span class='ocrx_word' id='word_1_331' title='bbox 545 4883 761 4959; x_wconf 83' lang='lat' dir='ltr'><strong>Sythomerya‚</strong></span> <span class='ocrx_word' id='word_1_332' title='bbox 776 4887 893 4946; x_wconf 90' lang='lat' dir='ltr'><strong>iudices</strong></span> <span class='ocrx_word' id='word_1_333' title='bbox 913 4889 1070 4948; x_wconf 89' lang='lat' dir='ltr'><strong>nobilium</strong></span> <span class='ocrx_word' id='word_1_334' title='bbox 1094 4888 1168 4948; x_wconf 89' lang='lat' dir='ltr'><strong>dicti</strong></span> <span class='ocrx_word' id='word_1_335' title='bbox 1190 4890 1362 4959; x_wconf 89' lang='lat' dir='ltr'><strong>comitatus,</strong></span> <span class='ocrx_word' id='word_1_336' title='bbox 1378 4889 1465 4946; x_wconf 86' lang='lat' dir='ltr'><strong>iuxta</strong></span> <span class='ocrx_word' id='word_1_337' title='bbox 1488 4901 1571 4946; x_wconf 88' lang='lat' dir='ltr'><strong>com·</strong></span> 
     </span>
     <span class='ocr_line' id='line_1_41' title="bbox 309 4991 1571 5069; baseline 0.002 -19"><span class='ocrx_word' id='word_1_338' title='bbox 309 4991 488 5050; x_wconf 88' lang='lat' dir='ltr'><strong>missionem</strong></span> <span class='ocrx_word' id='word_1_339' title='bbox 512 4991 651 5050; x_wconf 90' lang='lat' dir='ltr'><strong>eiusdem</strong></span> <span class='ocrx_word' id='word_1_340' title='bbox 674 4998 776 5052; x_wconf 91' lang='lat' dir='ltr'><strong>vestre</strong></span> <span class='ocrx_word' id='word_1_341' title='bbox 798 4995 969 5053; x_wconf 88' lang='lat' dir='ltr'><strong>serenitatis</strong></span> <span class='ocrx_word' id='word_1_342' title='bbox 991 4996 1214 5069; x_wconf 88' lang='lat' dir='ltr'><strong>couvenientes,</strong></span> <span class='ocrx_word' id='word_1_343' title='bbox 1238 4995 1333 5054; x_wconf 91' lang='lat' dir='ltr'><strong>modo</strong></span> <span class='ocrx_word' id='word_1_344' title='bbox 1364 4993 1445 5055; x_wconf 82' lang='lat' dir='ltr'><strong>intra</strong></span> <span class='ocrx_word' id='word_1_345' title='bbox 1478 4993 1571 5056; x_wconf 85' lang='lat' dir='ltr'><strong>deno-</strong></span> 
     </span>
    </p>
   </div>
   <div class='ocr_carea' id='block_1_9' title="bbox 0 0 1970 5802">
    <p class='ocr_par' dir='ltr' id='par_1_9' title="bbox 0 0 1970 5802">
     <span class='ocr_line' id='line_1_42' title="bbox 0 0 1970 5802; baseline 0 2"><span class='ocrx_word' id='word_1_346' title='bbox 0 0 1970 5802; x_wconf 95' lang='lat' dir='ltr'><strong> </strong></span> 
     </span>
    </p>
   </div>
  </div>
 </body>
</html>
