3804 5858
672 607 745 666 Doc.
761 619 833 684 351.
863 639 900 651 —
925 607 981 664 An.
1005 603 1097 683 1489.
1443 610 1505 684 469

242 823 419 881 litterarum
442 823 540 896 ipsius
564 829 665 880 vestre
689 821 913 881 dominacionis
944 821 1237 880 adiudicatoriarum
1270 821 1406 879 fideliter
1439 836 1507 878 exe-

242 934 377 1002 quentes,
401 934 507 986 nostro
531 943 589 1003 pro
613 929 789 987 testimonio
821 929 1048 987 transmisimus
1070 927 1279 1001 fidedignum;
1305 928 1357 1000 qui
1384 927 1507 984 tandem

241 1034 351 1092 exinde
374 1035 414 1092 ad
437 1050 493 1093 nos
516 1037 633 1094 reversi
656 1041 685 1094 et
708 1033 796 1111 juxta
819 1037 884 1094 vim
909 1041 938 1094 et
961 1035 1096 1094 formam
1119 1035 1271 1108 generalis
1295 1035 1369 1093 novi
1392 1033 1508 1092 decreti

240 1142 324 1214 regie
348 1142 519 1201 maiestatis
542 1143 711 1201 novissime
734 1143 809 1202 editi
832 1149 862 1200 et
885 1143 1024 1214 stabiliti,
1048 1159 1104 1217 per
1126 1156 1182 1201 nos
1205 1141 1347 1215 requisiti
1379 1141 1439 1198 sub
1461 1137 1507 1214 ju·

239 1252 379 1306 ramento
400 1265 457 1322 per
480 1264 532 1307 eos
555 1263 661 1307 coram
683 1249 773 1307 nobis
796 1251 925 1323 prestito
948 1249 1145 1308 uniformiter
1168 1248 1341 1306 retulerunt
1359 1247 1450 1304 nobis
1467 1262 1503 1304 eo

240 1353 348 1412 modo:
384 1353 542 1427 quomodo
577 1353 654 1412 feria
688 1353 784 1413 tercia
820 1356 963 1430 proxima
998 1359 1070 1428 post
1104 1353 1218 1412 festum
1241 1353 1325 1411 beati
1349 1353 1506 1411 Valentini

241 1460 387 1532 martiris,
421 1461 566 1534 proxime
599 1460 790 1534 preteritum,
825 1459 964 1535 prefatus
998 1461 1146 1532 magister
1181 1458 1388 1528 Sebastianus,
1412 1459 1506 1516 homo

240 1575 343 1624 vestre
367 1564 598 1638 dominacionis,
622 1566 757 1625 antefato
791 1573 897 1625 nostro
928 1565 1105 1625 testimonio
1137 1571 1287 1638 presente,
1318 1564 1358 1622 ad
1394 1563 1506 1623 faciem

243 1673 444 1745 possessionis
478 1673 636 1744 Hrazthya
669 1679 787 1746 vocate,
822 1673 853 1730 in
888 1672 1035 1730 comitatu
1058 1671 1249 1744 zagrabiensi
1285 1670 1452 1729 adiacentis
1477 1676 1507 1728 et

241 1777 355 1850 habite,
380 1778 490 1836 vicinis
510 1784 540 1836 et
563 1779 783 1836 commetaneis
807 1779 870 1836 suis
894 1778 971 1836 inibi
995 1777 1147 1851 legittime
1178 1777 1354 1835 convocatis
1386 1782 1416 1834 et
1446 1777 1506 1848 sig-

240 1890 349 1942 nanter
371 1884 530 1942 nobilibus
554 1883 679 1942 Simone
695 1884 832 1942 litterato
849 1884 887 1941 de
903 1883 1215 1957 Odrazenthgewrgh,
1233 1882 1326 1942 Gallo
1343 1882 1381 1940 de
1397 1883 1506 1954 bosan,

241 1990 331 2048 Petro
362 1989 557 2062 Raskowych
589 1991 626 2047 de
657 1990 822 2063 Hrasthya,
853 1988 975 2062 Gaspar
1007 1989 1143 2048 litterato
1176 1988 1214 2046 de
1237 1989 1390 2062 superiori
1413 1989 1506 2046 Lom-

217 2097 324 2154 nicza
347 2106 378 2154 et
399 2096 569 2155 laurencio
594 2097 633 2154 de
656 2095 737 2154 dicta
761 2095 917 2169 Hrasthya
940 2096 1147 2171 presentibus,
1172 2095 1357 2166 accedentes,
1375 2094 1505 2154 eandem

240 2219 311 2260 curn
346 2203 463 2262 cunctis
499 2203 564 2260 suis
594 2202 781 2261 utilitatibus
812 2209 841 2260 et
875 2202 1072 2276 pertinenciis
1103 2201 1295 2276 quibuslibet
1326 2203 1505 2259 memoratis

239 2307 335 2383 judici
356 2314 386 2366 et
408 2307 526 2384 juratis,
551 2309 721 2382 ceterisque
744 2309 865 2366 civibus
889 2313 919 2366 et
942 2309 1050 2366 incolis
1074 2313 1212 2382 pretacte
1236 2307 1368 2365 civitatis
1392 2309 1505 2364 montis

241 2414 410 2486 GrecensiS,
435 2431 606 2488 eorumque
628 2415 796 2473 heredibus
819 2421 848 2473 et
872 2415 1107 2489 posteritatibus
1130 2415 1291 2486 universis,
1322 2411 1390 2489 jure
1428 2414 1504 2487 ipsis

240 2521 271 2579 in
294 2520 393 2602 dietis·
413 2521 524 2579 litteris
554 2525 656 2578 vestre
686 2519 908 2579 dominacionis
938 2520 1178 2589 adiudicatoriis‚
1211 2519 1365 2590 denotato,
1396 2534 1503 2577 manu·

240 2631 329 2684 tenus
353 2628 509 2684 statuisset
532 2631 562 2684 et
586 2627 789 2684 commisisset
805 2627 835 2684 in
853 2626 1076 2700 sempiternum
1094 2625 1322 2700 possidendam,
1339 2625 1503 2684 tenendam

240 2734 356 2806 pariter
380 2737 409 2790 et
440 2731 625 2804 habendam,
657 2731 901 2790 contradiccione
935 2733 1051 2806 egregii
1074 2733 1223 2816 Johannis
1255 2733 1431 2806 Hennyngh
1466 2733 1505 2790 de

240 2837 438 2896 Zomzedwar
461 2843 491 2896 et
513 2839 648 2896 aliorum
673 2839 885 2911 quorumlibet
916 2855 977 2896 non
1009 2840 1157 2897 obstante.
1188 2838 1412 2912 Cuiusquidem
1443 2835 1504 2898 sta-

239 2945 370 3002 tucionis
394 2945 505 3002 seriem
529 2943 676 3018 predictis
700 2945 812 3003 litteris
835 2944 1066 3003 adiudicatoriis
1090 2947 1191 3018 capite
1206 2945 1302 3004 nostri
1319 2945 1417 3018 sigilli
1433 2961 1504 3004 con·

239 3050 366 3122 signatis
390 3056 420 3108 et
442 3051 474 3108 in
497 3051 600 3125 specie
623 3051 760 3108 remissis
783 3050 821 3108 ad
846 3051 1064 3110 octavasfesti
1094 3051 1178 3110 beati
1209 3049 1336 3124 Georgii
1366 3052 1503 3109 martiris

238 3172 318 3214 nunc
349 3161 503 3227 venturas
533 3171 589 3214 suo
609 3156 703 3214 modo
730 3163 832 3215 vestre
857 3157 1064 3216 dominacioni
1088 3157 1234 3215 duximus
1257 3156 1501 3216 rescribendarn.

238 3263 353 3320 Datum
376 3261 511 3320 secundo
535 3261 584 3321 die
607 3262 668 3320 diei
680 3243 873 3322 execucionis
897 3267 1065 3338 prenotate.
1089 3264 1180 3320 Anno
1203 3262 1321 3321 domini
1333 3262 1502 3321 millesimo

239 3368 543 3441 quadringentesimo
567 3369 777 3442 octuagesimo
801 3375 921 3428 octavo.

344 3502 478 3567 Originale
497 3504 524 3552 in
544 3503 639 3554 charta.
660 3504 687 3552 A
708 3510 780 3568 tergo
800 3506 939 3580 vestigium
957 3506 1077 3570 impressi
1096 3505 1186 3569 sigilli.
1206 3507 1239 3554 In
1257 3504 1373 3554 archivio
1391 3503 1437 3558 lib.
1451 3522 1503 3569 reg.

237 3593 305 3642 civit.
325 3593 425 3657 zagrab.
827 3601 829 3609 ’

829 3803 910 3870 351.

342 3947 423 3995 Anno
446 3949 520 4009 1489,
541 3959 563 4010 3.
581 3947 700 4012 januarii.
720 3945 868 4010 Zagrabiae.

243 4074 372 4147 Capituli
404 4081 542 4132 slatutum
575 4073 610 4130 de
635 4071 725 4148 sestis
759 4074 789 4130 in
823 4075 937 4131 ecclesaie
971 4074 1135 4131 cathedrali
1162 4074 1280 4146 sagrab.
1304 4074 1454 4132 servandis
1477 4081 1506 4134 ec

776 4180 956 4238 celebrandis.

343 4326 535 4384 Constitucio
569 4326 766 4400 infrascripta
800 4326 880 4383 saeta
911 4333 956 4384 est
991 4332 1020 4384 et
1055 4326 1200 4384 conclusa
1231 4326 1261 4383 in
1286 4331 1396 4383 octava
1420 4327 1504 4386 beati

236 4433 386 4515 Johannis
410 4434 608 4505 ewangeliste
636 4433 734 4508 1489:

354 4539 479 4595 Festum
514 4539 684 4599 nativitatis
719 4539 843 4610 Christi,
879 4539 1027 4613 Stephani
1061 4539 1322 4611 prothomartiris,
1356 4539 1505 4622 Johannis

238 4644 444 4717 ewangeliste,
476 4645 639 4703 beatorum
662 4646 879 4716 innocentium,
911 4645 1169 4716 Circumcisionis,
1200 4645 1312 4703 festum
1336 4643 1504 4719 Epiphani-

236 4763 335 4822 arum,
365 4749 592 4823 purificacionis
629 4752 734 4824 Mane,
763 4751 1010 4810 annunciacionis
1040 4751 1145 4822 Mane,
1176 4751 1282 4808 Ramis
1313 4750 1503 4824 palmarum,

238 4855 303 4914 dies
335 4855 417 4913 Cene
448 4855 575 4929 domini,
606 4858 797 4930 Parasceues,
830 4872 917 4916 sacro
949 4856 1095 4927 Sabbat0,
1120 4856 1234 4915 festum
1258 4855 1505 4916 Resurreccionis

238 4978 309 5020 cum
341 4962 465 5021 duobus
493 4964 693 5037 sequentibus
724 4963 842 5036 diebus,
875 4963 1069 5022 Ascensionis
1089 4961 1215 5033 domini,
1240 4961 1353 5020 festum
1377 4961 1504 5020 Penthe-

238 5075 336 5126 costes
361 5084 431 5126 cum
464 5069 586 5128 duobus
606 5071 806 5142 sequentibus
830 5069 948 5142 diebus,
973 5069 1087 5128 festum
1111 5069 1277 5142 Trinitatis,
1301 5067 1415 5128 festum
1438 5083 1504 5126 cor·
