3828 5822
344 547 403 608 34²
761 531 834 589 Doc.
859 527 930 607 276.
955 564 995 574 -
1020 532 1076 592 An.
1100 541 1188 608 1472.

342 747 437 806 simul
460 763 533 806 cum
562 747 679 806 cunctis
710 745 891 806 earumdem
923 745 1110 804 utilitatibus
1130 751 1161 804 et
1185 745 1382 820 pertinenciis
1405 747 1606 822 quibuslibet,

342 853 431 911 terris
453 853 571 912 scilicet
594 852 768 911 arabilibus
791 851 883 910 cultis
906 857 936 910 et
950 851 1083 922 incultis,
1099 851 1191 924 agris,
1206 853 1313 926 pratis,
1330 854 1462 926 pascuis,
1478 855 1607 930 campis,

342 958 460 1028 tenetis,
492 958 590 1031 silvis,
620 959 809 1029 nemoribus,
842 959 1017 1030 montibus,
1047 957 1202 1028 vallibus,
1238 957 1345 1029 vineis,
1378 957 1603 1035 vinearumque

341 1065 571 1138 promontoriis,
603 1063 714 1135 fluviis,
747 1064 882 1138 piscinis,
913 1063 1076 1137 piscaturis
1099 1067 1129 1121 et
1151 1077 1304 1137 aquarum
1326 1063 1517 1137 decursibus,
1541 1080 1607 1124 mo·

339 1169 472 1228 lendinis
494 1174 524 1228 et
553 1168 805 1228 molendinorum
837 1169 923 1239 locis,
953 1170 1139 1243 generaliter
1171 1184 1247 1228 vero
1278 1171 1492 1243 quarumlibet
1522 1172 1605 1230 utili·

340 1281 441 1334 tatum
463 1281 493 1333 et
509 1275 770 1350 pertinenciarum
786 1289 914 1332 suarum
929 1275 1158 1348 integritatibus
1174 1276 1285 1349 quovis
1301 1276 1435 1335 nominis
1450 1278 1606 1336 vocabulo

340 1383 482 1440 vocitatis
514 1382 553 1440 ad
587 1381 711 1440 easdem
741 1380 779 1440 de
801 1379 869 1458 jure
891 1386 922 1440 et
944 1382 984 1439 ab
1008 1383 1136 1455 antiquo
1163 1381 1383 1456 spectantibus,
1410 1398 1446 1441 ac
1467 1390 1606 1458 spectare

340 1493 370 1546 et
393 1488 547 1563 pertinere
570 1487 763 1560 debentibus,
779 1487 838 1544 sub
861 1489 924 1546 suis
946 1489 1028 1546 reris
1051 1489 1141 1547 metis
1164 1493 1196 1546 et
1218 1489 1351 1562 antiquis
1374 1490 1544 1563 premissis,
1561 1491 1605 1549 sic

339 1599 374 1652 ut
407 1594 571 1668 prefertur,
606 1594 759 1652 stantibus
794 1600 824 1652 et
854 1609 887 1652 se
922 1595 1108 1653 habentibus
1140 1600 1312 1653 memorate
1347 1595 1465 1654 civitati
1498 1602 1603 1655 nostre

339 1702 454 1760 montis
477 1700 639 1760 Grecensis
660 1707 690 1759 et
712 1717 770 1775 per
793 1716 982 1774 consequens
1013 1702 1143 1774 civibus,
1167 1701 1342 1776 hospitibus
1365 1707 1395 1760 et
1417 1702 1606 1761 inhabitato-

339 1807 427 1866 ribus
454 1808 487 1865 in
517 1806 625 1866 eadem
653 1822 713 1882 pro
744 1813 885 1881 tempore
915 1809 1181 1867 commorantibus
1212 1807 1313 1866 denuo
1335 1814 1365 1867 et
1387 1823 1426 1867 ex
1447 1823 1531 1867 novo
1553 1807 1604 1866 de·

340 1911 452 1986 dimus,
475 1913 660 1971 donavimus
684 1919 715 1972 et
738 1914 939 1986 contulimus,
954 1915 1053 1971 immo
1070 1913 1189 1985 damus,
1205 1913 1357 1972 donamus
1373 1922 1404 1973 et
1417 1913 1605 1972 conferimus

339 2017 407 2094 jure
438 2026 588 2094 perpetuo
618 2027 648 2079 et
678 2020 926 2078 irrevocabiliter
958 2019 1112 2092 tenendas,
1143 2020 1344 2094 possidendas
1376 2026 1407 2078 et
1436 2020 1604 2092 habendas,

341 2124 429 2183 salvo
459 2122 529 2200 jure
559 2126 669 2198 alieno,
700 2127 813 2184 harum
843 2133 1021 2184 nostrarum
1044 2126 1153 2199 rigore
1176 2130 1207 2184 et
1229 2127 1405 2186 testimonio
1428 2127 1604 2186 litterarum

338 2230 502 2289 mediante.
525 2231 610 2304 Quas
632 2232 664 2290 in
687 2232 823 2290 formam
845 2233 943 2291 nostri
958 2233 1117 2307 privilegii
1132 2233 1231 2306 redigi
1249 2232 1407 2305 iaciemus,
1423 2231 1500 2291 dum
1513 2232 1604 2291 nobis

339 2337 371 2394 in
394 2336 498 2410 specie
529 2335 643 2396 tuerint
672 2343 837 2412 reportate.
873 2337 989 2396 Datum
1020 2337 1104 2396 Bude
1129 2336 1206 2396 feria
1229 2345 1337 2412 quarta
1361 2339 1507 2412 proxima
1529 2343 1601 2414 post

338 2441 453 2500 festum
475 2442 698 2502 Penthecostes.
723 2444 812 2502 Anno
835 2443 954 2501 domini
970 2444 1139 2502 millesimo
1155 2443 1459 2518 quadringentesimo
1475 2449 1598 2519 septua-

339 2548 457 2620 gesimo
480 2548 623 2608 secundo.
651 2549 830 2622 Regnorum
860 2557 1038 2608 nostrorum
1069 2565 1149 2609 anno
1178 2551 1337 2623 Hungarie
1360 2555 1418 2610 etc.
1442 2549 1603 2624 quintode·

339 2654 429 2725 cimo,
453 2655 663 2712 coronacionis
685 2670 776 2727 nono,
800 2654 945 2713 Bohemie
967 2670 1041 2713 vero
1065 2661 1183 2728 quarto.

444 2807 578 2871 Originale
596 2807 624 2858 in
642 2808 796 2867 membrana,
815 2815 854 2886 sat
872 2823 984 2861 exesum.
1003 2809 1036 2856 In
1054 2809 1169 2872 margine
1187 2808 1303 2858 inferiori
1330 2808 1482 2874 impressum
1505 2814 1546 2858 est
1570 2809 1604 2858 si·

338 2893 437 2960 gillum.
457 2897 491 2945 In
506 2896 601 2946 archiv.
620 2896 667 2949 lib.
686 2913 738 2961 reg.
758 2899 827 2949 civit.
845 2897 1027 2961 zagrabiensis.
1123 2917 1129 2932 ·

931 3164 1014 3233 276.

445 3323 526 3372 Anno
547 3335 621 3387 1472,
642 3335 683 3375 20.
700 3323 782 3388 Junii.
802 3323 898 3375 Albae.

297 3513 298 3518 ,
345 3451 448 3510 Coram
481 3451 606 3526 capitulo
639 3451 751 3508 albcmi
782 3451 937 3527 capitulum
967 3451 1153 3524 aagrabicnsc
1185 3450 1219 3508 dc
1243 3451 1418 3525 possessione
1447 3449 1604 3527 Kraljevcc

600 3581 648 3632 etc.
671 3573 871 3635 commonstrati
889 3577 1014 3634 civitatis
1035 3575 1195 3634 condonata
1218 3581 1338 3633 recusat.

446 3737 510 3795 Nos
532 3736 703 3809 capitulum
726 3719 853 3796 ecclesie
883 3739 1027 3798 albensis.
1050 3739 1200 3798 Memorie
1230 3703 1493 3809 commendamus,
1516 3736 1600 3812 quod

338 3843 531 3903 venerabiles
554 3843 623 3916 viri,
640 3843 758 3901 domini
781 3843 1018 3904 Bartholomeus
1041 3851 1147 3904 cantor
1169 3851 1200 3904 et
1223 3845 1387 3904 canonicus
1409 3859 1445 3902 ac
1468 3843 1602 3902 vicarius

337 3952 370 4010 in
393 3949 610 4025 spiritualibus
638 3950 791 4022 generalis
814 3957 844 4008 et
873 3951 1059 4023 Demetrius,
1082 3951 1316 4010 archidiaconus
1339 3949 1538 4021 kathedralis,
1569 3951 1602 4008 in

338 4057 467 4116 ecclesia
489 4056 681 4129 aagrabiensi
702 4053 848 4114 nostram'
863 4058 1020 4117 venientes
1043 4060 1075 4117 in
1099 4059 1300 4133 presenciam,
1324 4057 1386 4116 suis
1410 4073 1446 4114 ac
1470 4058 1600 4116 honora·

337 4163 411 4222 bilis
441 4163 571 4237 capituli
603 4161 741 4220 eiusdem
772 4163 899 4221 ecclesie
929 4165 1135 4237 zagrabiensis
1166 4167 1198 4223 in
1228 4164 1368 4238 personis
1391 4179 1448 4238 per
1470 4161 1601 4220 modum

336 4269 571 4344 protestacionis
615 4274 645 4326 et
675 4269 872 4327 inhibicionis
905 4271 995 4328 nobis
1030 4271 1205 4344 significare
1239 4273 1384 4328 curarunt
1414 4283 1452 4327 eo
1488 4267 1602 4327 modo:

337 4375 421 4450 quod
445 4380 538 4450 prout
558 4375 618 4449 ipsi
644 4376 861 4449 percepissent,
878 4376 937 4434 hiis
962 4377 1105 4450 proxime
1128 4377 1261 4434 evolutis
1285 4375 1395 4434 diebus
1417 4375 1600 4434 Valentinus

334 4481 438 4560 judex,
460 4481 615 4563 Johannes
638 4481 811 4554 Perowyth,
835 4483 914 4540 alter
935 4483 1090 4565 Johannes
1114 4483 1235 4554 Paasar,
1263 4482 1435 4540 Anthonius
1459 4480 1498 4539 de
1522 4481 1598 4540 Klo-

336 4589 425 4661 koch,
459 4587 649 4659 Dominicus,
684 4587 768 4645 filius
800 4589 976 4661 Perowych,
1011 4589 1165 4672 Johannes
1199 4587 1409 4660 Soldmarycz,
1443 4587 1599 4661 ceterique

336 4697 419 4754 cives
442 4709 478 4752 ac
501 4693 638 4752 universi
660 4693 798 4767 hospites
820 4694 933 4752 montis
956 4693 1118 4754 Grecensis
1142 4695 1180 4753 de
1203 4695 1288 4753 iuxta
1304 4693 1498 4766 Zagrabiam,
1514 4692 1600 4752 adin·

336 4801 436 4860 ventis
467 4798 656 4874 quibusdam
687 4799 818 4857 sinistris
850 4800 987 4872 cautelis,
1012 4801 1220 4874 possessiones
1243 4806 1274 4858 et
1296 4800 1459 4874 porciones
1482 4813 1602 4874 posses·

336 4907 485 4966 sionarias
505 4904 618 4980 prefati
640 4905 770 4979 capituli
792 4903 957 4977 Cralewcz,
979 4905 1124 4980 Zwybye,
1148 4905 1255 4978 Narth,
1279 4905 1425 4979 Kobylalr
1440 4912 1470 4964 et
1485 4903 1601 4978 Caerye

337 5020 470 5086 vocatas,
495 5027 611 5074 necnon
636 5013 788 5072 tributum
812 5027 864 5070 seu
889 5011 1060 5072 thelonium
1084 5015 1115 5073 in
1138 5012 1245 5072 eadem
1270 5011 1385 5088 Caerye
1401 5012 1551 5083 habitum,
1570 5011 1602 5072 in
