3804 5858
591 566 1020 650 Μψ-ῶψ.
1367 589 1430 650 w

167 791 247 850 Toth
271 789 311 850 de
333 790 534 852 Zomzedwar
556 805 613 864 per
635 789 720 862 ipsos
743 788 812 862 ipsc
828 787 956 848 dominc
980 787 1180 861 sigismundo
1203 787 1270 862 regi
1292 793 1322 848 et
1344 803 1433 848 sacro

167 911 228 955 suo·
245 896 332 970 regio
356 895 534 970 dyademati
559 896 590 954 in
614 895 711 954 variis
732 901 763 953 et
793 893 907 954 validis
929 892 1071 954 eiusdem
1092 894 1181 968 regni
1205 895 1254 954 sui
1275 893 1432 969 expedici-

167 1003 279 1062 onibus
302 1003 462 1077 prosperis
491 1007 600 1076 utpote
635 1006 665 1059 et
698 999 844 1060 adversis
870 1014 942 1058 curn
972 1015 1119 1074 sumprno
1142 999 1310 1074 diligencie
1329 999 1433 1061 studio

167 1109 265 1184 ipsius
287 1108 493 1184 participibus
517 1107 637 1166 solicite
668 1106 814 1166 exhibitis
837 1111 868 1163 et
889 1103 1048 1180 impensis,
1072 1121 1130 1180 pro
1153 1107 1272 1181 quibus
1290 1121 1355 1166 ncn
1376 1107 1434 1166 im·

168 1215 279 1273 merito
303 1215 495 1288 congruebat
516 1214 602 1288 ipsos
624 1213 710 1288 regio
745 1211 920 1272 liberaliter
950 1210 1106 1274 antedicto
1128 1213 1292 1286 prevenire
1315 1219 1347 1272 et
1367 1228 1434 1272 am·

167 1321 261 1396 pliori
284 1321 399 1396 regalis
421 1321 620 1396 prerogative
643 1317 861 1378 munificencia
884 1319 1058 1392 premiere3
1082 1319 1153 1378 ideo
1176 1317 1263 1380 idem
1285 1319 1432 1380 dominus

168 1425 385 1501 Sigismundus
407 1443 462 1486 rex
493 1425 648 1500 prefatam
671 1425 897 1500 possessionem
918 1425 1102 1498 Petrowyna
1131 1425 1210 1486 alias
1232 1423 1434 1486 zeni-Pother

168 1539 310 1594 vocatam
334 1533 430 1593 simul
453 1548 523 1592 cum
547 1531 693 1592 omnibus
715 1531 782 1592 suis
794 1531 982 1593 utilitatibus
1004 1536 1035 1590 et
1059 1531 1257 1604 pertinenciis
1281 1532 1433 1592 universis

167 1640 208 1697 ab
239 1639 350 1698 eadem
379 1639 505 1698 civitate
535 1653 591 1696 sua
621 1638 735 1696 montis
769 1635 933 1698 Grecensis
967 1642 997 1695 et
1030 1638 1072 1695 ab
1106 1637 1192 1698 omni
1214 1635 1431 1712 iurisdiccione

168 1745 285 1806 civium
307 1752 337 1804 et
361 1745 553 1820 populorum
577 1743 616 1802 de
639 1741 747 1802 eadem
771 1741 953 1818 separando,
975 1758 1102 1805 rursum
1125 1743 1166 1802 ad
1182 1743 1357 1818 predictum
1381 1761 1432 1802 ca-

167 1858 267 1912 strum
291 1851 387 1925 Selyn
408 1856 630 1925 nuncupatum,
653 1849 694 1908 ad
718 1848 801 1922 quod
825 1848 924 1908 eciam
939 1849 1027 1922 prins
1050 1848 1133 1910 dicta
1157 1849 1236 1908 villa
1258 1851 1435 1925 pertinebat

166 1963 375 2030 reannectens,
397 1957 582 2031 reaplicans,
603 1953 792 2032 conjungens
816 1961 847 2014 et
870 1970 1083 2030 recuperans,
1107 1955 1240 2016 eandem
1261 1972 1333 2016 cum
1357 1959 1433 2018 inte·

167 2063 279 2138 gnitate
302 2079 430 2124 suarum
445 2063 707 2138 pertinenciarum
722 2063 782 2120 sub
805 2062 868 2121 suis
891 2064 975 2120 veris
990 2063 1081 2122 metis
1098 2067 1128 2121 et
1150 2061 1294 2137 undonis,
1318 2063 1433 2138 quibus

167 2170 276 2230 eadem
306 2171 456 2230 hactenus
478 2183 627 2243 possessa,
650 2167 757 2228 habita
778 2175 809 2227 et
831 2174 913 2231 tenta
935 2165 1052 2241 fuisset,
1075 2169 1256 2228 memoratis
1277 2171 1434 2243 magistris

167 2277 344 2350 Laurencio,
379 2275 510 2337 Nicolao
544 2281 574 2334 et
608 2271 810 2347 christoforo,
840 2273 1085 2349 eorumdemque
1108 2275 1332 2349 magistrorum
1355 2276 1435 2334 Lau·

167 2382 264 2442 rencii
293 2389 324 2442 et
357 2381 479 2440 Nicolai
513 2381 676 2440 dumtaxat
710 2379 878 2440 heredibus
908 2386 938 2439 et
961 2382 1196 2456 posteritatibus
1219 2382 1372 2442 uniuersis
1395 2380 1435 2440 de

167 2489 233 2548 suis
253 2487 347 2562 regiis
370 2487 516 2549 manibus
538 2502 619 2546 nore
649 2501 703 2546 sue
726 2486 906 2549 donacionis
929 2486 1021 2546 titulo
1044 2493 1074 2545 et
1097 2487 1183 2548 omni
1206 2502 1243 2545 ec
1267 2485 1343 2563 jure,
1368 2503 1432 2562 quo

167 2594 323 2666 prelibata
354 2594 509 2668 possessio
538 2609 592 2652 sue
622 2593 681 2652 rite
710 2592 913 2654 incumbisset
936 2593 1099 2652 collacioni
1123 2593 1266 2664 dedisset,
1290 2593 1434 2654 donasset

167 2699 253 2760 etin
283 2715 378 2758 evum
412 2699 606 2760 contullisset
635 2715 693 2774 per
723 2699 810 2774 ipsos
838 2706 868 2757 et
900 2697 1029 2760 heredes
1052 2715 1088 2758 ac
1111 2715 1301 2758 successores
1324 2715 1433 2760 eorum

168 2807 330 2866 universos
354 2811 506 2881 perpetuo
526 2811 557 2864 et
572 2806 820 2864 irrevocabiliter
837 2802 1066 2880 possidendam,
1091 2805 1256 2865 tenendam
1271 2807 1434 2880 peniteret

168 2911 355 2984 habendam,
379 2913 468 2974 salvo
491 2911 559 2987 jure
581 2913 690 2973 alieno.
714 2911 824 2970 Altera
835 2917 939 2973 autern
954 2913 1104 2986 ipsarum,
1119 2912 1238 2972 scilicet
1253 2910 1329 2972 dicti
1350 2913 1434 2986 capi·

168 3017 225 3078 tuli
256 3017 386 3076 ecclesie
415 3018 634 3092 zagrabiensis,
665 3018 768 3078 littera
790 3017 958 3092 superinde
981 3017 1145 3078 statutoria
1169 3019 1264 3078 tercio
1288 3017 1339 3078 die
1362 3017 1434 3076 festi

168 3123 332 3184 beatorum
355 3123 438 3184 Petri
461 3130 492 3184 et
513 3125 602 3184 Pauli
623 3124 840 3200 apostolorum
862 3125 895 3186 in
917 3125 1000 3184 dicto
1023 3140 1103 3184 anno
1120 3123 1240 3185 domini
1262 3125 1433 3184 millesimo

166 3229 381 3288 trecentesimo
404 3231 604 3304 nonagesimo
619 3245 701 3311 nono
716 3229 807 3304 edita,
831 3229 1006 3304 denotabat,
1022 3229 1106 3306 quod
1129 3231 1222 3304 iwan,
1244 3229 1327 3290 fiiius
1349 3231 1433 3290 lwan

167 3336 206 3394 de
229 3337 438 3410 Brezowycza,
461 3337 573 3410 regius,
596 3346 627 3395 et
649 3337 842 3396 honorabilis
866 3337 915 3395 vir
938 3337 1082 3396 dominus
1105 3336 1261 3419 Johannes
1282 3335 1433 3396 archidia-

167 3457 261 3502 conns
293 3442 489 3529 cathedralis,
521 3443 686 3502 canonicus
714 3443 795 3502 dicte
826 3443 955 3502 ecclesie
978 3443 1185 3516 zegrabiensis
1208 3443 1283 3502 dicti
1305 3443 1434 3517 capituli

168 3549 306 3610 eiusdem
331 3549 467 3618 ecclesie,
497 3549 648 3622 homines,
680 3549 720 3607 ad
742 3551 864 3624 regium
888 3549 1107 3610 litteratorium
1130 3549 1312 3608 mandatum
1335 3554 1433 3608 nans·

168 3656 263 3726 missi,
289 3655 373 3729 quoa
396 3655 457 3729 ipsi
487 3653 620 3714 tri-resto
642 3655 813 3714 nativitatis
836 3655 921 3714 nean
942 3655 1091 3740 Jonamts
1108 3656 1251 3730 sapuere,
1274 3660 1348 3714 tunc
1361 3669 1434 3730 pro-
1460 3641 1462 3646 ’

167 3761 251 3821 xime
274 3760 434 3836 preterito,
469 3759 509 3818 ad
535 3759 657 3820 'faciem
693 3761 865 3836 prescripto
898 3761 1102 3836 possessionis
1137 3761 1322 3834 Petrorryna
1355 3761 1433 3820 alias

167 3866 393 3928 Zenth·Petber.
422 3877 529 3928 vocate
560 3868 669 3928 ricmis
699 3874 730 3926 et
760 3867 980 3929 commetaneis
1010 3867 1149 3928 eiusdem
1180 3867 1334 3926 universis
1356 3867 1449 3926 inibi.

167 3974 320 4048 legittime
350 3973 526 4053 convocatis
556 3981 587 4032 et
617 3974 815 4048 presentibus
844 3973 1032 4046 accedentes,
1062 3973 1193 4040 eandem
1221 3989 1293 4032 curn
1316 3968 1435 4034 cuncus

167 4080 230 4139 suis
252 4081 437 4142 utilitatibus
468 4085 498 4138 et
527 4081 723 4154 pertinenciis
759 4081 952 4158 quibuslibet
981 4080 1145 4155 prelibatis
1176 4081 1333 4154 magistris
1355 4079 1434 4137 lau·

166 4187 324 4246 rencicet
361 4186 498 4259 Nicolao,
531 4201 650 4248 necnon
680 4185 807 4246 domino
838 4185 1034 4247 christoforo
1068 4187 1228 4271 preposito
1260 4186 1438 4260 statuissent

167 4301 319 4368 perpetuo
353 4293 582 4366 possidendam,
612 4294 701 4352 nullo
735 4293 858 4368 penitus
882 4292 1107 4354 contradictore
1135 4299 1312 4367 apparente.
1335 4292 1434 4366 Quae·

168 4399 296 4472 quidem
316 4398 392 4458 duas
416 4401 534 4458 litteras
559 4399 776 4460 donacionales
799 4400 916 4458 scilicet
938 4403 970 4458 et
991 4400 1178 4472 statutorias,
1202 4399 1327 4462 tandem
1350 4399 1434 4458 idem

169 4505 301 4572 condam
334 4504 478 4564 dominus
508 4505 726 4591 sigismundus
754 4521 810 4566 rex
839 4505 1068 4578 requirentibus
1088 4513 1118 4564 et
1140 4502 1344 4578 exigentibus
1357 4503 1432 4564 fide·

167 4611 252 4670 libus
283 4611 422 4670 serviciis
452 4611 663 4686 sepefatorurn
694 4599 854 4673 laurencii
886 4617 917 4670 et
947 4611 1078 4684 Nicolai,
1107 4609 1434 4672 necnonchristofori

167 4718 327 4792 prepositi,
350 4717 476 4790 eisdem,
499 4719 638 4778 seriebus
661 4719 906 4792 prescriptorum
927 4716 1106 4776 litterarum
1126 4731 1254 4778 suarum
1269 4716 1433 4777 confirma-

168 4823 337 4882 cionalium
360 4823 435 4882 novi
458 4823 615 4899 dupplicis
639 4829 669 4882 et
691 4823 838 4884 autentici
859 4823 957 4896 sigilli
980 4823 1029 4882 sui
1050 4824 1240 4898 appensione
1263 4822 1433 4882 communi·

168 4934 270 4988 tarum
294 4927 471 4990 mnorandc
496 4937 646 5006 perpetuo
670 4931 821 4990 valituras
843 4927 1068 4993 confirmasset.
1090 4927 1361 5002 Quarumquidem
1383 4927 1435 4988 lit·

169 5043 309 5096 terarum
339 5051 397 5110 per
426 5045 644 5112 procuratores
676 5037 829 5111 parcium.
846 5035 1204 5110 predictarumcoram
1219 5034 1317 5100 nobis
1333 5031 1437 5100 modo
