<?xml version="1.0" encoding="UTF-8"?>
<!DOCTYPE html PUBLIC "-//W3C//DTD XHTML 1.0 Transitional//EN"
    "http://www.w3.org/TR/xhtml1/DTD/xhtml1-transitional.dtd">
<html xmlns="http://www.w3.org/1999/xhtml" xml:lang="en" lang="en">
 <head>
  <title>
</title>
<meta http-equiv="Content-Type" content="text/html;charset=utf-8" />
  <meta name='ocr-system' content='tesseract 3.04.00' />
  <meta name='ocr-capabilities' content='ocr_page ocr_carea ocr_par ocr_line ocrx_word'/>
</head>
<body>
  <div class='ocr_page' id='page_1' title='image "./monumentahistor20laszgoog_0422.png"; bbox 0 0 3930 5802; ppageno 0'>
   <div class='ocr_carea' id='block_1_1' title="bbox 728 549 1566 632">
    <p class='ocr_par' dir='ltr' id='par_1_1' title="bbox 728 549 1566 632">
     <span class='ocr_line' id='line_1_1' title="bbox 728 549 1566 632; baseline -0.004 -18"><span class='ocrx_word' id='word_1_1' title='bbox 728 557 801 616; x_wconf 85' lang='lat' dir='ltr'><strong>Doc.</strong></span> <span class='ocrx_word' id='word_1_2' title='bbox 823 569 890 613; x_wconf 86' lang='lat'><strong>122.</strong></span> <span class='ocrx_word' id='word_1_3' title='bbox 915 589 957 598; x_wconf 94' lang='lat'><strong>—</strong></span> <span class='ocrx_word' id='word_1_4' title='bbox 982 554 1037 612; x_wconf 80' lang='lat' dir='ltr'><strong>An.</strong></span> <span class='ocrx_word' id='word_1_5' title='bbox 1061 549 1154 632; x_wconf 73' lang='lat'><strong>1438.</strong></span> <span class='ocrx_word' id='word_1_6' title='bbox 1509 553 1566 623; x_wconf 86' lang='lat'><strong>165</strong></span> 
     </span>
    </p>
   </div>
   <div class='ocr_carea' id='block_1_2' title="bbox 306 769 1573 2020">
    <p class='ocr_par' dir='ltr' id='par_1_2' title="bbox 306 769 1573 2020">
     <span class='ocr_line' id='line_1_2' title="bbox 307 769 1571 846; baseline -0.003 -16"><span class='ocrx_word' id='word_1_7' title='bbox 307 773 364 846; x_wconf 92' lang='lat' dir='ltr'><strong>dis,</strong></span> <span class='ocrx_word' id='word_1_8' title='bbox 384 773 475 832; x_wconf 92' lang='lat' dir='ltr'><strong>nobis</strong></span> <span class='ocrx_word' id='word_1_9' title='bbox 498 777 528 831; x_wconf 92' lang='lat' dir='ltr'><strong>et</strong></span> <span class='ocrx_word' id='word_1_10' title='bbox 553 773 593 832; x_wconf 87' lang='lat' dir='ltr'><strong>ad</strong></span> <span class='ocrx_word' id='word_1_11' title='bbox 615 772 769 832; x_wconf 82' lang='lat' dir='ltr'>fabricam</span> <span class='ocrx_word' id='word_1_12' title='bbox 793 771 921 830; x_wconf 83' lang='lat' dir='ltr'><strong>ecclesie</strong></span> <span class='ocrx_word' id='word_1_13' title='bbox 943 777 1047 829; x_wconf 88' lang='lat' dir='ltr'><strong>nostre</strong></span> <span class='ocrx_word' id='word_1_14' title='bbox 1070 769 1209 845; x_wconf 82' lang='lat' dir='ltr'><strong>predicte</strong></span> <span class='ocrx_word' id='word_1_15' title='bbox 1232 769 1272 827; x_wconf 92' lang='lat' dir='ltr'><strong>ad</strong></span> <span class='ocrx_word' id='word_1_16' title='bbox 1283 770 1435 828; x_wconf 89' lang='lat' dir='ltr'><strong>honorem</strong></span> <span class='ocrx_word' id='word_1_17' title='bbox 1458 769 1571 826; x_wconf 90' lang='lat' dir='ltr'><strong>beatis-</strong></span> 
     </span>
     <span class='ocr_line' id='line_1_3' title="bbox 306 876 1571 954; baseline -0.005 -16"><span class='ocrx_word' id='word_1_18' title='bbox 306 881 386 938; x_wconf 89' lang='lat' dir='ltr'><strong>sime</strong></span> <span class='ocrx_word' id='word_1_19' title='bbox 408 880 539 954; x_wconf 87' lang='lat' dir='ltr'><strong>virginis</strong></span> <span class='ocrx_word' id='word_1_20' title='bbox 562 881 659 938; x_wconf 92' lang='lat' dir='ltr'><strong>Marie</strong></span> <span class='ocrx_word' id='word_1_21' title='bbox 682 895 739 954; x_wconf 89' lang='lat' dir='ltr'><strong>per</strong></span> <span class='ocrx_word' id='word_1_22' title='bbox 763 877 894 936; x_wconf 88' lang='lat' dir='ltr'><strong>eandem</strong></span> <span class='ocrx_word' id='word_1_23' title='bbox 924 877 1085 936; x_wconf 89' lang='lat' dir='ltr'><strong>dominam</strong></span> <span class='ocrx_word' id='word_1_24' title='bbox 1119 876 1194 936; x_wconf 87' lang='lat' dir='ltr'><strong>dare</strong></span> <span class='ocrx_word' id='word_1_25' title='bbox 1216 881 1247 936; x_wconf 91' lang='lat' dir='ltr'><strong>et</strong></span> <span class='ocrx_word' id='word_1_26' title='bbox 1277 876 1457 952; x_wconf 89' lang='lat' dir='ltr'><strong>persolvere</strong></span> <span class='ocrx_word' id='word_1_27' title='bbox 1488 889 1571 933; x_wconf 89' lang='lat' dir='ltr'><strong>corn-</strong></span> 
     </span>
     <span class='ocr_line' id='line_1_4' title="bbox 307 981 1572 1060; baseline -0.005 -15"><span class='ocrx_word' id='word_1_28' title='bbox 307 987 418 1060; x_wconf 87' lang='lat' dir='ltr'><strong>missis,</strong></span> <span class='ocrx_word' id='word_1_29' title='bbox 441 987 533 1046; x_wconf 90' lang='lat' dir='ltr'><strong>nobis</strong></span> <span class='ocrx_word' id='word_1_30' title='bbox 556 985 772 1045; x_wconf 84' lang='lat' dir='ltr'><strong>omnimodam</strong></span> <span class='ocrx_word' id='word_1_31' title='bbox 794 985 986 1044; x_wconf 88' lang='lat' dir='ltr'><strong>solucionem</strong></span> <span class='ocrx_word' id='word_1_32' title='bbox 1011 990 1041 1042; x_wconf 90' lang='lat' dir='ltr'><strong>et</strong></span> <span class='ocrx_word' id='word_1_33' title='bbox 1075 983 1322 1042; x_wconf 82' lang='lat' dir='ltr'><strong>satisfaccionem</strong></span> <span class='ocrx_word' id='word_1_34' title='bbox 1352 981 1572 1058; x_wconf 90' lang='lat' dir='ltr'><strong>impenderunt</strong></span> 
     </span>
     <span class='ocr_line' id='line_1_5' title="bbox 306 1089 1572 1164; baseline -0.006 -11"><span class='ocrx_word' id='word_1_35' title='bbox 306 1094 394 1152; x_wconf 86' lang='lat' dir='ltr'><strong>iuxta</strong></span> <span class='ocrx_word' id='word_1_36' title='bbox 417 1093 642 1152; x_wconf 83' lang='lat' dir='ltr'><strong>continenciam</strong></span> <span class='ocrx_word' id='word_1_37' title='bbox 665 1092 840 1151; x_wconf 89' lang='lat' dir='ltr'><strong>litterarum</strong></span> <span class='ocrx_word' id='word_1_38' title='bbox 860 1091 1120 1164; x_wconf 87' lang='lat' dir='ltr'><strong>obligatoriarum</strong></span> <span class='ocrx_word' id='word_1_39' title='bbox 1143 1089 1355 1164; x_wconf 90' lang='lat' dir='ltr'><strong>predictarum</strong></span> <span class='ocrx_word' id='word_1_40' title='bbox 1378 1105 1414 1147; x_wconf 92' lang='lat' dir='ltr'><strong>ac</strong></span> <span class='ocrx_word' id='word_1_41' title='bbox 1437 1089 1572 1147; x_wconf 90' lang='lat' dir='ltr'><strong>aliarum</strong></span> 
     </span>
     <span class='ocr_line' id='line_1_6' title="bbox 308 1194 1572 1273; baseline -0.004 -16"><span class='ocrx_word' id='word_1_42' title='bbox 308 1199 487 1258; x_wconf 89' lang='lat' dir='ltr'><strong>litterarum</strong></span> <span class='ocrx_word' id='word_1_43' title='bbox 499 1199 622 1273; x_wconf 83' lang='lat' dir='ltr'><strong>prefate</strong></span> <span class='ocrx_word' id='word_1_44' title='bbox 645 1197 770 1257; x_wconf 91' lang='lat' dir='ltr'><strong>domine</strong></span> <span class='ocrx_word' id='word_1_45' title='bbox 794 1197 950 1257; x_wconf 90' lang='lat' dir='ltr'><strong>Gedrudis</strong></span> <span class='ocrx_word' id='word_1_46' title='bbox 973 1201 1083 1255; x_wconf 91' lang='lat' dir='ltr'><strong>vocate</strong></span> <span class='ocrx_word' id='word_1_47' title='bbox 1105 1197 1195 1255; x_wconf 90' lang='lat' dir='ltr'><strong>nobis</strong></span> <span class='ocrx_word' id='word_1_48' title='bbox 1226 1197 1472 1270; x_wconf 88' lang='lat' dir='ltr'><strong>assignatarum;</strong></span> <span class='ocrx_word' id='word_1_49' title='bbox 1502 1194 1572 1254; x_wconf 92' lang='lat' dir='ltr'><strong>ideo</strong></span> 
     </span>
     <span class='ocr_line' id='line_1_7' title="bbox 306 1300 1572 1387; baseline -0.005 -23"><span class='ocrx_word' id='word_1_50' title='bbox 306 1321 363 1364; x_wconf 89' lang='lat' dir='ltr'><strong>nos</strong></span> <span class='ocrx_word' id='word_1_51' title='bbox 385 1305 499 1380; x_wconf 85' lang='lat' dir='ltr'><strong>prefati</strong></span> <span class='ocrx_word' id='word_1_52' title='bbox 521 1305 655 1364; x_wconf 91' lang='lat' dir='ltr'><strong>vicarius</strong></span> <span class='ocrx_word' id='word_1_53' title='bbox 678 1311 709 1364; x_wconf 88' lang='lat' dir='ltr'><strong>et</strong></span> <span class='ocrx_word' id='word_1_54' title='bbox 731 1308 909 1377; x_wconf 86' lang='lat' dir='ltr'><strong>conventus,</strong></span> <span class='ocrx_word' id='word_1_55' title='bbox 933 1303 1071 1378; x_wconf 84' lang='lat' dir='ltr'><strong>prefatos</strong></span> <span class='ocrx_word' id='word_1_56' title='bbox 1094 1301 1238 1387; x_wconf 85' lang='lat' dir='ltr'><strong>judicem,</strong></span> <span class='ocrx_word' id='word_1_57' title='bbox 1261 1300 1378 1377; x_wconf 86' lang='lat' dir='ltr'><strong>juratos</strong></span> <span class='ocrx_word' id='word_1_58' title='bbox 1413 1309 1444 1360; x_wconf 88' lang='lat' dir='ltr'><strong>et</strong></span> <span class='ocrx_word' id='word_1_59' title='bbox 1474 1305 1572 1359; x_wconf 92' lang='lat' dir='ltr'><strong>totam</strong></span> 
     </span>
     <span class='ocr_line' id='line_1_8' title="bbox 310 1408 1572 1488; baseline -0.004 -18"><span class='ocrx_word' id='word_1_60' title='bbox 310 1414 566 1472; x_wconf 86' lang='lat' dir='ltr'><strong>communitatem</strong></span> <span class='ocrx_word' id='word_1_61' title='bbox 589 1427 684 1488; x_wconf 92' lang='lat' dir='ltr'><strong>super</strong></span> <span class='ocrx_word' id='word_1_62' title='bbox 705 1411 867 1485; x_wconf 90' lang='lat' dir='ltr'><strong>premissis</strong></span> <span class='ocrx_word' id='word_1_63' title='bbox 889 1410 1048 1483; x_wconf 85' lang='lat' dir='ltr'><strong>sexaginta</strong></span> <span class='ocrx_word' id='word_1_64' title='bbox 1079 1408 1203 1468; x_wconf 88' lang='lat' dir='ltr'><strong>florenis</strong></span> <span class='ocrx_word' id='word_1_65' title='bbox 1233 1409 1309 1480; x_wconf 93' lang='lat' dir='ltr'><strong>auri,</strong></span> <span class='ocrx_word' id='word_1_66' title='bbox 1341 1408 1469 1484; x_wconf 91' lang='lat' dir='ltr'><strong>conputi</strong></span> <span class='ocrx_word' id='word_1_67' title='bbox 1502 1423 1572 1482; x_wconf 91' lang='lat' dir='ltr'><strong>pre-</strong></span> 
     </span>
     <span class='ocr_line' id='line_1_9' title="bbox 308 1513 1572 1593; baseline -0.006 -15"><span class='ocrx_word' id='word_1_68' title='bbox 308 1521 404 1593; x_wconf 85' lang='lat' dir='ltr'><strong>missi,</strong></span> <span class='ocrx_word' id='word_1_69' title='bbox 427 1519 622 1578; x_wconf 86' lang='lat' dir='ltr'><strong>reddidimus</strong></span> <span class='ocrx_word' id='word_1_70' title='bbox 645 1524 675 1576; x_wconf 92' lang='lat' dir='ltr'><strong>et</strong></span> <span class='ocrx_word' id='word_1_71' title='bbox 697 1518 913 1576; x_wconf 90' lang='lat' dir='ltr'><strong>commisimus</strong></span> <span class='ocrx_word' id='word_1_72' title='bbox 930 1517 1059 1590; x_wconf 91' lang='lat' dir='ltr'><strong>quietos,</strong></span> <span class='ocrx_word' id='word_1_73' title='bbox 1075 1515 1236 1590; x_wconf 84' lang='lat' dir='ltr'><strong>expeditos</strong></span> <span class='ocrx_word' id='word_1_74' title='bbox 1251 1519 1282 1573; x_wconf 88' lang='lat' dir='ltr'><strong>et</strong></span> <span class='ocrx_word' id='word_1_75' title='bbox 1301 1513 1403 1572; x_wconf 88' lang='lat' dir='ltr'><strong>modis</strong></span> <span class='ocrx_word' id='word_1_76' title='bbox 1426 1513 1572 1572; x_wconf 90' lang='lat' dir='ltr'><strong>omnibus</strong></span> 
     </span>
     <span class='ocr_line' id='line_1_10' title="bbox 307 1618 1572 1699; baseline -0.006 -15"><span class='ocrx_word' id='word_1_77' title='bbox 307 1626 468 1685; x_wconf 90' lang='lat' dir='ltr'><strong>absolutos</strong></span> <span class='ocrx_word' id='word_1_78' title='bbox 491 1626 599 1699; x_wconf 87' lang='lat' dir='ltr'><strong>vigore</strong></span> <span class='ocrx_word' id='word_1_79' title='bbox 622 1631 652 1683; x_wconf 91' lang='lat' dir='ltr'><strong>et</strong></span> <span class='ocrx_word' id='word_1_80' title='bbox 675 1625 852 1684; x_wconf 88' lang='lat' dir='ltr'><strong>testimonio</strong></span> <span class='ocrx_word' id='word_1_81' title='bbox 874 1624 988 1681; x_wconf 87' lang='lat' dir='ltr'><strong>harum</strong></span> <span class='ocrx_word' id='word_1_82' title='bbox 1010 1623 1185 1681; x_wconf 88' lang='lat' dir='ltr'><strong>litterarum</strong></span> <span class='ocrx_word' id='word_1_83' title='bbox 1209 1627 1387 1680; x_wconf 87' lang='lat' dir='ltr'><strong>nostrarum</strong></span> <span class='ocrx_word' id='word_1_84' title='bbox 1411 1618 1572 1677; x_wconf 88' lang='lat' dir='ltr'><strong>mediante.</strong></span> 
     </span>
     <span class='ocr_line' id='line_1_11' title="bbox 307 1724 1573 1802; baseline -0.006 -12"><span class='ocrx_word' id='word_1_85' title='bbox 307 1731 426 1790; x_wconf 88' lang='lat' dir='ltr'><strong>Datum</strong></span> <span class='ocrx_word' id='word_1_86' title='bbox 448 1731 480 1791; x_wconf 91' lang='lat' dir='ltr'><strong>in</strong></span> <span class='ocrx_word' id='word_1_87' title='bbox 503 1731 598 1790; x_wconf 92' lang='lat' dir='ltr'><strong>domo</strong></span> <span class='ocrx_word' id='word_1_88' title='bbox 619 1737 725 1790; x_wconf 87' lang='lat' dir='ltr'><strong>nostra</strong></span> <span class='ocrx_word' id='word_1_89' title='bbox 748 1729 911 1802; x_wconf 89' lang='lat' dir='ltr'><strong>cenobiali,</strong></span> <span class='ocrx_word' id='word_1_90' title='bbox 934 1729 1066 1787; x_wconf 88' lang='lat' dir='ltr'><strong>sabbato</strong></span> <span class='ocrx_word' id='word_1_91' title='bbox 1089 1729 1235 1802; x_wconf 90' lang='lat' dir='ltr'><strong>proximo</strong></span> <span class='ocrx_word' id='word_1_92' title='bbox 1254 1732 1325 1785; x_wconf 89' lang='lat' dir='ltr'><strong>ante</strong></span> <span class='ocrx_word' id='word_1_93' title='bbox 1345 1725 1458 1784; x_wconf 88' lang='lat' dir='ltr'><strong>festum</strong></span> <span class='ocrx_word' id='word_1_94' title='bbox 1474 1724 1573 1783; x_wconf 88' lang='lat' dir='ltr'><strong>sancti</strong></span> 
     </span>
     <span class='ocr_line' id='line_1_12' title="bbox 308 1831 1572 1914; baseline -0.006 -17"><span class='ocrx_word' id='word_1_95' title='bbox 308 1839 434 1898; x_wconf 90' lang='lat' dir='ltr'><strong>Martini</strong></span> <span class='ocrx_word' id='word_1_96' title='bbox 468 1838 608 1914; x_wconf 88' lang='lat' dir='ltr'><strong>episcopi</strong></span> <span class='ocrx_word' id='word_1_97' title='bbox 641 1842 672 1897; x_wconf 91' lang='lat' dir='ltr'><strong>et</strong></span> <span class='ocrx_word' id='word_1_98' title='bbox 705 1837 900 1906; x_wconf 87' lang='lat' dir='ltr'><strong>confessoris,</strong></span> <span class='ocrx_word' id='word_1_99' title='bbox 927 1835 1090 1910; x_wconf 82' lang='lat' dir='ltr'><strong>prenotati.</strong></span> <span class='ocrx_word' id='word_1_100' title='bbox 1124 1837 1213 1893; x_wconf 90' lang='lat' dir='ltr'><strong>Anno</strong></span> <span class='ocrx_word' id='word_1_101' title='bbox 1249 1833 1368 1892; x_wconf 90' lang='lat' dir='ltr'><strong>domini</strong></span> <span class='ocrx_word' id='word_1_102' title='bbox 1402 1831 1572 1891; x_wconf 90' lang='lat' dir='ltr'><strong>millesimo</strong></span> 
     </span>
     <span class='ocr_line' id='line_1_13' title="bbox 308 1944 871 2020; baseline 0.002 -17"><span class='ocrx_word' id='word_1_103' title='bbox 308 1945 615 2020; x_wconf 90' lang='lat' dir='ltr'><strong>quadringentesimo</strong></span> <span class='ocrx_word' id='word_1_104' title='bbox 638 1944 727 2002; x_wconf 88' lang='lat' dir='ltr'><strong>XXX</strong></span> <span class='ocrx_word' id='word_1_105' title='bbox 750 1949 871 2004; x_wconf 91' lang='lat' dir='ltr'><strong>octavo.</strong></span> 
     </span>
    </p>
   </div>
   <div class='ocr_carea' id='block_1_3' title="bbox 307 2110 1572 2260">
    <p class='ocr_par' dir='ltr' id='par_1_3' title="bbox 307 2110 1572 2260">
     <span class='ocr_line' id='line_1_14' title="bbox 413 2110 1572 2184; baseline -0.004 -17"><span class='ocrx_word' id='word_1_106' title='bbox 413 2116 546 2184; x_wconf 82' lang='lat' dir='ltr'><strong>Originale</strong></span> <span class='ocrx_word' id='word_1_107' title='bbox 563 2117 591 2166; x_wconf 90' lang='lat' dir='ltr'><strong>in</strong></span> <span class='ocrx_word' id='word_1_108' title='bbox 609 2115 705 2176; x_wconf 81' lang='lat' dir='ltr'><strong>charta,</strong></span> <span class='ocrx_word' id='word_1_109' title='bbox 724 2116 752 2166; x_wconf 90' lang='lat' dir='ltr'><strong>iu</strong></span> <span class='ocrx_word' id='word_1_110' title='bbox 769 2115 884 2180; x_wconf 81' lang='lat' dir='ltr'><strong>margine</strong></span> <span class='ocrx_word' id='word_1_111' title='bbox 902 2115 1018 2166; x_wconf 83' lang='lat' dir='ltr'><strong>inferiori</strong></span> <span class='ocrx_word' id='word_1_112' title='bbox 1036 2115 1189 2180; x_wconf 84' lang='lat' dir='ltr'><strong>impressum</strong></span> <span class='ocrx_word' id='word_1_113' title='bbox 1207 2120 1246 2164; x_wconf 84' lang='lat' dir='ltr'><strong>est</strong></span> <span class='ocrx_word' id='word_1_114' title='bbox 1265 2111 1387 2178; x_wconf 81' lang='lat' dir='ltr'><strong>sigillum.</strong></span> <span class='ocrx_word' id='word_1_115' title='bbox 1418 2112 1451 2160; x_wconf 88' lang='lat' dir='ltr'><strong>In</strong></span> <span class='ocrx_word' id='word_1_116' title='bbox 1476 2110 1572 2162; x_wconf 79' lang='lat' dir='ltr'><strong>archiv.</strong></span> 
     </span>
     <span class='ocr_line' id='line_1_15' title="bbox 307 2205 785 2260; baseline -0.002 -4"><span class='ocrx_word' id='word_1_117' title='bbox 307 2205 368 2256; x_wconf 89' lang='lat' dir='ltr'><strong>incl.</strong></span> <span class='ocrx_word' id='word_1_118' title='bbox 388 2206 472 2260; x_wconf 81' lang='lat' dir='ltr'><strong>Acad.</strong></span> <span class='ocrx_word' id='word_1_119' title='bbox 492 2206 587 2256; x_wconf 87' lang='lat' dir='ltr'><strong>Scient.</strong></span> <span class='ocrx_word' id='word_1_120' title='bbox 607 2205 677 2255; x_wconf 82' lang='lat' dir='ltr'><strong>Slav.</strong></span> <span class='ocrx_word' id='word_1_121' title='bbox 696 2205 785 2256; x_wconf 88' lang='lat' dir='ltr'><strong>merid.</strong></span> 
     </span>
    </p>
   </div>
   <div class='ocr_carea' id='block_1_4' title="bbox 906 2433 985 2503">
    <p class='ocr_par' dir='ltr' id='par_1_4' title="bbox 906 2433 985 2503">
     <span class='ocr_line' id='line_1_16' title="bbox 906 2433 985 2503; baseline 0.025 -2"><span class='ocrx_word' id='word_1_122' title='bbox 906 2433 985 2503; x_wconf 82' lang='lat'><strong>122.</strong></span> 
     </span>
    </p>
   </div>
   <div class='ocr_carea' id='block_1_5' title="bbox 414 2595 927 2658">
    <p class='ocr_par' dir='ltr' id='par_1_5' title="bbox 414 2595 927 2658">
     <span class='ocr_line' id='line_1_17' title="bbox 414 2595 927 2658; baseline 0 -15"><span class='ocrx_word' id='word_1_123' title='bbox 414 2595 495 2644; x_wconf 91' lang='lat' dir='ltr'><strong>Anno</strong></span> <span class='ocrx_word' id='word_1_124' title='bbox 517 2597 591 2658; x_wconf 82' lang='lat'><strong>1438,</strong></span> <span class='ocrx_word' id='word_1_125' title='bbox 612 2609 636 2657; x_wconf 91' lang='lat'><strong>9.</strong></span> <span class='ocrx_word' id='word_1_126' title='bbox 656 2595 811 2648; x_wconf 86' lang='lat' dir='ltr'><strong>novembris.</strong></span> <span class='ocrx_word' id='word_1_127' title='bbox 830 2595 927 2644; x_wconf 87' lang='lat' dir='ltr'><strong>Budae.</strong></span> 
     </span>
    </p>
   </div>
   <div class='ocr_carea' id='block_1_6' title="bbox 308 2719 1578 2906">
    <p class='ocr_par' dir='ltr' id='par_1_6' title="bbox 308 2719 1578 2906">
     <span class='ocr_line' id='line_1_18' title="bbox 309 2719 1578 2798; baseline -0.001 -19"><span class='ocrx_word' id='word_1_128' title='bbox 309 2720 475 2796; x_wconf 79' lang='lat' dir='ltr'><strong>Stephanus</strong></span> <span class='ocrx_word' id='word_1_129' title='bbox 497 2720 621 2793; x_wconf 72' lang='lat' dir='ltr'><strong>Baikor,</strong></span> <span class='ocrx_word' id='word_1_130' title='bbox 636 2721 733 2798; x_wconf 82' lang='lat' dir='ltr'><strong>judex</strong></span> <span class='ocrx_word' id='word_1_131' title='bbox 755 2722 863 2790; x_wconf 81' lang='lat' dir='ltr'><strong>curiae,</strong></span> <span class='ocrx_word' id='word_1_132' title='bbox 893 2719 1042 2778; x_wconf 76' lang='lat' dir='ltr'><strong>idcnmiiem</strong></span> <span class='ocrx_word' id='word_1_133' title='bbox 1064 2721 1190 2794; x_wconf 80' lang='lat' dir='ltr'><strong>capitulo</strong></span> <span class='ocrx_word' id='word_1_134' title='bbox 1213 2719 1359 2779; x_wconf 77' lang='lat' dir='ltr'><strong>losmcnsi</strong></span> <span class='ocrx_word' id='word_1_135' title='bbox 1378 2719 1508 2791; x_wconf 69' lang='lat' dir='ltr'><strong>marrdat,</strong></span> <span class='ocrx_word' id='word_1_136' title='bbox 1543 2728 1578 2778; x_wconf 84' lang='lat' dir='ltr'><strong>ut</strong></span> 
     </span>
     <span class='ocr_line' id='line_1_19' title="bbox 308 2817 1575 2906; baseline -0.002 -20"><span class='ocrx_word' id='word_1_137' title='bbox 308 2827 536 2887; x_wconf 82' lang='lat' dir='ltr'><strong>communitatem</strong></span> <span class='ocrx_word' id='word_1_138' title='bbox 559 2828 692 2902; x_wconf 75' lang='lat' dir='ltr'><strong>civitam,</strong></span> <span class='ocrx_word' id='word_1_139' title='bbox 715 2845 789 2903; x_wconf 80' lang='lat' dir='ltr'><strong>quae</strong></span> <span class='ocrx_word' id='word_1_140' title='bbox 812 2826 843 2884; x_wconf 84' lang='lat' dir='ltr'><strong>in</strong></span> <span class='ocrx_word' id='word_1_141' title='bbox 866 2827 978 2884; x_wconf 83' lang='lat' dir='ltr'><strong>curiam</strong></span> <span class='ocrx_word' id='word_1_142' title='bbox 1001 2827 1097 2885; x_wconf 80' lang='lat' dir='ltr'><strong>venire</strong></span> <span class='ocrx_word' id='word_1_143' title='bbox 1119 2826 1236 2906; x_wconf 76' lang='lat' dir='ltr'><strong>dubitet,</strong></span> <span class='ocrx_word' id='word_1_144' title='bbox 1255 2826 1398 2902; x_wconf 82' lang='lat' dir='ltr'><strong>gravibus</strong></span> <span class='ocrx_word' id='word_1_145' title='bbox 1417 2817 1522 2885; x_wconf 65' lang='lat' dir='ltr'><strong>⁴verbis</strong></span> <span class='ocrx_word' id='word_1_146' title='bbox 1544 2826 1575 2884; x_wconf 86' lang='lat' dir='ltr'><strong>in</strong></span> 
     </span>
    </p>
   </div>
   <div class='ocr_carea' id='block_1_7' title="bbox 867 2933 1015 3008">
    <p class='ocr_par' dir='ltr' id='par_1_7' title="bbox 867 2933 1015 3008">
     <span class='ocr_line' id='line_1_20' title="bbox 867 2933 1015 3008; baseline 0 -18"><span class='ocrx_word' id='word_1_147' title='bbox 867 2933 923 3008; x_wconf 88' lang='lat' dir='ltr'><strong>jus</strong></span> <span class='ocrx_word' id='word_1_148' title='bbox 945 2934 1015 2991; x_wconf 83' lang='lat' dir='ltr'><strong>citet.</strong></span> 
     </span>
    </p>
   </div>
   <div class='ocr_carea' id='block_1_8' title="bbox 309 3094 1580 5084">
    <p class='ocr_par' dir='ltr' id='par_1_8' title="bbox 309 3094 1580 5084">
     <span class='ocr_line' id='line_1_21' title="bbox 418 3094 1577 3170; baseline 0.001 -17"><span class='ocrx_word' id='word_1_149' title='bbox 418 3095 537 3153; x_wconf 88' lang='lat' dir='ltr'><strong>Amicis</strong></span> <span class='ocrx_word' id='word_1_150' title='bbox 559 3097 622 3153; x_wconf 89' lang='lat' dir='ltr'><strong>suis</strong></span> <span class='ocrx_word' id='word_1_151' title='bbox 647 3095 826 3154; x_wconf 89' lang='lat' dir='ltr'><strong>reverendis</strong></span> <span class='ocrx_word' id='word_1_152' title='bbox 849 3095 987 3170; x_wconf 88' lang='lat' dir='ltr'><strong>capitulo</strong></span> <span class='ocrx_word' id='word_1_153' title='bbox 1010 3095 1137 3153; x_wconf 91' lang='lat' dir='ltr'><strong>ecclesie</strong></span> <span class='ocrx_word' id='word_1_154' title='bbox 1163 3095 1360 3167; x_wconf 87' lang='lat' dir='ltr'><strong>chasmensis,</strong></span> <span class='ocrx_word' id='word_1_155' title='bbox 1384 3109 1488 3153; x_wconf 91' lang='lat' dir='ltr'><strong>comes</strong></span> <span class='ocrx_word' id='word_1_156' title='bbox 1510 3094 1577 3154; x_wconf 90' lang='lat' dir='ltr'><strong>Ste-</strong></span> 
     </span>
     <span class='ocr_line' id='line_1_22' title="bbox 310 3200 1576 3278; baseline 0.001 -18"><span class='ocrx_word' id='word_1_157' title='bbox 310 3203 431 3277; x_wconf 91' lang='lat' dir='ltr'><strong>phanus</strong></span> <span class='ocrx_word' id='word_1_158' title='bbox 455 3200 493 3259; x_wconf 93' lang='lat' dir='ltr'><strong>de</strong></span> <span class='ocrx_word' id='word_1_159' title='bbox 510 3201 632 3274; x_wconf 84' lang='lat' dir='ltr'><strong>Bathor,</strong></span> <span class='ocrx_word' id='word_1_160' title='bbox 655 3200 750 3278; x_wconf 87' lang='lat' dir='ltr'><strong>judex</strong></span> <span class='ocrx_word' id='word_1_161' title='bbox 770 3203 853 3260; x_wconf 85' lang='lat' dir='ltr'><strong>curie</strong></span> <span class='ocrx_word' id='word_1_162' title='bbox 876 3201 993 3260; x_wconf 90' lang='lat' dir='ltr'><strong>domini</strong></span> <span class='ocrx_word' id='word_1_163' title='bbox 1017 3201 1148 3275; x_wconf 90' lang='lat' dir='ltr'><strong>Alberti,</strong></span> <span class='ocrx_word' id='word_1_164' title='bbox 1172 3201 1222 3259; x_wconf 89' lang='lat' dir='ltr'><strong>dei</strong></span> <span class='ocrx_word' id='word_1_165' title='bbox 1245 3202 1348 3275; x_wconf 86' lang='lat' dir='ltr'><strong>gracia</strong></span> <span class='ocrx_word' id='word_1_166' title='bbox 1362 3201 1576 3262; x_wconf 89' lang='lat' dir='ltr'><strong>Romanorum</strong></span> 
     </span>
     <span class='ocr_line' id='line_1_23' title="bbox 310 3308 1576 3382; baseline 0 -14"><span class='ocrx_word' id='word_1_167' title='bbox 310 3309 402 3382; x_wconf 91' lang='lat' dir='ltr'><strong>regis,</strong></span> <span class='ocrx_word' id='word_1_168' title='bbox 415 3323 539 3382; x_wconf 85' lang='lat' dir='ltr'><strong>semper</strong></span> <span class='ocrx_word' id='word_1_169' title='bbox 562 3310 693 3381; x_wconf 87' lang='lat' dir='ltr'><strong>augusti,</strong></span> <span class='ocrx_word' id='word_1_170' title='bbox 716 3324 752 3367; x_wconf 92' lang='lat' dir='ltr'><strong>ac</strong></span> <span class='ocrx_word' id='word_1_171' title='bbox 785 3309 952 3382; x_wconf 89' lang='lat' dir='ltr'><strong>Hungarie,</strong></span> <span class='ocrx_word' id='word_1_172' title='bbox 975 3309 1130 3381; x_wconf 90' lang='lat' dir='ltr'><strong>Bohemie‚</strong></span> <span class='ocrx_word' id='word_1_173' title='bbox 1161 3308 1331 3376; x_wconf 86' lang='lat' dir='ltr'><strong>Dalmacie,</strong></span> <span class='ocrx_word' id='word_1_174' title='bbox 1364 3308 1491 3366; x_wconf 84' lang='lat' dir='ltr'><strong>Croucie</strong></span> <span class='ocrx_word' id='word_1_175' title='bbox 1522 3313 1576 3368; x_wconf 91' lang='lat' dir='ltr'><strong>etc.</strong></span> 
     </span>
     <span class='ocr_line' id='line_1_24' title="bbox 309 3413 1575 3489; baseline -0.002 -15"><span class='ocrx_word' id='word_1_176' title='bbox 309 3416 400 3489; x_wconf 90' lang='lat' dir='ltr'><strong>regis,</strong></span> <span class='ocrx_word' id='word_1_177' title='bbox 423 3414 598 3473; x_wconf 90' lang='lat' dir='ltr'><strong>amiciciam</strong></span> <span class='ocrx_word' id='word_1_178' title='bbox 620 3420 763 3488; x_wconf 85' lang='lat' dir='ltr'><strong>paratam</strong></span> <span class='ocrx_word' id='word_1_179' title='bbox 779 3429 851 3472; x_wconf 91' lang='lat' dir='ltr'><strong>cum</strong></span> <span class='ocrx_word' id='word_1_180' title='bbox 866 3415 991 3473; x_wconf 89' lang='lat' dir='ltr'><strong>honore.</strong></span> <span class='ocrx_word' id='word_1_181' title='bbox 1007 3414 1173 3486; x_wconf 90' lang='lat' dir='ltr'><strong>Noveritis,</strong></span> <span class='ocrx_word' id='word_1_182' title='bbox 1189 3413 1273 3488; x_wconf 92' lang='lat' dir='ltr'><strong>quod</strong></span> <span class='ocrx_word' id='word_1_183' title='bbox 1290 3413 1381 3472; x_wconf 87' lang='lat' dir='ltr'><strong>nobis</strong></span> <span class='ocrx_word' id='word_1_184' title='bbox 1402 3415 1434 3472; x_wconf 93' lang='lat' dir='ltr'><strong>in</strong></span> <span class='ocrx_word' id='word_1_185' title='bbox 1457 3415 1575 3472; x_wconf 88' lang='lat' dir='ltr'><strong>octavis</strong></span> 
     </span>
     <span class='ocr_line' id='line_1_25' title="bbox 310 3519 1577 3594; baseline -0.002 -14"><span class='ocrx_word' id='word_1_186' title='bbox 310 3521 382 3580; x_wconf 82' lang='lat' dir='ltr'><strong>festi</strong></span> <span class='ocrx_word' id='word_1_187' title='bbox 401 3520 485 3580; x_wconf 89' lang='lat' dir='ltr'><strong>beati</strong></span> <span class='ocrx_word' id='word_1_188' title='bbox 506 3521 668 3579; x_wconf 90' lang='lat' dir='ltr'><strong>Michaelis</strong></span> <span class='ocrx_word' id='word_1_189' title='bbox 691 3521 881 3594; x_wconf 88' lang='lat' dir='ltr'><strong>archangeli,</strong></span> <span class='ocrx_word' id='word_1_190' title='bbox 905 3536 1038 3579; x_wconf 89' lang='lat' dir='ltr'><strong>unacum</strong></span> <span class='ocrx_word' id='word_1_191' title='bbox 1062 3521 1150 3594; x_wconf 87' lang='lat' dir='ltr'><strong>regni</strong></span> <span class='ocrx_word' id='word_1_192' title='bbox 1170 3520 1332 3578; x_wconf 90' lang='lat' dir='ltr'><strong>nobilibus</strong></span> <span class='ocrx_word' id='word_1_193' title='bbox 1354 3535 1413 3594; x_wconf 91' lang='lat' dir='ltr'><strong>pro</strong></span> <span class='ocrx_word' id='word_1_194' title='bbox 1436 3519 1577 3579; x_wconf 87' lang='lat' dir='ltr'><strong>faciendo</strong></span> 
     </span>
     <span class='ocr_line' id='line_1_26' title="bbox 310 3624 1577 3704; baseline -0.001 -18"><span class='ocrx_word' id='word_1_195' title='bbox 310 3627 506 3686; x_wconf 87' lang='lat' dir='ltr'><strong>moderativo</strong></span> <span class='ocrx_word' id='word_1_196' title='bbox 527 3625 643 3704; x_wconf 86' lang='lat' dir='ltr'><strong>judicio</strong></span> <span class='ocrx_word' id='word_1_197' title='bbox 666 3627 863 3686; x_wconf 90' lang='lat' dir='ltr'><strong>causantibus</strong></span> <span class='ocrx_word' id='word_1_198' title='bbox 898 3627 929 3685; x_wconf 90' lang='lat' dir='ltr'><strong>in</strong></span> <span class='ocrx_word' id='word_1_199' title='bbox 958 3627 1031 3685; x_wconf 88' lang='lat' dir='ltr'><strong>sede</strong></span> <span class='ocrx_word' id='word_1_200' title='bbox 1061 3631 1165 3686; x_wconf 89' lang='lat' dir='ltr'><strong>vestra</strong></span> <span class='ocrx_word' id='word_1_201' title='bbox 1195 3624 1357 3702; x_wconf 81' lang='lat' dir='ltr'><strong>judiciaria</strong></span> <span class='ocrx_word' id='word_1_202' title='bbox 1390 3626 1577 3701; x_wconf 89' lang='lat' dir='ltr'><strong>sedentibus,</strong></span> 
     </span>
     <span class='ocr_line' id='line_1_27' title="bbox 310 3732 1573 3809; baseline 0 -16"><span class='ocrx_word' id='word_1_203' title='bbox 310 3733 503 3793; x_wconf 88' lang='lat' dir='ltr'><strong>honorabilis</strong></span> <span class='ocrx_word' id='word_1_204' title='bbox 525 3734 576 3792; x_wconf 93' lang='lat' dir='ltr'><strong>vir</strong></span> <span class='ocrx_word' id='word_1_205' title='bbox 597 3734 746 3806; x_wconf 90' lang='lat' dir='ltr'><strong>magister</strong></span> <span class='ocrx_word' id='word_1_206' title='bbox 768 3733 885 3806; x_wconf 87' lang='lat' dir='ltr'><strong>Petrus,</strong></span> <span class='ocrx_word' id='word_1_207' title='bbox 909 3734 1073 3792; x_wconf 87' lang='lat' dir='ltr'><strong>canonicus</strong></span> <span class='ocrx_word' id='word_1_208' title='bbox 1107 3732 1235 3792; x_wconf 87' lang='lat' dir='ltr'><strong>ecclesie</strong></span> <span class='ocrx_word' id='word_1_209' title='bbox 1265 3734 1481 3807; x_wconf 86' lang='lat' dir='ltr'><strong>zagrabiensis,</strong></span> <span class='ocrx_word' id='word_1_210' title='bbox 1513 3749 1573 3809; x_wconf 92' lang='lat' dir='ltr'><strong>pro</strong></span> 
     </span>
     <span class='ocr_line' id='line_1_28' title="bbox 311 3841 1577 3916; baseline -0.001 -16"><span class='ocrx_word' id='word_1_211' title='bbox 311 3841 488 3900; x_wconf 88' lang='lat' dir='ltr'><strong>honorabili</strong></span> <span class='ocrx_word' id='word_1_212' title='bbox 511 3841 649 3916; x_wconf 89' lang='lat' dir='ltr'><strong>capitulo</strong></span> <span class='ocrx_word' id='word_1_213' title='bbox 680 3841 819 3899; x_wconf 90' lang='lat' dir='ltr'><strong>eiusdem</strong></span> <span class='ocrx_word' id='word_1_214' title='bbox 851 3841 978 3900; x_wconf 88' lang='lat' dir='ltr'><strong>ecclesie</strong></span> <span class='ocrx_word' id='word_1_215' title='bbox 1011 3841 1218 3914; x_wconf 87' lang='lat' dir='ltr'><strong>zagrabiensis</strong></span> <span class='ocrx_word' id='word_1_216' title='bbox 1252 3855 1324 3898; x_wconf 90' lang='lat' dir='ltr'><strong>cum</strong></span> <span class='ocrx_word' id='word_1_217' title='bbox 1355 3842 1577 3914; x_wconf 88' lang='lat' dir='ltr'><strong>procuratoriis</strong></span> 
     </span>
     <span class='ocr_line' id='line_1_29' title="bbox 310 3946 1578 4020; baseline -0.002 -14"><span class='ocrx_word' id='word_1_218' title='bbox 310 3949 422 4006; x_wconf 90' lang='lat' dir='ltr'><strong>litteris</strong></span> <span class='ocrx_word' id='word_1_219' title='bbox 445 3947 583 4006; x_wconf 91' lang='lat' dir='ltr'><strong>eiusdem</strong></span> <span class='ocrx_word' id='word_1_220' title='bbox 606 3949 637 4006; x_wconf 91' lang='lat' dir='ltr'><strong>in</strong></span> <span class='ocrx_word' id='word_1_221' title='bbox 659 3951 799 4006; x_wconf 90' lang='lat' dir='ltr'><strong>nostram</strong></span> <span class='ocrx_word' id='word_1_222' title='bbox 822 3948 947 4006; x_wconf 90' lang='lat' dir='ltr'><strong>veniens</strong></span> <span class='ocrx_word' id='word_1_223' title='bbox 967 3947 1158 4020; x_wconf 88' lang='lat' dir='ltr'><strong>presenciam</strong></span> <span class='ocrx_word' id='word_1_224' title='bbox 1175 3952 1237 4005; x_wconf 90' lang='lat' dir='ltr'><strong>tres</strong></span> <span class='ocrx_word' id='word_1_225' title='bbox 1253 3946 1381 4017; x_wconf 88' lang='lat' dir='ltr'><strong>litteras,</strong></span> <span class='ocrx_word' id='word_1_226' title='bbox 1406 3946 1482 4005; x_wconf 86' lang='lat' dir='ltr'><strong>duas</strong></span> <span class='ocrx_word' id='word_1_227' title='bbox 1507 3961 1578 4004; x_wconf 92' lang='lat' dir='ltr'><strong>con·</strong></span> 
     </span>
     <span class='ocr_line' id='line_1_30' title="bbox 312 4051 1578 4129; baseline -0.001 -17"><span class='ocrx_word' id='word_1_228' title='bbox 312 4053 385 4112; x_wconf 90' lang='lat' dir='ltr'><strong>dam</strong></span> <span class='ocrx_word' id='word_1_229' title='bbox 409 4055 531 4113; x_wconf 90' lang='lat' dir='ltr'><strong>comitis</strong></span> <span class='ocrx_word' id='word_1_230' title='bbox 554 4055 696 4112; x_wconf 89' lang='lat' dir='ltr'><strong>Matheus</strong></span> <span class='ocrx_word' id='word_1_231' title='bbox 719 4053 758 4111; x_wconf 89' lang='lat' dir='ltr'><strong>de</strong></span> <span class='ocrx_word' id='word_1_232' title='bbox 781 4054 901 4126; x_wconf 87' lang='lat' dir='ltr'><strong>Palocz‚</strong></span> <span class='ocrx_word' id='word_1_233' title='bbox 936 4054 1014 4112; x_wconf 91' lang='lat' dir='ltr'><strong>alias</strong></span> <span class='ocrx_word' id='word_1_234' title='bbox 1049 4053 1194 4110; x_wconf 90' lang='lat' dir='ltr'><strong>similiter</strong></span> <span class='ocrx_word' id='word_1_235' title='bbox 1223 4051 1335 4129; x_wconf 82' lang='lat' dir='ltr'><strong>judicis</strong></span> <span class='ocrx_word' id='word_1_236' title='bbox 1367 4053 1451 4111; x_wconf 88' lang='lat' dir='ltr'><strong>curie</strong></span> <span class='ocrx_word' id='word_1_237' title='bbox 1485 4053 1578 4126; x_wconf 87' lang='lat' dir='ltr'><strong>regie,</strong></span> 
     </span>
     <span class='ocr_line' id='line_1_31' title="bbox 311 4151 1579 4234; baseline -0.001 -16"><span class='ocrx_word' id='word_1_238' title='bbox 311 4176 406 4218; x_wconf 91' lang='lat' dir='ltr'><strong>uuam</strong></span> <span class='ocrx_word' id='word_1_239' title='bbox 430 4160 639 4218; x_wconf 82' lang='lat' dir='ltr'><strong>evocatoriam</strong></span> <span class='ocrx_word' id='word_1_240' title='bbox 663 4166 693 4216; x_wconf 89' lang='lat' dir='ltr'><strong>et</strong></span> <span class='ocrx_word' id='word_1_241' title='bbox 715 4159 812 4217; x_wconf 89' lang='lat' dir='ltr'><strong>aliam</strong></span> <span class='ocrx_word' id='word_1_242' title='bbox 826 4151 1022 4234; x_wconf 74' lang='lat' dir='ltr'><strong>&#39;judicialem</strong></span> <span class='ocrx_word' id='word_1_243' title='bbox 1045 4173 1164 4217; x_wconf 91' lang='lat' dir='ltr'><strong>necnon</strong></span> <span class='ocrx_word' id='word_1_244' title='bbox 1180 4160 1308 4217; x_wconf 88' lang='lat' dir='ltr'><strong>terciam</strong></span> <span class='ocrx_word' id='word_1_245' title='bbox 1325 4164 1462 4218; x_wconf 89' lang='lat' dir='ltr'><strong>vestram</strong></span> <span class='ocrx_word' id='word_1_246' title='bbox 1485 4175 1579 4232; x_wconf 92' lang='lat' dir='ltr'><strong>super</strong></span> 
     </span>
     <span class='ocr_line' id='line_1_32' title="bbox 314 4264 1578 4342; baseline -0.002 -17"><span class='ocrx_word' id='word_1_247' title='bbox 314 4268 382 4342; x_wconf 88' lang='lat' dir='ltr'><strong>ipsa</strong></span> <span class='ocrx_word' id='word_1_248' title='bbox 406 4267 589 4324; x_wconf 90' lang='lat' dir='ltr'><strong>evocacione</strong></span> <span class='ocrx_word' id='word_1_249' title='bbox 612 4266 793 4324; x_wconf 90' lang='lat' dir='ltr'><strong>relatoriam</strong></span> <span class='ocrx_word' id='word_1_250' title='bbox 817 4265 848 4324; x_wconf 94' lang='lat' dir='ltr'><strong>in</strong></span> <span class='ocrx_word' id='word_1_251' title='bbox 871 4266 1012 4324; x_wconf 89' lang='lat' dir='ltr'><strong>terminis</strong></span> <span class='ocrx_word' id='word_1_252' title='bbox 1035 4270 1066 4324; x_wconf 89' lang='lat' dir='ltr'><strong>et</strong></span> <span class='ocrx_word' id='word_1_253' title='bbox 1088 4267 1175 4324; x_wconf 91' lang='lat' dir='ltr'><strong>annis</strong></span> <span class='ocrx_word' id='word_1_254' title='bbox 1209 4264 1465 4325; x_wconf 89' lang='lat' dir='ltr'><strong>infrascribendis</strong></span> <span class='ocrx_word' id='word_1_255' title='bbox 1496 4279 1578 4323; x_wconf 91' lang='lat' dir='ltr'><strong>erna-</strong></span> 
     </span>
     <span class='ocr_line' id='line_1_33' title="bbox 312 4371 1577 4447; baseline -0.002 -15"><span class='ocrx_word' id='word_1_256' title='bbox 312 4379 399 4432; x_wconf 88' lang='lat' dir='ltr'><strong>natas</strong></span> <span class='ocrx_word' id='word_1_257' title='bbox 420 4373 512 4431; x_wconf 89' lang='lat' dir='ltr'><strong>nobis</strong></span> <span class='ocrx_word' id='word_1_258' title='bbox 535 4373 726 4447; x_wconf 88' lang='lat' dir='ltr'><strong>presentavit</strong></span> <span class='ocrx_word' id='word_1_259' title='bbox 749 4371 952 4430; x_wconf 85' lang='lat' dir='ltr'><strong>declarando:</strong></span> <span class='ocrx_word' id='word_1_260' title='bbox 970 4371 1053 4445; x_wconf 91' lang='lat' dir='ltr'><strong>quod</strong></span> <span class='ocrx_word' id='word_1_261' title='bbox 1071 4373 1218 4446; x_wconf 90' lang='lat' dir='ltr'><strong>magister</strong></span> <span class='ocrx_word' id='word_1_262' title='bbox 1234 4373 1387 4444; x_wconf 89' lang='lat' dir='ltr'><strong>Georgius</strong></span> <span class='ocrx_word' id='word_1_263' title='bbox 1412 4371 1577 4430; x_wconf 89' lang='lat' dir='ltr'><strong>canonicus</strong></span> 
     </span>
     <span class='ocr_line' id='line_1_34' title="bbox 313 4476 1578 4554; baseline -0.001 -17"><span class='ocrx_word' id='word_1_264' title='bbox 313 4494 372 4554; x_wconf 91' lang='lat' dir='ltr'><strong>pro</strong></span> <span class='ocrx_word' id='word_1_265' title='bbox 396 4479 479 4536; x_wconf 92' lang='lat' dir='ltr'><strong>dicto</strong></span> <span class='ocrx_word' id='word_1_266' title='bbox 503 4479 640 4552; x_wconf 88' lang='lat' dir='ltr'><strong>capitulo</strong></span> <span class='ocrx_word' id='word_1_267' title='bbox 663 4478 791 4536; x_wconf 86' lang='lat' dir='ltr'><strong>ecclesie</strong></span> <span class='ocrx_word' id='word_1_268' title='bbox 812 4477 1021 4550; x_wconf 85' lang='lat' dir='ltr'><strong>zagrabiensis</strong></span> <span class='ocrx_word' id='word_1_269' title='bbox 1044 4494 1117 4536; x_wconf 90' lang='lat' dir='ltr'><strong>cum</strong></span> <span class='ocrx_word' id='word_1_270' title='bbox 1139 4476 1362 4550; x_wconf 89' lang='lat' dir='ltr'><strong>procuratoriis</strong></span> <span class='ocrx_word' id='word_1_271' title='bbox 1392 4476 1504 4536; x_wconf 91' lang='lat' dir='ltr'><strong>litteris</strong></span> <span class='ocrx_word' id='word_1_272' title='bbox 1537 4478 1578 4536; x_wconf 92' lang='lat' dir='ltr'><strong>ei·</strong></span> 
     </span>
     <span class='ocr_line' id='line_1_35' title="bbox 313 4583 1579 4657; baseline -0.002 -14"><span class='ocrx_word' id='word_1_273' title='bbox 313 4585 423 4643; x_wconf 91' lang='lat' dir='ltr'><strong>usdem</strong></span> <span class='ocrx_word' id='word_1_274' title='bbox 445 4585 531 4644; x_wconf 85' lang='lat' dir='ltr'><strong>iuxta</strong></span> <span class='ocrx_word' id='word_1_275' title='bbox 554 4584 778 4642; x_wconf 90' lang='lat' dir='ltr'><strong>continenciam</strong></span> <span class='ocrx_word' id='word_1_276' title='bbox 800 4584 976 4642; x_wconf 87' lang='lat' dir='ltr'><strong>litterarum</strong></span> <span class='ocrx_word' id='word_1_277' title='bbox 1011 4583 1149 4642; x_wconf 90' lang='lat' dir='ltr'><strong>eiusdem</strong></span> <span class='ocrx_word' id='word_1_278' title='bbox 1184 4583 1305 4640; x_wconf 89' lang='lat' dir='ltr'><strong>comitis</strong></span> <span class='ocrx_word' id='word_1_279' title='bbox 1337 4583 1477 4640; x_wconf 91' lang='lat' dir='ltr'><strong>Matheus</strong></span> <span class='ocrx_word' id='word_1_280' title='bbox 1507 4597 1579 4657; x_wconf 93' lang='lat' dir='ltr'><strong>pro-</strong></span> 
     </span>
     <span class='ocr_line' id='line_1_36' title="bbox 313 4687 1580 4765; baseline -0.004 -15"><span class='ocrx_word' id='word_1_281' title='bbox 313 4692 540 4765; x_wconf 88' lang='lat' dir='ltr'><strong>rogatoriarum</strong></span> <span class='ocrx_word' id='word_1_282' title='bbox 563 4692 596 4749; x_wconf 91' lang='lat' dir='ltr'><strong>in</strong></span> <span class='ocrx_word' id='word_1_283' title='bbox 618 4691 735 4749; x_wconf 91' lang='lat' dir='ltr'><strong>octavis</strong></span> <span class='ocrx_word' id='word_1_284' title='bbox 758 4689 828 4748; x_wconf 87' lang='lat' dir='ltr'><strong>festi</strong></span> <span class='ocrx_word' id='word_1_285' title='bbox 852 4691 934 4749; x_wconf 88' lang='lat' dir='ltr'><strong>beati</strong></span> <span class='ocrx_word' id='word_1_286' title='bbox 957 4689 1117 4748; x_wconf 88' lang='lat' dir='ltr'><strong>Michaelis</strong></span> <span class='ocrx_word' id='word_1_287' title='bbox 1140 4689 1317 4761; x_wconf 89' lang='lat' dir='ltr'><strong>archangeli</strong></span> <span class='ocrx_word' id='word_1_288' title='bbox 1353 4690 1383 4748; x_wconf 93' lang='lat' dir='ltr'><strong>in</strong></span> <span class='ocrx_word' id='word_1_289' title='bbox 1414 4703 1494 4746; x_wconf 90' lang='lat' dir='ltr'><strong>anno</strong></span> <span class='ocrx_word' id='word_1_290' title='bbox 1525 4687 1580 4746; x_wconf 91' lang='lat' dir='ltr'><strong>do-</strong></span> 
     </span>
     <span class='ocr_line' id='line_1_37' title="bbox 313 4792 1580 4870; baseline -0.003 -14"><span class='ocrx_word' id='word_1_291' title='bbox 313 4799 390 4856; x_wconf 91' lang='lat' dir='ltr'><strong>mini</strong></span> <span class='ocrx_word' id='word_1_292' title='bbox 406 4797 634 4856; x_wconf 91' lang='lat' dir='ltr'>MCCCCXXX</span> <span class='ocrx_word' id='word_1_293' title='bbox 650 4797 753 4868; x_wconf 89' lang='lat' dir='ltr'><strong>tercio,</strong></span> <span class='ocrx_word' id='word_1_294' title='bbox 774 4798 939 4870; x_wconf 89' lang='lat' dir='ltr'><strong>preteritis,</strong></span> <span class='ocrx_word' id='word_1_295' title='bbox 963 4797 995 4854; x_wconf 91' lang='lat' dir='ltr'><strong>in</strong></span> <span class='ocrx_word' id='word_1_296' title='bbox 1018 4795 1120 4868; x_wconf 87' lang='lat' dir='ltr'><strong>figura</strong></span> <span class='ocrx_word' id='word_1_297' title='bbox 1150 4792 1256 4870; x_wconf 87' lang='lat' dir='ltr'><strong>judicii</strong></span> <span class='ocrx_word' id='word_1_298' title='bbox 1286 4793 1425 4854; x_wconf 88' lang='lat' dir='ltr'><strong>eiusdem</strong></span> <span class='ocrx_word' id='word_1_299' title='bbox 1456 4795 1580 4853; x_wconf 90' lang='lat' dir='ltr'><strong>comitis</strong></span> 
     </span>
     <span class='ocr_line' id='line_1_38' title="bbox 314 4899 1580 4978; baseline -0.002 -16"><span class='ocrx_word' id='word_1_300' title='bbox 314 4906 456 4963; x_wconf 89' lang='lat' dir='ltr'><strong>Matheus</strong></span> <span class='ocrx_word' id='word_1_301' title='bbox 480 4903 698 4978; x_wconf 88' lang='lat' dir='ltr'><strong>comparendo‚</strong></span> <span class='ocrx_word' id='word_1_302' title='bbox 723 4909 829 4961; x_wconf 87' lang='lat' dir='ltr'><strong>contra</strong></span> <span class='ocrx_word' id='word_1_303' title='bbox 852 4902 1052 4976; x_wconf 89' lang='lat' dir='ltr'><strong>Stephanum,</strong></span> <span class='ocrx_word' id='word_1_304' title='bbox 1075 4901 1178 4960; x_wconf 88' lang='lat' dir='ltr'><strong>filium</strong></span> <span class='ocrx_word' id='word_1_305' title='bbox 1201 4901 1370 4973; x_wconf 89' lang='lat' dir='ltr'><strong>Michaelis,</strong></span> <span class='ocrx_word' id='word_1_306' title='bbox 1396 4906 1469 4958; x_wconf 90' lang='lat' dir='ltr'><strong>tunc</strong></span> <span class='ocrx_word' id='word_1_307' title='bbox 1499 4899 1580 4976; x_wconf 88' lang='lat' dir='ltr'><strong>judi·</strong></span> 
     </span>
     <span class='ocr_line' id='line_1_39' title="bbox 316 5007 1580 5084; baseline -0.002 -15"><span class='ocrx_word' id='word_1_308' title='bbox 316 5027 394 5084; x_wconf 91' lang='lat' dir='ltr'><strong>cem,</strong></span> <span class='ocrx_word' id='word_1_309' title='bbox 426 5011 619 5084; x_wconf 90' lang='lat' dir='ltr'><strong>Michaelem‚</strong></span> <span class='ocrx_word' id='word_1_310' title='bbox 650 5009 754 5068; x_wconf 87' lang='lat' dir='ltr'><strong>filium</strong></span> <span class='ocrx_word' id='word_1_311' title='bbox 785 5007 967 5083; x_wconf 85' lang='lat' dir='ltr'><strong>sebastiani,</strong></span> <span class='ocrx_word' id='word_1_312' title='bbox 1001 5009 1129 5068; x_wconf 88' lang='lat' dir='ltr'><strong>Petrum</strong></span> <span class='ocrx_word' id='word_1_313' title='bbox 1162 5009 1355 5081; x_wconf 91' lang='lat' dir='ltr'><strong>Hungarum,</strong></span> <span class='ocrx_word' id='word_1_314' title='bbox 1386 5007 1580 5067; x_wconf 88' lang='lat' dir='ltr'><strong>Anthonium</strong></span> 
     </span>
    </p>
   </div>
   <div class='ocr_carea' id='block_1_9' title="bbox 0 0 1978 5802">
    <p class='ocr_par' dir='ltr' id='par_1_9' title="bbox 0 0 1978 5802">
     <span class='ocr_line' id='line_1_40' title="bbox 0 0 1978 5802; baseline 0 0"><span class='ocrx_word' id='word_1_315' title='bbox 0 0 1978 5802; x_wconf 95' lang='lat' dir='ltr'><strong> </strong></span> 
     </span>
    </p>
   </div>
  </div>
 </body>
</html>
