3948 5804
732 569 807 628 Dec.
831 564 882 646 63.
904 602 948 612 -
970 567 1026 627 An.
1050 581 1138 646 1433.
1524 578 1563 638 73

300 786 471 860 Rudolpho
500 785 597 844 fratri.
633 786 718 844 Duas
748 800 877 858 magnae
907 788 1095 858 coperturas,
1126 783 1224 856 vulgo
1247 781 1376 857 poplnn,
1399 779 1432 837 in
1455 777 1565 836 eodem

301 899 410 964 castro,
434 891 580 951 ecclesiae
603 906 662 966 pro
685 891 873 950 ornamentis
903 891 1058 950 altarium.
1092 889 1205 948 Omnia
1234 887 1358 961 reliqua
1387 885 1565 960 pulvinaria

302 999 439 1056 ubilibet
467 999 585 1065 habita,
616 997 719 1070 vendi,
754 1004 784 1056 et
815 997 925 1056 exinde
948 1011 1102 1072 pauperes
1124 995 1233 1054 vestiri
1255 994 1332 1054 vult.
1368 991 1503 1050 Henrico
1527 989 1566 1049 de

300 1103 471 1177 Plomberg
493 1105 653 1178 capitaneo
677 1104 768 1162 castri
790 1101 924 1161 Kemlek
939 1103 1046 1162 salarii
1068 1116 1147 1176 quos
1161 1105 1283 1160 tenetur
1305 1099 1370 1158 flor.
1396 1097 1566 1173 114.solvi

193 1222 197 1228 ·
300 1210 370 1268 vult
393 1211 438 1268 uti
460 1216 491 1268 et
513 1210 584 1268 aliis
613 1209 783 1268 secundum
815 1209 1059 1280 conventionem,
1094 1208 1164 1266 aliis
1192 1221 1268 1266 vero
1290 1219 1353 1264 non
1387 1203 1565 1274 salarisatis,

302 1317 418 1390 quiex
442 1317 542 1390 gratia
574 1315 757 1388 servierunt,
787 1315 872 1389 legat
901 1315 966 1374 flor.
990 1313 1062 1373 600.
1085 1313 1255 1373 secundum
1286 1311 1469 1386 qualitatem
1503 1325 1567 1367 ser·

302 1422 370 1480 vitii
393 1423 473 1480 inter
495 1436 548 1480 eos
570 1437 628 1496 per
644 1427 823 1480 executores
838 1421 1029 1480 dividendos.
1054 1420 1198 1480 Castrum
1213 1434 1305 1477 suum
1329 1413 1567 1491 Nagy-Kemlelr

303 1543 374 1585 cum
396 1528 552 1586 territorio
575 1542 631 1586 suo
654 1527 738 1600 legat
760 1529 907 1586 ecclesiae
929 1527 1121 1600 zagrabiensi
1140 1523 1228 1602 juxta
1250 1524 1486 1598 dispositionem
1509 1537 1566 1595 per

301 1633 378 1692 alias
400 1633 520 1691 litteras
543 1647 648 1691 coram
671 1633 808 1708 capitulo
843 1633 1160 1708 quinqueecclesiensi
1182 1630 1306 1689 factam.
1340 1628 1391 1687 Ad
1414 1628 1566 1686 fabricam

302 1739 448 1798 ecclesiae
469 1755 491 1797 s.
514 1740 722 1812 Margarithae
754 1739 950 1798 dombrensis
980 1738 1064 1812 legat
1095 1737 1173 1796 duos
1205 1750 1302 1810 equos
1337 1735 1483 1792 meliores
1505 1732 1565 1790 sub

302 1845 388 1904 sella.
422 1845 482 1904 Pro
516 1845 629 1904 altaria
662 1862 700 1904 ss.
724 1845 856 1904 Cosmae
887 1857 917 1902 et
946 1844 1100 1915 Damiani‚
1132 1842 1216 1918 quod
1247 1842 1346 1900 altare
1374 1842 1405 1899 in
1434 1838 1565 1898 lectorio

301 1957 372 2010 ante
395 1952 525 2010 chorum
556 1953 693 2010 construi
723 1951 795 2010 fecit
823 1953 866 2010 ila
896 1951 1041 2026 disponit,
1071 1955 1106 2009 ut
1137 1965 1208 2008 casu
1243 1963 1305 2022 quo
1335 1963 1372 2005 ea
1402 1962 1440 2004 ex
1464 1944 1566 2016 Nagy·

303 2057 437 2117 Kemlek
459 2057 546 2135 juxta
576 2059 811 2134 dispositionem
841 2059 956 2117 factam
985 2063 1066 2115 stare
1101 2055 1251 2130 nequiret,
1280 2068 1339 2128 pro
1362 2067 1398 2110 ea
1421 2049 1566 2124 erigenda

301 2168 479 2223 executores
503 2163 576 2222 dent
590 2163 655 2223 flor.
674 2178 745 2233 500.
760 2195 804 2204 —
827 2163 972 2222 Ladislao
995 2165 1114 2222 sororio
1140 2177 1197 2220 suo
1212 2161 1278 2220 flor.
1298 2175 1389 2220 1000.
1413 2157 1566 2216 Praeben-

301 2269 397 2330 dariis
420 2269 793 2343 qninqueecclesiensibns
827 2268 1088 2328 confraternitatis
1118 2268 1249 2342 singulis
1280 2266 1367 2340 feriis
1396 2264 1512 2338 quintis
1534 2263 1566 2320 in

301 2375 463 2434 novilunio
486 2375 639 2433 celebrari
661 2375 771 2433 solitae
793 2375 876 2449 legat
899 2374 964 2433 flor.
991 2373 1029 2432 26
1041 2394 1049 2446 3
1079 2375 1148 2434 aliis
1172 2379 1259 2432 extra
1282 2370 1566 2431 confraternitatem

301 2476 600 2555 praebendariorum
630 2480 695 2540 flor.
721 2497 781 2556 24,
804 2487 838 2538 ut
862 2487 950 2539 orent
980 2495 1038 2556 pro
1070 2481 1147 2556 ipso.
1171 2480 1286 2538 Omnes
1309 2478 1419 2536 domos
1441 2491 1513 2533 suas
1536 2479 1566 2532 et

301 2586 545 2661 palatiaBudae
566 2586 682 2660 habita,
705 2587 788 2660 legat
804 2587 1033 2646 successoribus
1060 2586 1214 2661 episcopis
1236 2583 1489 2658 zagrabiensibns
1512 2581 1562 2652 ita,

300 2695 336 2750 nt
359 2693 500 2766 quolibet
524 2707 604 2751 anno
626 2708 685 2766 pro
708 2709 800 2751 censu
832 2692 968 2766 pendant
998 2693 1135 2768 capitulo
1158 2691 1223 2750 flor.
1250 2706 1298 2748 20.
1321 2685 1565 2763 incorporandos

300 2815 360 2873 pro
383 2799 617 2857 conservatione
641 2799 736 2857 trium
759 2801 924 2858 missarum
941 2800 972 2856 in
988 2797 1190 2872 dispositione
1205 2795 1338 2854 Kemlek
1354 2794 1565 2863 fundatarum,

301 2913 396 2979 prout
419 2905 531 2963 melius
553 2905 629 2978 ipsis
653 2905 819 2964 videbitur.
853 2905 1028 2964 Committit
1059 2905 1128 2962 fieri
1150 2919 1244 2962 unam
1268 2902 1397 2960 domum
1420 2915 1492 2958 cum
1514 2913 1566 2956 ne·

301 3011 441 3068 cessariis
465 3011 496 3068 iu
532 3009 650 3084 oppido
680 3011 831 3083 Dombro,
855 3013 887 3070 in
917 3011 986 3069 loco
1016 3012 1071 3069 ubi
1094 3008 1288 3068 commodius
1318 3009 1484 3080 videbitur,
1507 3019 1565 3079 pro

301 3115 438 3189 hospitio
461 3117 625 3174 viatorum.
650 3115 731 3174 Flor.
756 3129 827 3185 500.
851 3132 910 3191 pro
932 3117 1078 3191 exequiis,
1102 3117 1204 3174 missis
1226 3123 1280 3174 etc.
1304 3115 1345 3173 ad
1367 3115 1564 3187 trigesimum

301 3220 384 3278 diem
407 3220 475 3279 fieri
491 3221 599 3279 solitis.
624 3221 820 3294 Pauperibus
843 3223 1017 3296 virginibus
1030 3237 1088 3298 pro
1105 3222 1176 3280 dote
1195 3221 1260 3280 flor.
1279 3235 1350 3291 500.
1373 3220 1566 3293 Pauperibus

299 3326 512 3385 sacerdotibus
545 3327 613 3386 flor.
639 3340 710 3396 500.
734 3329 765 3386 in
789 3329 1018 3402 eleemosynam
1042 3344 1100 3403 pro
1123 3329 1226 3387 missis
1250 3325 1482 3386 distribuendos
1506 3339 1564 3398 pro

300 3434 404 3490 anima
417 3431 491 3508 ejus,
515 3432 648 3490 fratrum
662 3439 692 3491 et
705 3449 847 3491 sororum
869 3435 967 3508 ipsius
990 3451 1025 3492 ac
1040 3441 1213 3508 parentum,
1231 3449 1288 3508 pro
1311 3433 1441 3506 singulis
1463 3431 1566 3490 missis

301 3537 445 3597 denarios
464 3555 514 3598 ao.
539 3539 589 3596 Ad
613 3541 740 3597 missam
757 3541 930 3598 Eberhardi
953 3541 1091 3615 episcopi
1114 3541 1321 3614 zagrabiensis
1337 3539 1450 3597 melius
1470 3538 1565 3595 conii-

298 3644 454 3703 nuandam
477 3644 542 3704 flor.
568 3645 627 3716 80,
652 3661 709 3719 per
737 3652 916 3704 executores
939 3647 1084 3721 disponit,
1106 3653 1141 3705 ut
1164 3663 1234 3704 cum
1258 3646 1375 3704 eisdem
1398 3661 1472 3702 cura
1494 3659 1566 3701 cum

303 3750 505 3826 dispositione
528 3751 567 3808 de
590 3752 723 3810 Kemlek
746 3754 859 3810 melius
893 3755 1001 3827 peragi
1024 3755 1129 3828 possit.
1160 3753 1305 3810 Claustro
1327 3751 1520 3824 zagrabiensi
1543 3767 1565 3808 s.

301 3857 456 3915 Francisci
478 3857 546 3916 flor.
572 3871 632 3932 50,
655 3875 677 3916 s.
702 3858 821 3916 Nicolai
839 3859 1088 3917 praedicatorum
1106 3859 1273 3932 Zagrabiae
1289 3859 1354 3916 flor.
1378 3873 1437 3930 50.,
1463 3858 1564 3914 Pauli·

300 3979 413 4021 norum
436 3979 536 4038 prope
558 3963 744 4038 Zagrabiam
767 3964 833 4023 flor.
852 3979 910 4035 50.,
934 3968 1166 4024 chasmensibus
1189 3967 1403 4024 Dominicanis
1428 3981 1476 4033 50.
1501 3964 1565 4022 flor.

301 4069 528 4148 Hospitalibus·
551 4087 573 4128 s.
597 4071 746 4128 Anthonii
780 4075 810 4128 et
840 4087 862 4129 s.
886 4072 1047 4129 Elisabeth
1078 4072 1247 4144 Zagrabiae
1285 4085 1333 4140 25.
1357 4071 1422 4129 flor.
1446 4072 1563 4143 Paupe-

300 4176 389 4233 ribus
412 4176 545 4250 leprosis
567 4178 599 4234 in
633 4177 779 4250 hospitali
803 4193 825 4234 ε.
847 4178 929 4235 Petri
953 4179 981 4235 in
1006 4179 1158 4236 suburbio
1189 4179 1380 4251 zagrabiensi
1404 4185 1434 4235 et
1455 4178 1485 4235 in
1509 4178 1564 4234 ho·

301 4282 406 4356 spitali
430 4282 603 4340 chasmensi
624 4282 689 4340 flor.
716 4297 763 4351 25.
787 4284 973 4341 Monasterio
996 4283 1034 4342 de
1049 4285 1178 4358 Toplica
1202 4299 1260 4358 pro
1284 4283 1402 4341 fabrica
1425 4283 1565 4340 eiusdem

301 4387 366 4447 flor.
394 4404 463 4447 100.
486 4389 672 4448 Monasterio
697 4390 727 4447 in
752 4389 824 4447 Bela
846 4405 905 4464 pro
929 4390 1047 4447 fabrica
1069 4389 1209 4465 ejusdem
1231 4391 1296 4448 flor.
1324 4406 1393 4447 100.
1420 4389 1564 4446 Claustro

301 4494 502 4552 Paulinorum
526 4495 565 4552 ad
589 4495 758 4553 claustrum
783 4495 898 4554 Garich
920 4496 984 4556 flor.
1003 4511 1051 4566 50.
1075 4498 1125 4555 Ad
1142 4497 1293 4555 fabricam
1316 4498 1463 4554 ecclesiae
1486 4511 1565 4553 wes-

300 4601 477 4674 primiensis
499 4599 564 4659 flor.
591 4615 661 4658 100.
686 4601 832 4675 Capitulo
855 4604 1046 4675 zagrabiensi
1062 4603 1126 4661 flor.
1147 4617 1225 4674 150,
1240 4611 1273 4660 ut
1297 4609 1386 4660 orent
1409 4619 1467 4676 pro
1483 4603 1560 4676 ipso

301 4706 361 4765 Pro
384 4705 502 4764 fabrica
525 4707 708 4779 collegiatae
731 4724 752 4765 s.
776 4707 911 4782 Spiritus
934 4709 1086 4767 Chasmae
1109 4709 1174 4768 flor.
1203 4724 1283 4780 100„
1308 4711 1333 4766 si
1357 4708 1433 4782 quid
1456 4724 1567 4781 super-

302 4812 394 4871 fuerit
417 4813 448 4870 in
471 4814 683 4885 eleemosynas
705 4813 842 4886 deputat.
866 4815 977 4873 Omnia
1000 4821 1182 4874 testamenta
1205 4809 1346 4894 (excepta
1362 4815 1563 4888 dispositione

301 4917 340 4976 de
362 4911 506 4994 Kemlek)
529 4926 656 4976 revocat
679 4921 825 4976 hactenus
848 4936 905 4993 per
920 4936 992 4998 eum
1009 4919 1097 4992 facta,
1122 4935 1256 4994 quorum
1271 4935 1369 4978 unum
1392 4921 1565 4994 repositum

302 5031 348 5082 est
370 5025 401 5082 in
424 5025 553 5082 ecelesia
575 5025 767 5098 zagrabiensi
784 5071 789 5083 .
808 5069 815 5084 .
833 5071 861 5083 ..
886 5026 924 5083 de
947 5026 1062 5098 Ztreza,
1085 5029 1232 5086 canonico
1256 5027 1448 5100 zagrabiensi
1469 5026 1565 5084 teneri
