3804 5858
773 479 845 538 Dec.
863 475 940 554 380.
982 513 1006 522 -
1032 482 1088 536 Aa.
1115 491 1204 556 1495.

369 702 547 770 apparente.
571 695 605 753 ln
628 695 715 752 cuius
739 695 784 752 rei
808 695 1005 768 memoriam,
1028 693 1273 767 firmitatemque
1296 697 1488 768 perpetuam,
1513 705 1642 766 presen-

370 803 454 860 tibus
478 799 618 874 sigillum
655 805 797 858 nostrum
829 799 975 857 duximus
999 799 1248 874 appendendum.
1271 799 1387 856 Datum
1411 797 1566 856 sedecimo
1590 796 1644 854 die

370 908 432 967 diei
455 906 695 966 introduccionis
718 913 749 965 et
771 907 951 964 statucionis
974 907 1193 980 predictarum.
1211 908 1301 964 Anno
1325 905 1444 963 domini
1461 903 1635 962 millesimo

372 1013 677 1087 quadringentesimo
706 1013 907 1088 nonagesimo
941 1013 1058 1086 quinto,
1082 1012 1270 1087 supradicto.
1294 1005 1408 1090 (Salvis
1432 1001 1566 1086 juribus)
1581 1024 1643 1066 no·

370 1119 441 1178 stris
465 1125 495 1177 et
530 1119 599 1178 aliis
630 1120 833 1193 proventibus
855 1119 947 1178 nobis
971 1127 1000 1177 et
1030 1119 1160 1177 ecclesie
1183 1123 1287 1177 nostre
1319 1116 1430 1174 exinde
1453 1116 1643 1190 provenien·

370 1226 462 1283 tibus.
485 1225 602 1284 Datum
625 1233 784 1298 utsupra.

477 1360 612 1425 Originale
638 1361 666 1410 in
694 1361 849 1419 membrana,
876 1360 952 1410 valde
971 1376 1084 1412 exesum.
1105 1362 1174 1410 Zona
1199 1360 1296 1410 sericea
1314 1358 1393 1408 rubra
1411 1363 1438 1408 et
1456 1355 1571 1408 violacea
1589 1371 1639 1420 ap·

371 1450 468 1516 pendet
487 1449 585 1514 absque
604 1448 699 1513 sigillo.
720 1451 752 1498 In
770 1449 838 1499 arch.
858 1448 903 1501 lib.
923 1464 976 1513 reg.
995 1449 1064 1500 civit.
1083 1448 1185 1514 zagrnb.

978 1659 1070 1726 380.

479 1785 559 1833 Anno
581 1795 656 1850 1495,
677 1783 883 1868 6.'septembris.
905 1783 1054 1848 Zagrablae.

363 1909 518 1986 Johanncs
546 1911 696 1981 Cominus,
721 1910 878 1970 Slavoniae
900 1919 949 1972 etc.
980 1910 1050 1982 dux,
1073 1918 1218 1986 pennasu
1242 1911 1404 1970 libertatum
1435 1910 1642 1968 narratoribus

369 1993 486 2092 ragrcb.
510 2017 654 2092 datarum,
685 2019 829 2093 praecipit
859 2018 988 2076 omnibus
1022 2018 1171 2092 nobilibus,
1194 2019 1247 2092 qui
1277 2017 1388 2076 tributa
1418 2023 1521 2088 tenem‘,
1552 2034 1589 2074 ne
1619 2035 1642 2071 a

594 2124 797 2182 mercatoribus
819 2125 936 2198 ragrab.
956 2131 1013 2198 pro
1035 2141 1124 2183 merce
1146 2125 1283 2182 tributum
1306 2131 1417 2198 cogant.

472 2269 629 2352 Johannes
652 2269 814 2344 Coruinus,
837 2270 987 2344 Oppauie,
1013 2270 1267 2344 Lipptbouieque
1282 2269 1355 2342 dux,
1378 2283 1496 2328 necnon
1527 2280 1640 2338 regno-

367 2391 439 2434 rum
454 2375 623 2447 Dalmacie‚
639 2376 766 2436 Croacle
789 2385 818 2436 et
841 2375 1003 2436 Sclauonie
1026 2377 1123 2436 banus
1146 2382 1202 2436 etc.
1226 2377 1364 2450 Egregiis
1385 2373 1519 2458 Jobanni
1541 2371 1639 2444 Gyvv·

372 2483 424 2554 lay
458 2488 489 2539 et
511 2481 668 2542 Bernardo
701 2482 739 2540 de
762 2482 912 2541 Thwrocr
936 2483 1093 2544 vicebanis
1116 2483 1229 2542 nostris
1251 2483 1349 2557 ipsius
1378 2482 1466 2554 regni
1489 2477 1638 2538 Slauonie

372 2603 408 2646 ac
432 2589 584 2647 universis
615 2593 645 2646 et
676 2589 806 2662 singulis
841 2589 1001 2647 nobilibus
1024 2599 1055 2646 et
1076 2590 1205 2648 alterius
1228 2589 1364 2646 cuiusvis
1387 2594 1486 2646 status
1509 2591 1540 2644 et
1562 2599 1622 2642 con

368 2693 497 2752 dicionis
514 2695 746 2768 possessionatis
763 2695 942 2754 hominibus
958 2695 1063 2754 ubivis
1079 2711 1135 2769 per
1158 2709 1254 2768 regna
1278 2695 1448 2767 Hungarie,
1462 2691 1636 2762 Dalmacie,

366 2799 493 2860 Croacie
528 2805 558 2858 et
581 2798 726 2860 Slauonie
748 2801 865 2860 tributa
881 2801 1077 2872 habentibus,
1091 2801 1265 2860 tenentibus
1287 2807 1318 2860 et
1340 2799 1537 2874 exigentibus
1560 2812 1634 2871 pre-

368 2911 468 2964 sentes
500 2907 621 2977 visuris,
655 2908 787 2969 salutem
823 2911 853 2966 et
886 2912 1024 2965 nostram
1057 2907 1313 2966 benivolenciam.
1352 2905 1516 2975 Noveritis,
1548 2901 1636 2977 quod

367 3013 540 3072 constitutis
552 3013 643 3072 nobis
667 3013 698 3072 in
720 3013 845 3072 civitate
868 3018 973 3071 nostra
996 3013 1110 3072 montis
1127 3013 1299 3086 Grecensis,
1322 3011 1490 3086 prudentes
1513 3015 1544 3068 et
1576 3011 1638 3068 cir·

367 3119 536 3192 cumspecti
559 3118 661 3190 iudex,
684 3116 784 3195 jurati,
807 3120 961 3192 ceterique
984 3119 1067 3180 cives
1089 3125 1119 3176 et
1135 3119 1235 3178 incole
1258 3119 1356 3192 ipsius
1380 3118 1514 3177 civitatis
1548 3131 1637 3174 mon·

367 3225 406 3284 tis
430 3225 576 3283 Grecensi
598 3225 804 3284 exhibuerunt
827 3231 857 3282 et
879 3231 1133 3299 presentaverunt
1155 3231 1259 3283 nostra
1291 3227 1323 3282 iu
1354 3224 1513 3298 presencia
1542 3236 1637 3296 quas·

371 3331 443 3390 dam
467 3331 556 3390 binas
576 3332 708 3403 litteras,
724 3345 818 3390 unam
841 3331 988 3391 videlicet
1010 3332 1197 3390 serenissimi
1221 3331 1370 3404 principis
1392 3337 1423 3388 et
1438 3329 1556 3388 domini
1578 3342 1635 3385 no·

368 3439 432 3509 stri,
456 3437 575 3496 domini
609 3436 777 3495 Wladislai
812 3437 861 3494 dei
896 3437 1001 3509 gracia
1038 3437 1204 3510 Hungarie,
1240 3436 1450 3510 Bohemieque
1472 3441 1527 3496 etc.
1550 3435 1636 3508 regis

367 3561 461 3620 super
483 3558 592 3602 eorum
615 3543 813 3604 libertatibus
836 3551 867 3601 ct
894 3543 1100 3616 prerogativis
1123 3543 1370 3614 confirmacione,
1394 3557 1513 3602 necnon
1536 3541 1635 3600 aliam

366 3649 630 3720 adiudicatoriam,
647 3656 787 3723 ternpore
810 3648 908 3708 felicis
930 3649 1155 3708 recordacionis
1179 3649 1310 3708 condam
1332 3649 1521 3708 serenissimi
1542 3647 1631 3721 prin·

367 3755 443 3829 cipis
479 3756 597 3814 domini
629 3757 744 3814 Mathie
779 3755 935 3815 dictorum
965 3771 1134 3829 regnorum
1168 3757 1258 3829 regis,
1293 3756 1500 3830 progenitoris
1535 3754 1634 3812 nostri

368 3862 527 3934 carissimi,
550 3863 581 3921 in
605 3861 686 3920 facto
721 3863 930 3935 exempcionis
954 3863 1141 3922 tributorum
1165 3861 1320 3921 coniectas
1343 3868 1374 3920 et
1396 3865 1562 3932 emanatas,
1595 3875 1635 3918 ex

371 3968 485 4041 quibus
508 3968 591 4026 clare
613 3967 714 4026 edocti
737 3983 853 4040 sumus,
876 3969 960 4041 ipsos
983 3969 1066 4026 cives
1089 3975 1119 4026 et
1141 3968 1258 4026 incolas
1282 3968 1363 4027 dicte
1387 3968 1521 4028 civitatis
1544 3981 1633 4026 mon-

370 4074 410 4131 tis
432 4072 594 4132 Grecensis
618 4073 743 4146 antiqua
766 4089 875 4132 eorum
891 4074 1035 4134 libertate
1057 4075 1240 4148 requirente,
1264 4091 1321 4148 per
1344 4075 1462 4148 regiam
1486 4074 1632 4132 maiesta-

370 4185 441 4250 tem,
462 4186 494 4236 ut
524 4178 689 4254 prefertur,
713 4179 902 4249 confirmata,
938 4181 978 4238 ab
1002 4181 1087 4240 omni
1104 4181 1261 4240 solucione
1278 4181 1474 4242 tributorum
1496 4180 1634 4240 ubilibet

371 4285 451 4344 intra
493 4285 647 4344 ambitum
686 4285 895 4359 predictorum
936 4303 1106 4359 regnorum
1141 4302 1226 4348 sacre
1261 4302 1374 4346 corone
1422 4287 1634 4348 subiectorum

368 4399 529 4467 exemptos
562 4390 629 4450 iore
663 4397 692 4449 et
727 4397 934 4466 supportatus,
968 4391 1217 4468 judicialiterque
1254 4393 1349 4453 fuisse
1383 4394 1633 4469 pronunciatum,

371 4499 550 4557 huiusmodi
581 4497 734 4558 libertatis
765 4499 964 4572 prerogativa
988 4499 1102 4558 debere
1125 4499 1249 4558 eosdem
1274 4501 1356 4560 cives
1379 4507 1410 4560 et
1432 4500 1548 4559 incolas
1571 4499 1634 4560 frui

371 4610 401 4664 et
419 4605 515 4679 potiri
555 4605 635 4664 Cum
665 4609 770 4663 autem
799 4621 854 4664 nos
879 4605 1006 4664 eosdem
1037 4607 1120 4665 cives
1143 4611 1174 4665 et
1195 4608 1313 4666 incolas
1336 4609 1369 4668 in
1393 4609 1460 4683 ipsa
1484 4607 1632 4668 libertate

370 4713 457 4771 iuxta
488 4711 739 4772 commissionem
777 4713 862 4786 regie
885 4713 1054 4774 maiestatis
1076 4712 1211 4772 velimus
1246 4728 1312 4772 esse
1335 4718 1419 4774 tutos
1442 4720 1473 4772 et
1495 4729 1631 4786 securos,

369 4818 466 4890 igitur
488 4818 579 4876 vobis
602 4823 632 4876 et
663 4823 803 4878 vestrum
839 4819 967 4878 cuilibet
1002 4821 1115 4878 harum
1143 4818 1221 4876 serie
1243 4817 1375 4878 firmiter
1407 4821 1632 4881 committimus

369 4929 522 5000 quatenus
555 4922 669 4982 amodo
707 4923 853 4999 deinceps
880 4923 1017 5000 prefatos
1047 4921 1191 5001 judicem,
1213 4922 1342 5001 juratos,
1385 4929 1475 4998 cives,
1515 4927 1632 4987 incolas
