3930 5802
430 516 489 585 ¹²78
850 517 1074 592 Doc.127.-
1099 519 1270 595 An.1439.

426 727 566 787 eiusdem
600 729 722 788 comitis
757 731 893 789 Mathius
928 733 1054 790 veniens
1088 734 1282 807 presenciam
1313 734 1433 793 litteras
1455 739 1575 792 vestras
1597 750 1692 810 super

425 834 494 909 ipsa
516 837 700 894 evocacione
723 836 808 895 dicto
833 838 961 896 domino
983 839 1050 913 regi
1073 840 1326 914 rescripcionales
1358 839 1459 899 eidem
1493 841 1600 899 comiti
1630 842 1694 898 Ma·

424 941 507 999 thius
530 947 743 1016 presentasset.
773 943 808 1000 In
832 945 948 1017 quibus
970 946 1038 1020 ipse
1062 961 1117 1020 per
1139 946 1324 1004 Michaelem
1347 945 1386 1003 de
1409 947 1551 1020 Kysgora
1573 947 1693 1020 regium

424 1061 460 1104 ac
483 1046 652 1106 discretum
675 1049 778 1106 virum
800 1049 953 1133 Jacobum
977 1051 1064 1109 chori
1087 1051 1168 1109 dicte
1191 1052 1318 1110 ecclesie
1349 1057 1452 1110 vestre
1483 1053 1693 1126 presbiterum

424 1157 573 1225 vestrum,
608 1153 757 1226 homines,
792 1153 869 1213 feria
905 1157 1013 1231 quinta
1048 1157 1193 1230 proxima
1225 1163 1299 1232 post
1334 1157 1449 1215 festum
1472 1156 1694 1232 Concepcionis

423 1259 554 1332 virginis
588 1260 724 1332 gloriose
757 1261 790 1318 in
823 1261 906 1320 dicto
943 1277 1024 1321 anno
1055 1263 1174 1321 domini
1195 1263 1367 1322 millesimo
1388 1263 1693 1336 quadringentesimo

427 1364 583 1424 tricesimo
606 1372 727 1439 quarto,
760 1369 954 1442 preteritum,
988 1368 1126 1444 prefatos
1161 1367 1362 1444 Stephanum,
1397 1368 1500 1427 filium
1524 1369 1691 1442 Michaelis,

424 1469 617 1543 Mlchaelcm‚
652 1472 755 1530 filium
790 1471 971 1546 Sebastiam,
1007 1476 1200 1534 Anthonium
1223 1475 1375 1548 italicum,
1410 1473 1563 1533 Briccium
1595 1476 1692 1559 Dom-

423 1576 578 1648 breusem,
612 1577 741 1636 Petrum
775 1579 969 1653 Hungarum,
1005 1580 1177 1655 Georgium
1211 1585 1373 1653 sartorem,
1406 1580 1579 1653 Nicolaum,
1614 1582 1691 1639 alias

422 1679 549 1757 judices,
572 1695 690 1742 necnon
705 1685 877 1743 Fabianum
892 1685 1075 1758 litteratum,
1091 1687 1208 1760 Friche‚
1225 1687 1373 1759 Blasium,
1390 1686 1493 1745 filium
1509 1687 1690 1759 Vythezyeh

423 1801 460 1845 ac
482 1788 562 1846 alios
579 1786 705 1864 juratos,
728 1791 811 1850 cives
834 1797 864 1850 et
886 1794 1025 1867 hospites
1047 1809 1084 1851 ac
1106 1798 1204 1852 totam
1228 1794 1485 1851 communitatem
1505 1792 1586 1851 dicte
1616 1793 1691 1850 civi·

423 1895 495 1953 tatis
529 1897 644 1954 montis
677 1896 840 1957 Grecensis
874 1899 906 1956 in
941 1899 1051 1958 eadem
1085 1901 1211 1958 civitate
1233 1900 1348 1957 montis
1370 1898 1533 1958 Grecensis
1557 1897 1596 1956 ad
1620 1915 1691 1973 pre·

424 2000 519 2058 missa
553 2009 660 2061 contra
693 2009 875 2062 annotatum
909 2005 1083 2080 capitulum
1118 2006 1247 2063 ecclesie
1281 2005 1491 2078 zagrabiensis
1520 2003 1560 2062 ad
1592 2005 1690 2062 dictas

423 2111 549 2165 octavas
584 2107 655 2167 testi
688 2110 934 2185 Epiphaniarum
968 2111 1089 2170 domini
1121 2113 1241 2186 regiam
1275 2113 1307 2170 in
1329 2112 1523 2186 presenciam
1544 2115 1689 2169 evocatos

423 2211 490 2271 fore
512 2216 713 2289 comperisset
749 2218 880 2288 seriose;
915 2217 955 2276 ad
977 2216 1183 2292 quasquidem
1206 2222 1332 2276 octavas
1363 2217 1433 2276 testi
1462 2217 1547 2274 beati
1577 2217 1687 2301 Jacobi

422 2320 557 2393 apostoli
580 2320 695 2394 prefati
716 2322 748 2380 in
771 2338 896 2381 causam
919 2323 1043 2382 attracti
1064 2339 1122 2397 per
1143 2328 1324 2382 annotatum
1347 2328 1584 2398 procuratorem
1615 2322 1689 2380 dicti

422 2425 552 2498 capituli
575 2427 606 2485 in
629 2443 761 2502 persona
784 2429 925 2488 eiusdem
942 2430 1085 2503 congruis
1101 2429 1212 2488 diebus
1227 2430 1367 2503 ipsarum
1384 2435 1566 2487 octavarum
1582 2443 1689 2487 coram

421 2530 491 2603 ipso
515 2533 628 2590 comite
650 2535 785 2592 Mathius
808 2538 971 2609 expectati,
995 2535 1133 2597 eiusdem
1156 2535 1189 2594 in
1219 2537 1412 2609 presenciam
1444 2550 1505 2593 non
1535 2535 1690 2594 venissent

421 2653 521 2710 neque
543 2639 707 2714 misissent,
730 2657 763 2700 se
786 2643 996 2701 mediantibus
1024 2643 1095 2702 aliis
1129 2644 1241 2701 litteris
1272 2644 1370 2717 ipsius
1401 2643 1524 2701 comitis
1554 2642 1689 2700 Mathius

419 2739 618 2818 judicialibus
633 2747 744 2805 exinde
765 2748 912 2806 contectis
927 2750 959 2806 in
974 2747 1090 2824 judicio
1112 2750 1276 2822 aggravari
1292 2749 1514 2822 permittentes,
1528 2747 1689 2822 postulans

420 2849 560 2923 prefatus
593 2861 780 2926 procurator
814 2853 889 2912 dicti
924 2855 1053 2928 capituli
1088 2854 1189 2912 eidem
1213 2871 1251 2912 ex
1274 2861 1363 2928 parte
1385 2860 1634 2912 memoratorum
1656 2855 1688 2912 in

421 2971 545 3016 causam
569 2963 773 3018 attractorum
796 2977 854 3034 per
876 2960 1009 3018 eundem
1033 2962 1180 3018 comitem
1203 2961 1337 3018 Mathius
1360 2962 1393 3018 in
1422 2960 1582 3034 premissis
1611 2957 1688 3035 juris

421 3065 587 3136 equitatem
623 3067 786 3141 impertiri.
822 3069 860 3126 Et
891 3069 963 3141 quia
997 3068 1093 3127 iidem
1123 3069 1155 3126 in
1178 3084 1303 3126 causam
1327 3069 1449 3126 attracti
1471 3067 1512 3126 ad
1535 3068 1688 3141 premissa

419 3168 487 3226 vice
509 3171 651 3229 terciaria
674 3171 825 3231 evocandi
847 3173 914 3231 fore
936 3174 997 3231 visi
1019 3172 1158 3247 fuissent,
1181 3188 1240 3248 pro
1263 3189 1300 3232 eo
1323 3173 1407 3232 idem
1428 3189 1532 3232 comes
1552 3173 1687 3231 Mathius

419 3281 557 3333 vestram
579 3278 754 3336 amiciciam
776 3279 959 3337 litteratorie
982 3280 1142 3353 petivisset
1169 3279 1343 3353 diligenter,
1373 3284 1524 3353 quatenus
1547 3283 1687 3336 vestrum

419 3381 582 3440 mitteretis
605 3383 764 3442 hominem
788 3400 847 3458 pro
870 3386 1047 3443 testimonio
1067 3384 1130 3442 fide
1153 3384 1291 3458 dignum,
1324 3401 1386 3459 quo
1419 3389 1561 3459 presente
1591 3385 1686 3442 homo

391 3487 522 3560 ,regius
556 3488 637 3547 intra
671 3489 884 3562 declarandus,
908 3497 1097 3550 memoratos
1133 3491 1345 3566 Stephanum,
1380 3491 1483 3549 filium
1518 3489 1685 3562 Michaelis,

419 3593 612 3667 Michaelern,
635 3595 739 3652 filium
773 3595 955 3669 Sebastiani,
990 3599 1182 3656 Anthonium
1217 3598 1369 3670 Italicum,
1404 3596 1559 3656 Briccium
1588 3596 1685 3654 Dom-

418 3699 571 3772 brensem,
594 3701 722 3759 Petrum
745 3703 937 3775 Hungarum,
962 3703 1134 3777 Georgium
1165 3709 1317 3763 sartorem
1340 3709 1371 3761 et
1401 3703 1574 3774 Nicolaum,
1608 3701 1685 3759 alias

416 3802 543 3881 judices,
566 3823 685 3866 necnon
700 3809 872 3867 Fabianum
887 3809 1067 3882 litteratum,
1084 3811 1202 3882 Friche‚
1218 3809 1365 3881 Blasium,
1382 3809 1485 3866 filium
1501 3808 1684 3881 Vythezych

417 3925 454 3970 ac
476 3913 555 3970 alios
571 3911 697 3989 juratos,
723 3916 815 3987 cives,
839 3916 977 3989 hospites
1001 3922 1031 3974 et
1053 3921 1150 3974 totam
1175 3916 1429 3974 communitatem
1452 3914 1532 3972 dicte
1548 3915 1681 3972 civitatis

416 4019 531 4076 montis
555 4018 717 4078 Grecensis
740 4023 771 4079 in
793 4023 953 4095 premissis
977 4023 1209 4097 perhemptorie
1232 4037 1443 4096 responsuros,
1466 4021 1683 4094 racionemque

416 4123 575 4184 efficacem
598 4126 774 4185 reddituros
796 4143 832 4186 ac
856 4128 894 4186 de
913 4126 1028 4204 judicio
1052 4129 1162 4202 viginti
1185 4127 1317 4186 duarum
1342 4143 1519 4186 marcarum
1534 4123 1631 4202 judici
1653 4130 1683 4184 et

415 4232 497 4306 parti
519 4232 649 4290 adverse
679 4233 890 4292 satisfacturos
921 4241 1027 4294 contra
1059 4239 1240 4293 annotatum
1273 4233 1447 4308 capitulum
1477 4232 1605 4290 ecclesie
1634 4247 1681 4290 za·

415 4337 590 4410 grabiensis
626 4339 665 4396 ad
699 4345 824 4398 octavas
859 4340 928 4399 festi
954 4342 1035 4400 beati
1057 4340 1217 4398 Michaelis
1239 4339 1417 4412 archangeli
1439 4342 1512 4396 tanc
1534 4343 1680 4396 venturas

413 4444 532 4517 regiam
557 4451 700 4503 evocaret
722 4445 754 4504 in
776 4448 985 4521 presenciam;
1008 4451 1038 4505 et
1061 4452 1133 4521 post
1154 4447 1211 4505 hec
1234 4446 1332 4520 ipsius
1355 4445 1547 4503 evocacionis
1569 4443 1681 4502 seriem

414 4567 486 4609 cum
506 4551 686 4609 nominibus
709 4558 911 4612 evocatorum
932 4553 971 4611 ad
995 4552 1119 4612 easdem
1138 4557 1263 4610 octavas
1280 4551 1363 4609 dicto
1379 4550 1509 4608 domino
1523 4549 1590 4622 regi
1604 4547 1680 4606 fide-

413 4657 486 4715 liter
520 4658 740 4717 rescriberetis.
774 4659 914 4718 Tandem
945 4661 1021 4734 ipsis
1057 4659 1176 4716 octavis
1210 4658 1395 4715 instantibus
1417 4655 1558 4730 prefatus
1580 4653 1680 4712 Lado-

413 4763 529 4821 merius
553 4763 591 4821 de
615 4763 792 4823 Adamolch
815 4781 874 4839 pro
897 4771 1041 4824 annotato
1065 4764 1203 4839 capitulo
1227 4763 1355 4822 ecclesie
1379 4761 1586 4836 zagrabiensis
1609 4775 1680 4819 cum

412 4871 634 4942 procuratoriis
658 4871 770 4929 litteris
793 4871 932 4930 eiusdem
954 4873 986 4930 in
1009 4872 1107 4946 ipsius
1138 4870 1260 4929 comitis
1291 4870 1426 4928 Mathius
1455 4869 1581 4928 veniens
1608 4883 1680 4942 pre·

411 4976 555 5048 senciam,
590 4977 710 5036 litteras
744 4984 863 5037 vestras
897 4994 992 5053 super
1024 4979 1094 5053 ipsa
1128 4977 1312 5036 evocacione
1346 4975 1429 5034 dieto
1464 4975 1591 5035 domino
1613 4975 1680 5048 regi
