3828 5822
787 482 861 546 Dec.
884 484 956 546 281.
977 520 1018 530 -
1040 487 1098 546 An.
1122 499 1210 564 1472.

956 698 1038 765 281.

471 844 552 892 Anno
574 854 649 906 1472,
668 841 692 894 6.
713 841 874 906 septembris.
893 841 1044 905 Zagrabiae.

372 967 480 1028 Omnes
501 969 664 1026 invasiones
693 967 730 1024 ab
751 941 911 1026 hominibus
940 943 1065 1025 Osoaldi
1083 969 1211 1042 episcopi,
1230 969 1404 1043 capintlique
1424 965 1628 1042 nograbiensis

364 1075 395 1132 t'n
418 1076 643 1133 communitatem
665 1075 790 1132 civitatis
812 1076 927 1149 eiusque
942 1076 1136 1148 possessiones
1151 1076 1262 1150 factae,
1285 1075 1467 1150 inquisitione
1496 1092 1517 1130 a
1537 1074 1619 1132 comi-

680 1188 743 1239 tatu
766 1181 951 1255 nagrabiensi
971 1182 1112 1252 mstz'frsta,
1135 1181 1315 1256 ratocfiunt.

470 1325 534 1383 Nos
556 1325 704 1384 Nicolaus
727 1325 767 1383 de
797 1325 934 1397 Dumbo‚
957 1325 1112 1409 Johannes
1135 1323 1174 1382 de
1197 1319 1299 1394 B'erth,
1323 1329 1353 1382 et
1375 1322 1538 1382 ladislaus
1560 1323 1630 1381 Roh

364 1430 403 1489 de
425 1431 564 1489 Derchee
587 1431 723 1503 comites,
747 1446 783 1488 ac
806 1429 923 1507 judices
946 1431 1101 1488 nobilium
1125 1430 1290 1488 comitatus
1319 1429 1535 1502 zagrabiensis
1564 1429 1628 1486 Me·

363 1536 463 1594 morie
485 1535 748 1606 commendamus,
767 1535 858 1610 -quod
881 1551 953 1622 cum
976 1551 1032 1594 nos
1055 1535 1094 1592 ad
1112 1537 1277 1594 instantem
1293 1535 1478 1611 peticionem
1494 1535 1627 1593 circum·

363 1647 541 1717 specterum
571 1631 704 1716 judicis,
727 1641 911 1718 juratorum,
935 1649 1171 1715 ceterorumque
1201 1641 1318 1700 civium
1349 1641 1483 1699 civitatis
1514 1642 1632 1699 moritis

364 1748 525 1806 Grecensis
555 1747 593 1806 de
616 1749 701 1806 iuxta
724 1747 918 1820 Zagrabiam‚
942 1748 1172 1808 Martinumde
1195 1746 1370 1806 Schithario
1392 1751 1422 1805 et
1434 1747 1567 1805 Paulum
1589 1747 1630 1805 de

363 1843 544 1928 Nezpesya,¹
564 1853 641 1912 duos
673 1869 711 1911 ex
741 1855 841 1924 nobis,
872 1854 990 1912 scilicet
1020 1852 1139 1929 judices
1168 1853 1335 1924 nobilium,
1366 1853 1406 1910 ad
1429 1852 1634 1928 infrascripta·

364 1961 539 2033 peragenda
562 1960 601 2018 de
623 1959 696 2018 sede
717 1967 822 2018 nostra
844 1954 1005 2036 judiciaria
1028 1959 1181 2032 legittime
1215 1959 1470 2029 destinassemus;
1504 1960 1633 2018 tandem·

363 2063 457 2123 iidem
486 2065 596 2124 exinde
628 2066 667 2123 ad
694 2081 750 2128 nos
782 2067 908 2138 reversi,
931 2066 1021 2124 nobis
1045 2065 1239 2124 concorditer
1261 2065 1434 2124 retulerunt
1457 2081 1494 2124 eo
1517 2065 1630 2137 modo}

363 2171 520 2244 quomodo
551 2172 611 2246 ipsi
645 2172 685 2228 ab
720 2173 874 2243 omnibus,
909 2172 1023 2244 quibus
1058 2171 1209 2230 decuisset
1241 2177 1272 2229 et
1302 2172 1439 2229 licuisset
1468 2172 1576 2246 palam
1599 2179 1632 2229 et

362 2267 483 2334 occulte
505 2276 671 2350 diligenter
691 2271 884 2350 inquirendo,
908 2278 1005 2335 talem
1029 2277 1068 2335 de
1090 2277 1296 2352 infrascriptis
1319 2277 1515 2336 rescivissent
1539 2277 1628 2336 certi-

363 2382 477 2441 tudinis
498 2384 677 2443 veritatem:
710 2384 795 2457 quod
825 2399 897 2441 cum
929 2385 1010 2442 circa
1033 2384 1147 2442 festum
1170 2384 1265 2441 beate.
1283 2385 1477 2456 Margarethe
1500 2385 1632 2456 virginis

362 2493 392 2546 et
414 2490 559 2562 martiris,
582 2491 725 2564 proxime
756 2485 948 2564 preteritum,
979 2491 1095 2564 egregii
1130 2491 1238 2548 Petrus
1275 2489 1314 2548 de
1351 2488 1474 2562 Bykzad
1504 2495 1534 2547 et
1563 2487 1629 2547 ste

361 2595 482 2668 phanis
505 2595 659 2668 Bykchele
680 2597 718 2655 de
740 2596 909 2668 Zelnawar‚
940 2612 976 2654 ac
1008 2594 1137 2670 quidam
1161 2595 1296 2655 concivis
1320 2597 1416 2670 ipsius
1440 2596 1573 2654 civitatis
1595 2597 1628 2654 in

361 2701 474 2759 balneo
495 2691 634 2761 eiusdem
656 2705 686 2762 in
711 2705 863 2762 suburbio
883 2719 977 2777 supra
1002 2711 1128 2777 pontem
1151 2704 1264 2775 Pyzani
1287 2709 1370 2762 mozt
1385 2709 1532 2760 vocatum
1555 2717 1632 2760 cone

360 2807 459 2866 stituti
481 2807 617 2881 fuissent,
641 2815 714 2868 tunc
736 2810 855 2890 egregii
876 2810 1032 2893 Johannes
1056 2810 1094 2867 de
1114 2810 1219 2882 Brinta,
1244 2809 1375 2868 Mathias'
1406 2809 1480 2867 Olaz
1504 2817 1534 2867 et
1567 2809 1627 2868 Ge·

360 2903 466 2986 drgius
488 2914 617 2988 Zubalo‚
640 2917 799 2990 capetanei
821 2917 964 2990 gencium
987 2911 1222 2974 exercitualiTum
1252 2913 1414 2974 reverendi
1436 2916 1468 2973 in
1502 2914 1626 2974 Christo

360 3011 468 3093 patris,
498 3009 616 3080 domini
644 3013 783 3093 Osvaldi,
815 3023 953 3096 episcopi
975 3023 1103 3080 ecclesie
1126 3021 1342 3094 zagrabiensis,
1365 3037 1403 3078 ex
1425 3036 1574 3080 consensu
1597 3028 1630 3080 et

359 3117 520 3185 voluntate
542 3128 680 3186 eiusdem
704 3128 823 3188 domini
845 3129 992 3203 episcopi,
1017 3128 1135 3186 domini
1157 3128 1274 3186 scilicet
1297 3129 1446 3202 ipsorum,
1471 3143 1531 3186 una
1554 3145 1626 3187 cum

361 3248 455 3305 quam
478 3233 626 3306 pluribus
656 3235 799 3308 gentibus
830 3235 970 3293 eiusdem
993 3235 1121 3292 armatis
1143 3241 1175 3292 et
1198 3235 1395 3308 potenciariis
1416 3235 1561 3292 manibus
1583 3234 1625 3292 ad

360 3339 478 3398 dictum
501 3330 649 3399 balneum
670 3341 751 3400 dicte
774 3343 908 3399 civitatis
932 3342 1091 3413 irruentes,
1122 3341 1229 3414 ibique
1252 3339 1409 3414 prefatum
1433 3339 1626 3415 Stephanum

359 3445 512 3518 Bykckele
535 3447 611 3506 diris
630 3449 809 3532 ¹verberum
832 3457 862 3505 et
885 3449 1053 3505 vulnerum
1076 3449 1178 3522 plagis
1201 3447 1383 3518 affecissent,
1407 3445 1626 3521 prefatumque

359 3552 487 3611 Petrum
521 3553 559 3611 de
589 3553 710 3627 Bygzad
743 3559 878 3628 captum,
911 3555 1090 3628 turpissime
1123 3554 1255 3626 ligatum
1287 3569 1344 3627 per
1374 3554 1548 3627 capitulum
1570 3553 1631 3611 du·.

358 3663 470 3731 centes,
494 3661 664 3734 captivitati
690 3661 830 3734 ipsorum
863 3661 1098 3734 mancipassent,
1129 3660 1366 3734 antelatumque
1394 3661 1497 3717 civem
1526 3661 1625 3734 ipsius

358 3765 504 3824 civitatis
521 3767 607 3824 omni
640 3767 706 3825 sine
736 3767 829 3840 culpa
864 3768 895 3824 in
929 3761 1046 3824 terram
1069 3763 1302 3840 prosternendo,
1326 3767 1495 3824 enormiter
1514 3767 1625 3824 verbe·

357 3878 484 3942 fussent,
506 3874 694 3932 semivivum
725 3875 943 3946 relinquentes,
975 3889 1031 3946 per
1059 3873 1119 3931 hoc
1148 3873 1327 3930 libertatem
1363 3873 1459 3946 ipsius
1492 3872 1625 3930 civitatis

358 3979 478 4051 ffranga
509 3979 702 4054 appellatam
736 3985 879 4054 tempore
907 3979 1116 4038 nundinarum
1147 3995 1201 4037 seu
1231 3978 1291 4036 fori
1322 3979 1464 4038 annualis
1487 3980 1519 4036 in
1541 3978 1633 4036 dicto:

356 4084 436 4143 festo
458 4086 547 4143 beate
563 4071 757 4158 Margarethe
774 4086 902 4158 virginis
918 4085 1048 4158 singulis
1064 4082 1151 4143 annis
1174 4085 1325 4142 celebrari
1341 4085 1506 4142 solitarum
1520 4083 1623 4142 eidem

357 4192 475 4250 civitati
496 4207 514 4250 a
538 4191 619 4249 divis
642 4193 769 4266 regibus
793 4192 908 4264 datam,
930 4193 1064 4249 colatam
1090 4197 1120 4249 et
1142 4206 1320 4250 concessam
1351 4189 1572 4264 confregissent
1594 4196 1624 4248 et

357 4298 532 4356 violassent.
564 4298 706 4356 Preterea
737 4298 877 4372 prefatus
909 4298 1052 4356 dominus
1075 4299 1239 4372 episcopus
1262 4298 1470 4370 zagrabiensis
1494 4296 1544 4355 die
1567 4297 1621 4355 do·

357 4395 472 4463 minico
494 4405 639 4480 proximo
662 4411 733 4479 post
756 4405 870 4464 festum
893 4405 932 4462 ad
956 4399 1081 4462 vincula
1105 4401 1188 4462 beati
1212 4403 1294 4462 Petri
1318 4403 1461 4478 apostoli,
1478 4401 1622 4461 similiter

356 4503 506 4586 proxime·
534 4511 726 4586 preteritum,
763 4513 865 4570 missis
896 4517 926 4569 et
959 4511 1117 4569 destinatis
1140 4511 1319 4569 hominibus
1348 4515 1378 4568 et
1401 4509 1618 4580 familiaribus,

355 4617 544 4692 populisque
567 4625 597 4676 et
619 4616 840 4693 jobagionibus
872 4620 904 4676 in
934 4617 1100 4676 Wrbowcz
1132 4624 1162 4675 et
1192 4615 1342 4674 Rakonok
1373 4615 1620 4690 possessionibus

356 4731 386 4783 et
409 4739 516 4782 earum
539 4725 736 4798 pertinenciis
760 4725 1034 4796 commorantibus,
1058 4729 1088 4782 et
1111 4723 1280 4798 provinciis
1303 4729 1368 4780 tam
1390 4721 1621 4795 episcopalibus

356 4830 419 4889 suis
442 4831 589 4905 propriis,
613 4847 708 4904 quam
731 4832 828 4890 eciam
851 4830 891 4888 ad
914 4837 1049 4889 castrum
1081 4829 1201 4888 Medwe
1224 4829 1435 4902 spectantibus
1465 4833 1496 4884 et
1527 4826 1622 4900 perti·

357 4937 500 4996 uentibus
523 4937 629 4996 valida
652 4953 724 5010 cum
747 4937 891 5013 potencia
914 4943 1034 5010 armata
1056 4937 1096 5008 ad
1120 4936 1328 5012 possessiones
1345 4949 1400 4994 seu
1415 4934 1509 4993 villas
1520 4933 1622 5008 ipsius
