<?xml version="1.0" encoding="UTF-8"?>
<!DOCTYPE html PUBLIC "-//W3C//DTD XHTML 1.0 Transitional//EN"
    "http://www.w3.org/TR/xhtml1/DTD/xhtml1-transitional.dtd">
<html xmlns="http://www.w3.org/1999/xhtml" xml:lang="en" lang="en">
 <head>
  <title>
</title>
<meta http-equiv="Content-Type" content="text/html;charset=utf-8" />
  <meta name='ocr-system' content='tesseract 3.04.00' />
  <meta name='ocr-capabilities' content='ocr_page ocr_carea ocr_par ocr_line ocrx_word'/>
</head>
<body>
  <div class='ocr_page' id='page_1' title='image "./monumentahistor20laszgoog_0623.png"; bbox 0 0 3828 5822; ppageno 0'>
   <div class='ocr_carea' id='block_1_1' title="bbox 345 567 1209 647">
    <p class='ocr_par' dir='ltr' id='par_1_1' title="bbox 345 567 1209 647">
     <span class='ocr_line' id='line_1_1' title="bbox 345 567 1209 647; baseline -0.008 -16"><span class='ocrx_word' id='word_1_1' title='bbox 345 572 407 647; x_wconf 81' lang='lat'>366</span> <span class='ocrx_word' id='word_1_2' title='bbox 780 569 856 627; x_wconf 86' lang='lat' dir='ltr'>Doc.</span> <span class='ocrx_word' id='word_1_3' title='bbox 882 577 951 644; x_wconf 81' lang='lat'><em>297.</em></span> <span class='ocrx_word' id='word_1_4' title='bbox 975 600 1018 610; x_wconf 97' lang='lat'>—</span> <span class='ocrx_word' id='word_1_5' title='bbox 1041 567 1096 626; x_wconf 85' lang='lat' dir='ltr'>An.</span> <span class='ocrx_word' id='word_1_6' title='bbox 1122 576 1209 645; x_wconf 75' lang='lat'><em>1475.</em></span> 
     </span>
    </p>
   </div>
   <div class='ocr_carea' id='block_1_2' title="bbox 342 781 1668 1710">
    <p class='ocr_par' dir='ltr' id='par_1_2' title="bbox 342 781 1668 1710">
     <span class='ocr_line' id='line_1_2' title="bbox 343 781 1609 862; baseline -0.006 -16"><span class='ocrx_word' id='word_1_7' title='bbox 343 786 517 862; x_wconf 89' lang='lat' dir='ltr'>capitulum</span> <span class='ocrx_word' id='word_1_8' title='bbox 547 785 722 860; x_wconf 89' lang='lat' dir='ltr'>predictum</span> <span class='ocrx_word' id='word_1_9' title='bbox 751 785 827 843; x_wconf 90' lang='lat' dir='ltr'>illac</span> <span class='ocrx_word' id='word_1_10' title='bbox 857 783 1013 855; x_wconf 85' lang='lat' dir='ltr'>vocandis,</span> <span class='ocrx_word' id='word_1_11' title='bbox 1044 784 1076 841; x_wconf 93' lang='lat' dir='ltr'>in</span> <span class='ocrx_word' id='word_1_12' title='bbox 1098 798 1160 842; x_wconf 91' lang='lat' dir='ltr'>uno</span> <span class='ocrx_word' id='word_1_13' title='bbox 1182 786 1268 842; x_wconf 89' lang='lat' dir='ltr'>certo</span> <span class='ocrx_word' id='word_1_14' title='bbox 1291 788 1322 841; x_wconf 87' lang='lat' dir='ltr'>et</span> <span class='ocrx_word' id='word_1_15' title='bbox 1352 781 1445 840; x_wconf 82' lang='lat' dir='ltr'>brevi</span> <span class='ocrx_word' id='word_1_16' title='bbox 1476 783 1609 840; x_wconf 87' lang='lat' dir='ltr'>termino</span> 
     </span>
     <span class='ocr_line' id='line_1_3' title="bbox 342 888 1610 969; baseline -0.005 -17"><span class='ocrx_word' id='word_1_17' title='bbox 342 907 480 969; x_wconf 79' lang='lat' dir='ltr'>perros</span> <span class='ocrx_word' id='word_1_18' title='bbox 509 893 652 968; x_wconf 91' lang='lat' dir='ltr'>partibus</span> <span class='ocrx_word' id='word_1_19' title='bbox 687 891 763 965; x_wconf 91' lang='lat' dir='ltr'>ipsis</span> <span class='ocrx_word' id='word_1_20' title='bbox 786 889 976 965; x_wconf 85' lang='lat' dir='ltr'>prefigendo,</span> <span class='ocrx_word' id='word_1_21' title='bbox 999 894 1085 948; x_wconf 88' lang='lat' dir='ltr'>recto</span> <span class='ocrx_word' id='word_1_22' title='bbox 1107 889 1215 948; x_wconf 86' lang='lat' dir='ltr'>ordine</span> <span class='ocrx_word' id='word_1_23' title='bbox 1238 888 1456 963; x_wconf 87' lang='lat' dir='ltr'>conspiciendo</span> <span class='ocrx_word' id='word_1_24' title='bbox 1479 892 1510 946; x_wconf 91' lang='lat' dir='ltr'>et</span> <span class='ocrx_word' id='word_1_25' title='bbox 1539 903 1610 946; x_wconf 91' lang='lat' dir='ltr'>con·</span> 
     </span>
     <span class='ocr_line' id='line_1_4' title="bbox 343 993 1610 1070; baseline -0.005 -12"><span class='ocrx_word' id='word_1_26' title='bbox 343 997 508 1058; x_wconf 88' lang='lat' dir='ltr'>siderando</span> <span class='ocrx_word' id='word_1_27' title='bbox 538 997 723 1068; x_wconf 88' lang='lat' dir='ltr'>rectificetis‚</span> <span class='ocrx_word' id='word_1_28' title='bbox 747 1001 775 1054; x_wconf 92' lang='lat' dir='ltr'>et</span> <span class='ocrx_word' id='word_1_29' title='bbox 799 996 879 1054; x_wconf 89' lang='lat' dir='ltr'>inter</span> <span class='ocrx_word' id='word_1_30' title='bbox 902 1001 1005 1069; x_wconf 89' lang='lat' dir='ltr'>partes</span> <span class='ocrx_word' id='word_1_31' title='bbox 1029 995 1183 1070; x_wconf 86' lang='lat' dir='ltr'>predictas</span> <span class='ocrx_word' id='word_1_32' title='bbox 1206 994 1302 1054; x_wconf 75' lang='lat' dir='ltr'>talem</span> <span class='ocrx_word' id='word_1_33' title='bbox 1333 993 1454 1053; x_wconf 81' lang='lat' dir='ltr'>faciatis</span> <span class='ocrx_word' id='word_1_34' title='bbox 1477 993 1610 1069; x_wconf 83' lang='lat' dir='ltr'>disposi-</span> 
     </span>
     <span class='ocr_line' id='line_1_5' title="bbox 344 1097 1610 1180; baseline -0.006 -15"><span class='ocrx_word' id='word_1_35' title='bbox 344 1107 472 1176; x_wconf 84' lang='lat' dir='ltr'>cionem,</span> <span class='ocrx_word' id='word_1_36' title='bbox 504 1103 588 1180; x_wconf 90' lang='lat' dir='ltr'>quod</span> <span class='ocrx_word' id='word_1_37' title='bbox 618 1118 680 1162; x_wconf 91' lang='lat' dir='ltr'>non</span> <span class='ocrx_word' id='word_1_38' title='bbox 713 1104 754 1162; x_wconf 92' lang='lat' dir='ltr'>sit</span> <span class='ocrx_word' id='word_1_39' title='bbox 783 1118 863 1177; x_wconf 91' lang='lat' dir='ltr'>opus</span> <span class='ocrx_word' id='word_1_40' title='bbox 893 1103 1087 1176; x_wconf 89' lang='lat' dir='ltr'><strong>peramplius</strong></span> <span class='ocrx_word' id='word_1_41' title='bbox 1118 1101 1236 1160; x_wconf 87' lang='lat' dir='ltr'>dehac</span> <span class='ocrx_word' id='word_1_42' title='bbox 1266 1118 1301 1160; x_wconf 88' lang='lat' dir='ltr'>re</span> <span class='ocrx_word' id='word_1_43' title='bbox 1323 1109 1427 1160; x_wconf 86' lang='lat' dir='ltr'>nostre</span> <span class='ocrx_word' id='word_1_44' title='bbox 1451 1097 1610 1174; x_wconf 87' lang='lat' dir='ltr'>querulari</span> 
     </span>
     <span class='ocr_line' id='line_1_6' title="bbox 344 1189 1668 1282; baseline -0.004 -12"><span class='ocrx_word' id='word_1_45' title='bbox 344 1211 504 1270; x_wconf 85' lang='lat' dir='ltr'>maiestati.</span> <span class='ocrx_word' id='word_1_46' title='bbox 527 1209 621 1268; x_wconf 85' lang='lat' dir='ltr'>Secus</span> <span class='ocrx_word' id='word_1_47' title='bbox 644 1225 705 1268; x_wconf 90' lang='lat' dir='ltr'>non</span> <span class='ocrx_word' id='word_1_48' title='bbox 729 1209 847 1268; x_wconf 83' lang='lat' dir='ltr'>tacturi.</span> <span class='ocrx_word' id='word_1_49' title='bbox 864 1209 1061 1267; x_wconf 88' lang='lat' dir='ltr'>Presentibus</span> <span class='ocrx_word' id='word_1_50' title='bbox 1084 1208 1239 1282; x_wconf 86' lang='lat' dir='ltr'>perlectis,</span> <span class='ocrx_word' id='word_1_51' title='bbox 1263 1209 1421 1266; x_wconf 80' lang='lat' dir='ltr'>exhibenti</span> <span class='ocrx_word' id='word_1_52' title='bbox 1452 1206 1610 1266; x_wconf 86' lang='lat' dir='ltr'>restitutis.</span> <span class='ocrx_word' id='word_1_53' title='bbox 1662 1189 1668 1198; x_wconf 51' lang='lat'><strong>¹</strong></span> 
     </span>
     <span class='ocr_line' id='line_1_7' title="bbox 343 1314 1612 1390; baseline -0.004 -15"><span class='ocrx_word' id='word_1_54' title='bbox 343 1317 460 1375; x_wconf 88' lang='lat' dir='ltr'>Datum</span> <span class='ocrx_word' id='word_1_55' title='bbox 482 1317 568 1375; x_wconf 90' lang='lat' dir='ltr'>Bude</span> <span class='ocrx_word' id='word_1_56' title='bbox 602 1316 679 1374; x_wconf 83' lang='lat' dir='ltr'>teria</span> <span class='ocrx_word' id='word_1_57' title='bbox 710 1317 817 1390; x_wconf 91' lang='lat' dir='ltr'>quinta</span> <span class='ocrx_word' id='word_1_58' title='bbox 849 1316 993 1389; x_wconf 88' lang='lat' dir='ltr'>proxima</span> <span class='ocrx_word' id='word_1_59' title='bbox 1016 1321 1086 1373; x_wconf 91' lang='lat' dir='ltr'>ante</span> <span class='ocrx_word' id='word_1_60' title='bbox 1120 1314 1232 1373; x_wconf 86' lang='lat' dir='ltr'>testum</span> <span class='ocrx_word' id='word_1_61' title='bbox 1264 1315 1348 1374; x_wconf 90' lang='lat' dir='ltr'>beati</span> <span class='ocrx_word' id='word_1_62' title='bbox 1371 1315 1513 1374; x_wconf 88' lang='lat' dir='ltr'>Bamabe</span> <span class='ocrx_word' id='word_1_63' title='bbox 1536 1325 1612 1386; x_wconf 87' lang='lat' dir='ltr'>apo·</span> 
     </span>
     <span class='ocr_line' id='line_1_8' title="bbox 344 1420 1610 1497; baseline -0.003 -15"><span class='ocrx_word' id='word_1_64' title='bbox 344 1424 426 1482; x_wconf 86' lang='lat' dir='ltr'>stoli.</span> <span class='ocrx_word' id='word_1_65' title='bbox 451 1426 541 1482; x_wconf 89' lang='lat' dir='ltr'>Anno</span> <span class='ocrx_word' id='word_1_66' title='bbox 566 1423 685 1482; x_wconf 88' lang='lat' dir='ltr'>domini</span> <span class='ocrx_word' id='word_1_67' title='bbox 708 1422 878 1481; x_wconf 90' lang='lat' dir='ltr'>millesimo</span> <span class='ocrx_word' id='word_1_68' title='bbox 913 1420 1218 1496; x_wconf 79' lang='lat' dir='ltr'>quadringentesimo</span> <span class='ocrx_word' id='word_1_69' title='bbox 1241 1422 1469 1497; x_wconf 81' lang='lat' dir='ltr'>septuagesimo</span> <span class='ocrx_word' id='word_1_70' title='bbox 1493 1421 1610 1495; x_wconf 88' lang='lat' dir='ltr'>quinto.</span> 
     </span>
     <span class='ocr_line' id='line_1_9' title="bbox 344 1527 1612 1603; baseline -0.003 -15"><span class='ocrx_word' id='word_1_71' title='bbox 344 1531 526 1603; x_wconf 81' lang='lat' dir='ltr'>Regnorum</span> <span class='ocrx_word' id='word_1_72' title='bbox 561 1535 740 1588; x_wconf 91' lang='lat' dir='ltr'>nostrorum</span> <span class='ocrx_word' id='word_1_73' title='bbox 773 1543 853 1588; x_wconf 90' lang='lat' dir='ltr'>anno</span> <span class='ocrx_word' id='word_1_74' title='bbox 889 1528 1047 1602; x_wconf 84' lang='lat' dir='ltr'>Hungarie</span> <span class='ocrx_word' id='word_1_75' title='bbox 1078 1533 1134 1587; x_wconf 89' lang='lat' dir='ltr'>etc.</span> <span class='ocrx_word' id='word_1_76' title='bbox 1166 1527 1291 1586; x_wconf 90' lang='lat' dir='ltr'>decimo</span> <span class='ocrx_word' id='word_1_77' title='bbox 1310 1533 1430 1601; x_wconf 87' lang='lat' dir='ltr'>octavo,</span> <span class='ocrx_word' id='word_1_78' title='bbox 1464 1527 1612 1585; x_wconf 89' lang='lat' dir='ltr'>Bohemie</span> 
     </span>
     <span class='ocr_line' id='line_1_10' title="bbox 348 1637 590 1710; baseline 0 -16"><span class='ocrx_word' id='word_1_79' title='bbox 348 1651 426 1694; x_wconf 75' lang='lat' dir='ltr'>vero</span> <span class='ocrx_word' id='word_1_80' title='bbox 448 1637 590 1710; x_wconf 89' lang='lat' dir='ltr'>septimo.</span> 
     </span>
    </p>
   </div>
   <div class='ocr_carea' id='block_1_3' title="bbox 344 1821 1610 1978">
    <p class='ocr_par' dir='ltr' id='par_1_3' title="bbox 344 1821 1610 1978">
     <span class='ocr_line' id='line_1_11' title="bbox 451 1821 1610 1890; baseline 0 -16"><span class='ocrx_word' id='word_1_81' title='bbox 451 1823 584 1889; x_wconf 78' lang='lat' dir='ltr'>originale</span> <span class='ocrx_word' id='word_1_82' title='bbox 598 1824 625 1874; x_wconf 92' lang='lat' dir='ltr'>in</span> <span class='ocrx_word' id='word_1_83' title='bbox 643 1823 731 1874; x_wconf 72' lang='lat' dir='ltr'>charta</span> <span class='ocrx_word' id='word_1_84' title='bbox 766 1826 799 1873; x_wconf 95' lang='lat' dir='ltr'>In</span> <span class='ocrx_word' id='word_1_85' title='bbox 817 1824 932 1888; x_wconf 78' lang='lat' dir='ltr'>margine</span> <span class='ocrx_word' id='word_1_86' title='bbox 948 1823 1064 1873; x_wconf 82' lang='lat' dir='ltr'>inferiori</span> <span class='ocrx_word' id='word_1_87' title='bbox 1078 1824 1232 1890; x_wconf 86' lang='lat' dir='ltr'>impressum</span> <span class='ocrx_word' id='word_1_88' title='bbox 1256 1831 1296 1874; x_wconf 84' lang='lat' dir='ltr'>est</span> <span class='ocrx_word' id='word_1_89' title='bbox 1322 1823 1444 1889; x_wconf 82' lang='lat' dir='ltr'>sigilhim.</span> <span class='ocrx_word' id='word_1_90' title='bbox 1463 1825 1496 1872; x_wconf 88' lang='lat' dir='ltr'>In</span> <span class='ocrx_word' id='word_1_91' title='bbox 1514 1821 1610 1875; x_wconf 76' lang='lat' dir='ltr'>archiv.</span> 
     </span>
     <span class='ocr_line' id='line_1_12' title="bbox 344 1913 731 1978; baseline 0.008 -16"><span class='ocrx_word' id='word_1_92' title='bbox 344 1913 391 1966; x_wconf 84' lang='lat' dir='ltr'>lib.</span> <span class='ocrx_word' id='word_1_93' title='bbox 410 1929 463 1978; x_wconf 82' lang='lat' dir='ltr'>reg.</span> <span class='ocrx_word' id='word_1_94' title='bbox 482 1913 531 1968; x_wconf 85' lang='lat' dir='ltr'>civ.</span> <span class='ocrx_word' id='word_1_95' title='bbox 550 1913 731 1978; x_wconf 81' lang='lat' dir='ltr'>zagrabiensis.</span> 
     </span>
    </p>
   </div>
   <div class='ocr_carea' id='block_1_4' title="bbox 451 2197 1024 2402">
    <p class='ocr_par' dir='ltr' id='par_1_4' title="bbox 451 2197 1024 2402">
     <span class='ocr_line' id='line_1_13' title="bbox 936 2197 1024 2267; baseline 0.023 -4"><span class='ocrx_word' id='word_1_96' title='bbox 936 2197 1024 2267; x_wconf 78' lang='lat'><strong>29¹7.</strong></span> 
     </span>
     <span class='ocr_line' id='line_1_14' title="bbox 451 2337 908 2402; baseline 0.011 -17"><span class='ocrx_word' id='word_1_97' title='bbox 451 2337 532 2386; x_wconf 84' lang='lat' dir='ltr'>Aurio</span> <span class='ocrx_word' id='word_1_98' title='bbox 554 2348 629 2402; x_wconf 81' lang='lat'>1475,</span> <span class='ocrx_word' id='word_1_99' title='bbox 652 2349 691 2389; x_wconf 90' lang='lat'>11.</span> <span class='ocrx_word' id='word_1_100' title='bbox 708 2338 791 2402; x_wconf 88' lang='lat' dir='ltr'>Junii.</span> <span class='ocrx_word' id='word_1_101' title='bbox 810 2338 908 2390; x_wconf 87' lang='lat' dir='ltr'>Budae.</span> 
     </span>
    </p>
   </div>
   <div class='ocr_carea' id='block_1_5' title="bbox 345 2461 1613 2648">
    <p class='ocr_par' dir='ltr' id='par_1_5' title="bbox 345 2461 1613 2648">
     <span class='ocr_line' id='line_1_15' title="bbox 345 2461 1613 2540; baseline 0.003 -22"><span class='ocrx_word' id='word_1_102' title='bbox 345 2461 491 2533; x_wconf 77' lang='lat' dir='ltr'>Mathias,</span> <span class='ocrx_word' id='word_1_103' title='bbox 512 2463 693 2537; x_wconf 80' lang='lat' dir='ltr'>Hungariae</span> <span class='ocrx_word' id='word_1_104' title='bbox 715 2477 762 2522; x_wconf 83' lang='lat' dir='ltr'>etc.</span> <span class='ocrx_word' id='word_1_105' title='bbox 786 2483 848 2534; x_wconf 81' lang='lat' dir='ltr'>rex,</span> <span class='ocrx_word' id='word_1_106' title='bbox 879 2464 1020 2535; x_wconf 83' lang='lat' dir='ltr'>Osvaldo,</span> <span class='ocrx_word' id='word_1_107' title='bbox 1042 2465 1168 2540; x_wconf 79' lang='lat' dir='ltr'>epr&#39;scopo</span> <span class='ocrx_word' id='word_1_108' title='bbox 1189 2465 1318 2540; x_wconf 72' lang='lat' dir='ltr'>zagrab,</span> <span class='ocrx_word' id='word_1_109' title='bbox 1334 2465 1486 2540; x_wconf 77' lang='lat' dir='ltr'>praecipit,</span> <span class='ocrx_word' id='word_1_110' title='bbox 1498 2471 1613 2524; x_wconf 77' lang='lat' dir='ltr'>utcont-</span> 
     </span>
     <span class='ocr_line' id='line_1_16' title="bbox 505 2569 1464 2648; baseline 0.003 -20"><span class='ocrx_word' id='word_1_111' title='bbox 505 2569 643 2628; x_wconf 84' lang='lat' dir='ltr'>munitati</span> <span class='ocrx_word' id='word_1_112' title='bbox 661 2570 786 2628; x_wconf 80' lang='lat' dir='ltr'>civitatis</span> <span class='ocrx_word' id='word_1_113' title='bbox 807 2573 910 2628; x_wconf 83' lang='lat' dir='ltr'>montis</span> <span class='ocrx_word' id='word_1_114' title='bbox 939 2569 1090 2630; x_wconf 83' lang='lat' dir='ltr'>Grecensis</span> <span class='ocrx_word' id='word_1_115' title='bbox 1112 2579 1222 2648; x_wconf 81' lang='lat' dir='ltr'>ereptor</span> <span class='ocrx_word' id='word_1_116' title='bbox 1244 2590 1333 2648; x_wconf 71' lang='lat' dir='ltr'>agros</span> <span class='ocrx_word' id='word_1_117' title='bbox 1354 2571 1464 2632; x_wconf 81' lang='lat' dir='ltr'>reddat</span> 
     </span>
    </p>
   </div>
   <div class='ocr_carea' id='block_1_6' title="bbox 1089 2707 1541 2775">
    <p class='ocr_par' dir='ltr' id='par_1_6' title="bbox 1089 2707 1541 2775">
     <span class='ocr_line' id='line_1_17' title="bbox 1089 2707 1541 2775; baseline 0 -13"><span class='ocrx_word' id='word_1_118' title='bbox 1089 2711 1131 2762; x_wconf 85' lang='lat' dir='ltr'>De</span> <span class='ocrx_word' id='word_1_119' title='bbox 1149 2711 1329 2764; x_wconf 85' lang='lat' dir='ltr'>commissione</span> <span class='ocrx_word' id='word_1_120' title='bbox 1347 2711 1447 2762; x_wconf 81' lang='lat' dir='ltr'>domini</span> <span class='ocrx_word' id='word_1_121' title='bbox 1464 2707 1541 2775; x_wconf 77' lang='lat' dir='ltr'>regis.</span> 
     </span>
    </p>
   </div>
   <div class='ocr_carea' id='block_1_7' title="bbox 451 2821 1605 2898">
    <p class='ocr_par' dir='ltr' id='par_1_7' title="bbox 451 2821 1605 2898">
     <span class='ocr_line' id='line_1_18' title="bbox 451 2821 1605 2898; baseline 0.001 -20"><span class='ocrx_word' id='word_1_122' title='bbox 451 2821 583 2879; x_wconf 86' lang='lat' dir='ltr'>Mathias</span> <span class='ocrx_word' id='word_1_123' title='bbox 614 2822 664 2880; x_wconf 91' lang='lat' dir='ltr'>dei</span> <span class='ocrx_word' id='word_1_124' title='bbox 695 2823 798 2896; x_wconf 87' lang='lat' dir='ltr'>gracia</span> <span class='ocrx_word' id='word_1_125' title='bbox 828 2839 884 2882; x_wconf 85' lang='lat' dir='ltr'>rex</span> <span class='ocrx_word' id='word_1_126' title='bbox 913 2823 1081 2898; x_wconf 86' lang='lat' dir='ltr'>Hungarie,</span> <span class='ocrx_word' id='word_1_127' title='bbox 1111 2823 1258 2883; x_wconf 89' lang='lat' dir='ltr'>Bohemie</span> <span class='ocrx_word' id='word_1_128' title='bbox 1289 2829 1345 2883; x_wconf 91' lang='lat' dir='ltr'>etc.</span> <span class='ocrx_word' id='word_1_129' title='bbox 1375 2823 1476 2882; x_wconf 88' lang='lat' dir='ltr'>Fideli</span> <span class='ocrx_word' id='word_1_130' title='bbox 1498 2825 1605 2881; x_wconf 90' lang='lat' dir='ltr'>nostro</span> 
     </span>
    </p>
   </div>
   <div class='ocr_carea' id='block_1_8' title="bbox 347 2926 1619 4282">
    <p class='ocr_par' dir='ltr' id='par_1_8' title="bbox 347 2926 1619 4282">
     <span class='ocr_line' id='line_1_19' title="bbox 347 2926 1610 3004; baseline 0 -19"><span class='ocrx_word' id='word_1_131' title='bbox 347 2926 520 2986; x_wconf 88' lang='lat' dir='ltr'>reverendo</span> <span class='ocrx_word' id='word_1_132' title='bbox 542 2928 574 2985; x_wconf 90' lang='lat' dir='ltr'>in</span> <span class='ocrx_word' id='word_1_133' title='bbox 597 2927 721 2986; x_wconf 90' lang='lat' dir='ltr'>Christo</span> <span class='ocrx_word' id='word_1_134' title='bbox 744 2930 833 3003; x_wconf 89' lang='lat' dir='ltr'>patri,</span> <span class='ocrx_word' id='word_1_135' title='bbox 857 2928 984 2988; x_wconf 91' lang='lat' dir='ltr'>domino</span> <span class='ocrx_word' id='word_1_136' title='bbox 1006 2929 1142 2988; x_wconf 87' lang='lat' dir='ltr'>Osualdo</span> <span class='ocrx_word' id='word_1_137' title='bbox 1167 2932 1313 3004; x_wconf 84' lang='lat' dir='ltr'>episcopo</span> <span class='ocrx_word' id='word_1_138' title='bbox 1344 2929 1473 2989; x_wconf 83' lang='lat' dir='ltr'>ecclesie</span> <span class='ocrx_word' id='word_1_139' title='bbox 1503 2943 1610 3001; x_wconf 83' lang='lat' dir='ltr'>zagra-</span> 
     </span>
     <span class='ocr_line' id='line_1_20' title="bbox 348 3031 1608 3110; baseline 0.001 -20"><span class='ocrx_word' id='word_1_140' title='bbox 348 3033 472 3104; x_wconf 89' lang='lat' dir='ltr'>biensis,</span> <span class='ocrx_word' id='word_1_141' title='bbox 495 3031 630 3092; x_wconf 90' lang='lat' dir='ltr'>salutem</span> <span class='ocrx_word' id='word_1_142' title='bbox 652 3039 682 3092; x_wconf 89' lang='lat' dir='ltr'>et</span> <span class='ocrx_word' id='word_1_143' title='bbox 704 3036 848 3108; x_wconf 82' lang='lat' dir='ltr'>graciam.</span> <span class='ocrx_word' id='word_1_144' title='bbox 871 3035 1085 3094; x_wconf 83' lang='lat' dir='ltr'>Intelleximus</span> <span class='ocrx_word' id='word_1_145' title='bbox 1106 3052 1169 3096; x_wconf 90' lang='lat' dir='ltr'>non</span> <span class='ocrx_word' id='word_1_146' title='bbox 1191 3037 1257 3096; x_wconf 88' lang='lat' dir='ltr'>sine</span> <span class='ocrx_word' id='word_1_147' title='bbox 1271 3051 1384 3110; x_wconf 83' lang='lat' dir='ltr'>magna</span> <span class='ocrx_word' id='word_1_148' title='bbox 1399 3033 1495 3094; x_wconf 88' lang='lat' dir='ltr'>animi</span> <span class='ocrx_word' id='word_1_149' title='bbox 1509 3033 1608 3092; x_wconf 86' lang='lat' dir='ltr'>nostri</span> 
     </span>
     <span class='ocr_line' id='line_1_21' title="bbox 350 3137 1608 3218; baseline 0.002 -22"><span class='ocrx_word' id='word_1_150' title='bbox 350 3137 559 3212; x_wconf 86' lang='lat' dir='ltr'>displicencia,</span> <span class='ocrx_word' id='word_1_151' title='bbox 591 3140 749 3213; x_wconf 91' lang='lat' dir='ltr'>quomodo</span> <span class='ocrx_word' id='word_1_152' title='bbox 773 3157 828 3199; x_wconf 86' lang='lat' dir='ltr'>vos</span> <span class='ocrx_word' id='word_1_153' title='bbox 852 3143 1007 3216; x_wconf 88' lang='lat' dir='ltr'>preteritis</span> <span class='ocrx_word' id='word_1_154' title='bbox 1038 3145 1233 3218; x_wconf 85' lang='lat' dir='ltr'>temporibus</span> <span class='ocrx_word' id='word_1_155' title='bbox 1259 3142 1410 3218; x_wconf 90' lang='lat' dir='ltr'>quasdam</span> <span class='ocrx_word' id='word_1_156' title='bbox 1432 3147 1531 3200; x_wconf 87' lang='lat' dir='ltr'>terras</span> <span class='ocrx_word' id='word_1_157' title='bbox 1553 3153 1608 3199; x_wconf 89' lang='lat' dir='ltr'>seu</span> 
     </span>
     <span class='ocr_line' id='line_1_22' title="bbox 349 3243 1615 3319; baseline 0.002 -16"><span class='ocrx_word' id='word_1_158' title='bbox 349 3243 458 3319; x_wconf 88' lang='lat' dir='ltr'>predia</span> <span class='ocrx_word' id='word_1_159' title='bbox 480 3246 561 3304; x_wconf 90' lang='lat' dir='ltr'>intra</span> <span class='ocrx_word' id='word_1_160' title='bbox 582 3251 681 3306; x_wconf 91' lang='lat' dir='ltr'>metas</span> <span class='ocrx_word' id='word_1_161' title='bbox 712 3247 845 3306; x_wconf 83' lang='lat' dir='ltr'>civitatis</span> <span class='ocrx_word' id='word_1_162' title='bbox 876 3253 980 3308; x_wconf 86' lang='lat' dir='ltr'>nostre</span> <span class='ocrx_word' id='word_1_163' title='bbox 1010 3250 1125 3308; x_wconf 90' lang='lat' dir='ltr'>montis</span> <span class='ocrx_word' id='word_1_164' title='bbox 1155 3249 1317 3308; x_wconf 89' lang='lat' dir='ltr'>Grecensis</span> <span class='ocrx_word' id='word_1_165' title='bbox 1339 3249 1462 3307; x_wconf 89' lang='lat' dir='ltr'>habitas</span> <span class='ocrx_word' id='word_1_166' title='bbox 1485 3252 1517 3306; x_wconf 90' lang='lat' dir='ltr'>et</span> <span class='ocrx_word' id='word_1_167' title='bbox 1551 3246 1615 3305; x_wconf 87' lang='lat' dir='ltr'>exi·</span> 
     </span>
     <span class='ocr_line' id='line_1_23' title="bbox 349 3353 1613 3429; baseline 0.002 -19"><span class='ocrx_word' id='word_1_168' title='bbox 349 3357 462 3411; x_wconf 90' lang='lat' dir='ltr'>stentes</span> <span class='ocrx_word' id='word_1_169' title='bbox 485 3353 525 3411; x_wconf 93' lang='lat' dir='ltr'>ab</span> <span class='ocrx_word' id='word_1_170' title='bbox 542 3353 652 3412; x_wconf 90' lang='lat' dir='ltr'>eadem</span> <span class='ocrx_word' id='word_1_171' title='bbox 667 3355 792 3414; x_wconf 88' lang='lat' dir='ltr'>civitate</span> <span class='ocrx_word' id='word_1_172' title='bbox 815 3360 919 3413; x_wconf 90' lang='lat' dir='ltr'>nostra</span> <span class='ocrx_word' id='word_1_173' title='bbox 942 3356 1151 3429; x_wconf 89' lang='lat' dir='ltr'>occupassetis</span> <span class='ocrx_word' id='word_1_174' title='bbox 1171 3361 1202 3414; x_wconf 92' lang='lat' dir='ltr'>et</span> <span class='ocrx_word' id='word_1_175' title='bbox 1224 3361 1389 3429; x_wconf 87' lang='lat' dir='ltr'>occupatas</span> <span class='ocrx_word' id='word_1_176' title='bbox 1413 3353 1556 3412; x_wconf 90' lang='lat' dir='ltr'>teneretis</span> <span class='ocrx_word' id='word_1_177' title='bbox 1579 3353 1613 3411; x_wconf 89' lang='lat' dir='ltr'>in</span> 
     </span>
     <span class='ocr_line' id='line_1_24' title="bbox 349 3459 1611 3536; baseline 0.002 -20"><span class='ocrx_word' id='word_1_178' title='bbox 349 3473 498 3531; x_wconf 86' lang='lat' dir='ltr'>magnum</span> <span class='ocrx_word' id='word_1_179' title='bbox 521 3459 741 3519; x_wconf 86' lang='lat' dir='ltr'>detrimentum</span> <span class='ocrx_word' id='word_1_180' title='bbox 764 3465 794 3518; x_wconf 91' lang='lat' dir='ltr'>et</span> <span class='ocrx_word' id='word_1_181' title='bbox 817 3461 1045 3520; x_wconf 88' lang='lat' dir='ltr'>desolacionem</span> <span class='ocrx_word' id='word_1_182' title='bbox 1067 3463 1165 3536; x_wconf 91' lang='lat' dir='ltr'>ipsius</span> <span class='ocrx_word' id='word_1_183' title='bbox 1188 3462 1321 3520; x_wconf 89' lang='lat' dir='ltr'>civitatis</span> <span class='ocrx_word' id='word_1_184' title='bbox 1343 3466 1455 3520; x_wconf 88' lang='lat' dir='ltr'>nostre.</span> <span class='ocrx_word' id='word_1_185' title='bbox 1483 3461 1611 3518; x_wconf 86' lang='lat' dir='ltr'>Etcum</span> 
     </span>
     <span class='ocr_line' id='line_1_25' title="bbox 348 3567 1605 3642; baseline 0.003 -21"><span class='ocrx_word' id='word_1_186' title='bbox 348 3579 406 3622; x_wconf 90' lang='lat' dir='ltr'>nos</span> <span class='ocrx_word' id='word_1_187' title='bbox 427 3579 446 3621; x_wconf 88' lang='lat' dir='ltr'>a</span> <span class='ocrx_word' id='word_1_188' title='bbox 468 3567 591 3624; x_wconf 90' lang='lat' dir='ltr'>nemine</span> <span class='ocrx_word' id='word_1_189' title='bbox 613 3567 748 3626; x_wconf 84' lang='lat' dir='ltr'>velimus</span> <span class='ocrx_word' id='word_1_190' title='bbox 773 3568 839 3642; x_wconf 90' lang='lat' dir='ltr'>pati</span> <span class='ocrx_word' id='word_1_191' title='bbox 864 3568 944 3626; x_wconf 91' lang='lat' dir='ltr'>bona</span> <span class='ocrx_word' id='word_1_192' title='bbox 975 3573 1079 3627; x_wconf 86' lang='lat' dir='ltr'>nostra</span> <span class='ocrx_word' id='word_1_193' title='bbox 1109 3567 1227 3642; x_wconf 81' lang='lat' dir='ltr'>regalia</span> <span class='ocrx_word' id='word_1_194' title='bbox 1247 3567 1392 3642; x_wconf 89' lang='lat' dir='ltr'>usurpari</span> <span class='ocrx_word' id='word_1_195' title='bbox 1415 3568 1605 3641; x_wconf 88' lang='lat' dir='ltr'>permittere,</span> 
     </span>
     <span class='ocr_line' id='line_1_26' title="bbox 353 3670 1610 3749; baseline 0.002 -21"><span class='ocrx_word' id='word_1_196' title='bbox 353 3670 497 3730; x_wconf 90' lang='lat' dir='ltr'>fidelitati</span> <span class='ocrx_word' id='word_1_197' title='bbox 527 3673 624 3746; x_wconf 83' lang='lat' dir='ltr'>igitur</span> <span class='ocrx_word' id='word_1_198' title='bbox 646 3681 747 3732; x_wconf 86' lang='lat' dir='ltr'>vestre</span> <span class='ocrx_word' id='word_1_199' title='bbox 777 3675 887 3732; x_wconf 84' lang='lat' dir='ltr'>harum</span> <span class='ocrx_word' id='word_1_200' title='bbox 919 3675 997 3733; x_wconf 91' lang='lat' dir='ltr'>serie</span> <span class='ocrx_word' id='word_1_201' title='bbox 1026 3673 1159 3734; x_wconf 88' lang='lat' dir='ltr'>firmiter</span> <span class='ocrx_word' id='word_1_202' title='bbox 1189 3675 1393 3749; x_wconf 90' lang='lat' dir='ltr'>precipientes</span> <span class='ocrx_word' id='word_1_203' title='bbox 1416 3673 1610 3746; x_wconf 89' lang='lat' dir='ltr'>mandamus,</span> 
     </span>
     <span class='ocr_line' id='line_1_27' title="bbox 353 3779 1613 3855; baseline 0.004 -22"><span class='ocrx_word' id='word_1_204' title='bbox 353 3781 511 3850; x_wconf 90' lang='lat' dir='ltr'>quatenus,</span> <span class='ocrx_word' id='word_1_205' title='bbox 535 3780 667 3852; x_wconf 90' lang='lat' dir='ltr'>receptis</span> <span class='ocrx_word' id='word_1_206' title='bbox 690 3781 895 3852; x_wconf 90' lang='lat' dir='ltr'>presentibus,</span> <span class='ocrx_word' id='word_1_207' title='bbox 919 3779 1056 3855; x_wconf 86' lang='lat' dir='ltr'>prelatas</span> <span class='ocrx_word' id='word_1_208' title='bbox 1079 3788 1176 3840; x_wconf 86' lang='lat' dir='ltr'>terras</span> <span class='ocrx_word' id='word_1_209' title='bbox 1199 3785 1229 3839; x_wconf 91' lang='lat' dir='ltr'>et</span> <span class='ocrx_word' id='word_1_210' title='bbox 1252 3781 1360 3855; x_wconf 88' lang='lat' dir='ltr'>predia</span> <span class='ocrx_word' id='word_1_211' title='bbox 1383 3781 1424 3839; x_wconf 90' lang='lat' dir='ltr'>ab</span> <span class='ocrx_word' id='word_1_212' title='bbox 1447 3781 1515 3854; x_wconf 88' lang='lat' dir='ltr'>ipsa</span> <span class='ocrx_word' id='word_1_213' title='bbox 1539 3781 1613 3839; x_wconf 90' lang='lat' dir='ltr'>civi-</span> 
     </span>
     <span class='ocr_line' id='line_1_28' title="bbox 353 3886 1611 3962; baseline 0.003 -22"><span class='ocrx_word' id='word_1_214' title='bbox 353 3888 415 3941; x_wconf 91' lang='lat' dir='ltr'>tate</span> <span class='ocrx_word' id='word_1_215' title='bbox 438 3889 543 3942; x_wconf 89' lang='lat' dir='ltr'>nostra</span> <span class='ocrx_word' id='word_1_216' title='bbox 566 3901 623 3958; x_wconf 90' lang='lat' dir='ltr'>per</span> <span class='ocrx_word' id='word_1_217' title='bbox 646 3901 702 3943; x_wconf 90' lang='lat' dir='ltr'>vos</span> <span class='ocrx_word' id='word_1_218' title='bbox 725 3892 891 3960; x_wconf 90' lang='lat' dir='ltr'>occupatas</span> <span class='ocrx_word' id='word_1_219' title='bbox 910 3891 941 3945; x_wconf 87' lang='lat' dir='ltr'>et</span> <span class='ocrx_word' id='word_1_220' title='bbox 962 3894 1127 3962; x_wconf 87' lang='lat' dir='ltr'>usurpatas</span> <span class='ocrx_word' id='word_1_221' title='bbox 1149 3888 1307 3947; x_wconf 85' lang='lat' dir='ltr'>remittere</span> <span class='ocrx_word' id='word_1_222' title='bbox 1330 3892 1360 3946; x_wconf 91' lang='lat' dir='ltr'>et</span> <span class='ocrx_word' id='word_1_223' title='bbox 1380 3887 1537 3960; x_wconf 86' lang='lat' dir='ltr'>resignare</span> <span class='ocrx_word' id='word_1_224' title='bbox 1560 3886 1611 3944; x_wconf 90' lang='lat' dir='ltr'>de·</span> 
     </span>
     <span class='ocr_line' id='line_1_29' title="bbox 356 3989 1615 4067; baseline 0.003 -21"><span class='ocrx_word' id='word_1_225' title='bbox 356 3989 453 4047; x_wconf 85' lang='lat' dir='ltr'>beatis</span> <span class='ocrx_word' id='word_1_226' title='bbox 477 3995 506 4048; x_wconf 90' lang='lat' dir='ltr'>et</span> <span class='ocrx_word' id='word_1_227' title='bbox 537 3992 665 4049; x_wconf 88' lang='lat' dir='ltr'>teneatis</span> <span class='ocrx_word' id='word_1_228' title='bbox 689 3996 718 4050; x_wconf 91' lang='lat' dir='ltr'>et</span> <span class='ocrx_word' id='word_1_229' title='bbox 741 4007 828 4050; x_wconf 89' lang='lat' dir='ltr'>secus</span> <span class='ocrx_word' id='word_1_230' title='bbox 851 3993 954 4066; x_wconf 86' lang='lat' dir='ltr'>gracie</span> <span class='ocrx_word' id='word_1_231' title='bbox 976 3999 1081 4054; x_wconf 90' lang='lat' dir='ltr'>nostre</span> <span class='ocrx_word' id='word_1_232' title='bbox 1104 3995 1162 4052; x_wconf 90' lang='lat' dir='ltr'>sub</span> <span class='ocrx_word' id='word_1_233' title='bbox 1185 3995 1314 4053; x_wconf 88' lang='lat' dir='ltr'>obtentu</span> <span class='ocrx_word' id='word_1_234' title='bbox 1338 3993 1440 4054; x_wconf 84' lang='lat' dir='ltr'>facere</span> <span class='ocrx_word' id='word_1_235' title='bbox 1461 4007 1523 4052; x_wconf 91' lang='lat' dir='ltr'>non</span> <span class='ocrx_word' id='word_1_236' title='bbox 1546 4007 1615 4067; x_wconf 89' lang='lat' dir='ltr'>pre·</span> 
     </span>
     <span class='ocr_line' id='line_1_30' title="bbox 353 4097 1619 4173; baseline 0.004 -20"><span class='ocrx_word' id='word_1_237' title='bbox 353 4097 490 4155; x_wconf 88' lang='lat' dir='ltr'>sumatis.</span> <span class='ocrx_word' id='word_1_238' title='bbox 512 4097 710 4156; x_wconf 90' lang='lat' dir='ltr'>Presentibus</span> <span class='ocrx_word' id='word_1_239' title='bbox 726 4099 881 4173; x_wconf 89' lang='lat' dir='ltr'>perlectis,</span> <span class='ocrx_word' id='word_1_240' title='bbox 898 4101 1054 4159; x_wconf 84' lang='lat' dir='ltr'>exhibenti</span> <span class='ocrx_word' id='word_1_241' title='bbox 1071 4101 1227 4159; x_wconf 88' lang='lat' dir='ltr'>restitutis.</span> <span class='ocrx_word' id='word_1_242' title='bbox 1244 4101 1360 4159; x_wconf 89' lang='lat' dir='ltr'>Datum</span> <span class='ocrx_word' id='word_1_243' title='bbox 1384 4099 1468 4158; x_wconf 90' lang='lat' dir='ltr'>Bude</span> <span class='ocrx_word' id='word_1_244' title='bbox 1493 4101 1524 4159; x_wconf 90' lang='lat' dir='ltr'>in</span> <span class='ocrx_word' id='word_1_245' title='bbox 1541 4099 1619 4158; x_wconf 86' lang='lat' dir='ltr'>testo</span> 
     </span>
     <span class='ocr_line' id='line_1_31' title="bbox 353 4198 1618 4282; baseline 0.006 -24"><span class='ocrx_word' id='word_1_246' title='bbox 353 4201 434 4260; x_wconf 89' lang='lat' dir='ltr'>beati</span> <span class='ocrx_word' id='word_1_247' title='bbox 457 4202 599 4262; x_wconf 86' lang='lat' dir='ltr'>Barnabe</span> <span class='ocrx_word' id='word_1_248' title='bbox 622 4206 765 4278; x_wconf 88' lang='lat' dir='ltr'>apostoli.</span> <span class='ocrx_word' id='word_1_249' title='bbox 789 4198 881 4264; x_wconf 92' lang='lat' dir='ltr'>Anno</span> <span class='ocrx_word' id='word_1_250' title='bbox 898 4205 1016 4282; x_wconf 88' lang='lat' dir='ltr'>domini</span> <span class='ocrx_word' id='word_1_251' title='bbox 1041 4207 1211 4266; x_wconf 90' lang='lat' dir='ltr'>millesimo</span> <span class='ocrx_word' id='word_1_252' title='bbox 1227 4206 1532 4281; x_wconf 82' lang='lat' dir='ltr'>quadringentesimo</span> <span class='ocrx_word' id='word_1_253' title='bbox 1549 4223 1618 4282; x_wconf 88' lang='lat' dir='ltr'>sep·</span> 
     </span>
    </p>
   </div>
   <div class='ocr_carea' id='block_1_9' title="bbox 350 4308 1614 4493">
    <p class='ocr_par' dir='ltr' id='par_1_9' title="bbox 350 4308 1614 4493">
     <span class='ocr_line' id='line_1_32' title="bbox 350 4308 1614 4388; baseline 0.005 -23"><span class='ocrx_word' id='word_1_254' title='bbox 350 4308 522 4380; x_wconf 81' lang='lat' dir='ltr'>tuagesimo</span> <span class='ocrx_word' id='word_1_255' title='bbox 553 4311 670 4384; x_wconf 87' lang='lat' dir='ltr'>quinto.</span> <span class='ocrx_word' id='word_1_256' title='bbox 705 4311 885 4385; x_wconf 83' lang='lat' dir='ltr'>Regnorum</span> <span class='ocrx_word' id='word_1_257' title='bbox 914 4319 1093 4372; x_wconf 89' lang='lat' dir='ltr'>nostrorum</span> <span class='ocrx_word' id='word_1_258' title='bbox 1124 4327 1203 4373; x_wconf 88' lang='lat' dir='ltr'>anno</span> <span class='ocrx_word' id='word_1_259' title='bbox 1233 4313 1392 4388; x_wconf 85' lang='lat' dir='ltr'>Hungarie</span> <span class='ocrx_word' id='word_1_260' title='bbox 1414 4319 1469 4372; x_wconf 89' lang='lat' dir='ltr'>etc.</span> <span class='ocrx_word' id='word_1_261' title='bbox 1494 4313 1614 4372; x_wconf 90' lang='lat' dir='ltr'>decimo</span> 
     </span>
     <span class='ocr_line' id='line_1_33' title="bbox 350 4413 904 4493; baseline 0.009 -21"><span class='ocrx_word' id='word_1_262' title='bbox 350 4420 471 4487; x_wconf 87' lang='lat' dir='ltr'>octavo,</span> <span class='ocrx_word' id='word_1_263' title='bbox 494 4413 641 4474; x_wconf 89' lang='lat' dir='ltr'>Bohemie</span> <span class='ocrx_word' id='word_1_264' title='bbox 663 4431 739 4476; x_wconf 88' lang='lat' dir='ltr'>vero</span> <span class='ocrx_word' id='word_1_265' title='bbox 762 4418 904 4493; x_wconf 90' lang='lat' dir='ltr'>septimo.</span> 
     </span>
    </p>
   </div>
   <div class='ocr_carea' id='block_1_10' title="bbox 352 4603 1619 4759">
    <p class='ocr_par' dir='ltr' id='par_1_10' title="bbox 352 4603 1619 4759">
     <span class='ocr_line' id='line_1_34' title="bbox 455 4603 1619 4675; baseline 0.008 -22"><span class='ocrx_word' id='word_1_266' title='bbox 455 4603 591 4669; x_wconf 75' lang='lat' dir='ltr'>originale</span> <span class='ocrx_word' id='word_1_267' title='bbox 607 4604 636 4654; x_wconf 91' lang='lat' dir='ltr'>in</span> <span class='ocrx_word' id='word_1_268' title='bbox 654 4603 750 4656; x_wconf 74' lang='lat' dir='ltr'>chnrta.</span> <span class='ocrx_word' id='word_1_269' title='bbox 778 4607 811 4656; x_wconf 83' lang='lat' dir='ltr'>In</span> <span class='ocrx_word' id='word_1_270' title='bbox 830 4607 945 4672; x_wconf 83' lang='lat' dir='ltr'>margine</span> <span class='ocrx_word' id='word_1_271' title='bbox 963 4606 1079 4658; x_wconf 78' lang='lat' dir='ltr'>interiori</span> <span class='ocrx_word' id='word_1_272' title='bbox 1105 4609 1259 4675; x_wconf 80' lang='lat' dir='ltr'>impressum</span> <span class='ocrx_word' id='word_1_273' title='bbox 1277 4615 1316 4660; x_wconf 83' lang='lat' dir='ltr'>est</span> <span class='ocrx_word' id='word_1_274' title='bbox 1336 4609 1459 4675; x_wconf 76' lang='lat' dir='ltr'>sigilium.</span> <span class='ocrx_word' id='word_1_275' title='bbox 1479 4613 1511 4662; x_wconf 87' lang='lat' dir='ltr'>In</span> <span class='ocrx_word' id='word_1_276' title='bbox 1529 4609 1619 4662; x_wconf 76' lang='lat' dir='ltr'>archiv</span> 
     </span>
     <span class='ocr_line' id='line_1_35' title="bbox 352 4685 1428 4759; baseline 0.008 -19"><span class='ocrx_word' id='word_1_277' title='bbox 352 4689 397 4743; x_wconf 90' lang='lat' dir='ltr'>lib.</span> <span class='ocrx_word' id='word_1_278' title='bbox 417 4709 470 4759; x_wconf 80' lang='lat' dir='ltr'>reg.</span> <span class='ocrx_word' id='word_1_279' title='bbox 489 4693 559 4746; x_wconf 88' lang='lat' dir='ltr'>civit.</span> <span class='ocrx_word' id='word_1_280' title='bbox 579 4694 680 4759; x_wconf 72' lang='lat' dir='ltr'>mgreb,</span> <span class='ocrx_word' id='word_1_281' title='bbox 1426 4685 1428 4691; x_wconf 17' lang='grc' dir='ltr'><em>Α</em></span> 
     </span>
    </p>
   </div>
   <div class='ocr_carea' id='block_1_11' title="bbox 0 0 1927 5812">
    <p class='ocr_par' dir='ltr' id='par_1_11' title="bbox 0 0 1927 5812">
     <span class='ocr_line' id='line_1_36' title="bbox 0 0 1927 5812; baseline 0 0"><span class='ocrx_word' id='word_1_282' title='bbox 0 0 1927 5812; x_wconf 95' lang='lat' dir='ltr'> </span> 
     </span>
    </p>
   </div>
   <div class='ocr_carea' id='block_1_12' title="bbox 1913 3345 1916 3893">
    <p class='ocr_par' dir='ltr' id='par_1_12' title="bbox 1913 3345 1916 3893">
     <span class='ocr_line' id='line_1_37' title="bbox 1913 3345 1916 3893; baseline 0 0"><span class='ocrx_word' id='word_1_283' title='bbox 1913 3345 1916 3893; x_wconf 95' lang='lat' dir='ltr'> </span> 
     </span>
    </p>
   </div>
  </div>
 </body>
</html>
