3948 5804
386 561 424 618 ss
806 545 878 601 Doc.
903 557 953 620 42.
980 575 1017 586 -
1044 541 1100 602 An.
1125 554 1212 618 1425.

385 762 458 820 bani
480 762 521 820 ab
544 777 613 833 una,
650 765 739 835 parte
772 773 848 819 vero
877 758 918 815 ab
952 757 1051 817 altera
1085 757 1236 831 providus
1266 763 1296 816 et
1326 758 1569 832 circumspectus
1599 757 1648 816 vir

385 866 530 926 dominus
554 867 695 939 Michael,
706 867 828 942 pridem
852 863 956 942 judex,
979 864 1064 922 filius
1089 862 1269 934 Sebastiam,
1293 864 1371 922 olim
1394 864 1491 936 ipsius
1515 863 1649 922 civitatis

385 973 531 1032 similiter
551 970 671 1049 judicis,
694 980 835 1030 nostrum
859 971 1064 1046 personaliter
1087 969 1234 1028 adeuntes
1257 973 1465 1043 conspectum,
1493 985 1550 1043 per
1573 985 1646 1026 eun·

385 1079 458 1138 dem
495 1079 658 1138 dominum
688 1079 873 1137 Michaelem
908 1076 1084 1136 confessum
1120 1077 1221 1134 extitit
1251 1077 1368 1151 pariter
1398 1081 1428 1134 et
1458 1076 1594 1134 relatum
1617 1075 1649 1133 in

384 1187 466 1244 hunc
488 1185 634 1244 modum:
666 1191 701 1244 ut
723 1187 791 1260 ipse
821 1184 982 1258 quoddam
1016 1183 1232 1242 molendinum
1262 1199 1354 1242 suum
1386 1198 1521 1254 currens,
1553 1181 1649 1240 simul

384 1307 456 1351 cum
480 1292 551 1350 loco
574 1297 604 1350 et
627 1291 757 1350 edificiis
781 1293 811 1350 in
843 1291 954 1350 eodem
982 1291 1165 1349 constructis
1193 1305 1230 1348 ac
1261 1289 1396 1364 quadam
1419 1295 1502 1348 terra
1535 1290 1650 1348 arabili

385 1397 447 1472 ipsi
468 1397 650 1456 molendino
680 1395 853 1473 subjacenti
876 1403 906 1455 et
940 1397 1080 1455 attinenti
1103 1397 1183 1454 inter
1206 1401 1344 1454 meatum
1368 1395 1443 1454 dicti
1476 1396 1649 1456 molendini

385 1510 416 1562 et
439 1504 569 1563 lluvium
602 1504 751 1562 existente
775 1505 807 1563 in
829 1503 986 1562 territorio
1015 1507 1045 1560 et
1076 1501 1170 1561 fluvio
1202 1508 1308 1560 nostro
1331 1503 1411 1560 inter
1434 1501 1512 1560 duos
1535 1501 1646 1561 ssuvios

384 1612 551 1670 Matichina
574 1616 604 1670 et
627 1610 759 1669 Pretoka
781 1614 908 1668 vocatos
930 1615 960 1667 et
982 1610 1062 1668 inira
1078 1609 1147 1666 loca
1163 1608 1388 1667 molendinaria
1411 1623 1448 1666 ac
1470 1608 1649 1668 molendina

384 1717 500 1776 nobilis
535 1719 594 1776 viri
617 1716 754 1776 ladislai
777 1715 911 1778 Szenche
939 1717 980 1773 ab
1004 1731 1065 1774 una
1094 1721 1126 1773 et
1149 1716 1323 1774 liberorum
1356 1730 1410 1774 seu
1433 1730 1646 1774 successorum

384 1823 516 1882 condam
535 1823 660 1898 providi
682 1829 712 1881 et
733 1824 856 1882 honesti
879 1823 940 1882 viri
959 1823 1094 1904 Joannis,
1130 1821 1188 1880 filii
1211 1821 1320 1902 Jacobi
1343 1821 1417 1880 dicti
1439 1820 1545 1895 Bolye,
1570 1822 1648 1880 olim

383 1926 503 2005 judicis,
526 1931 701 1989 concivium
724 1929 870 1990 videlicet
886 1935 1065 1987 nostrorum
1080 1934 1169 2002 parte
1193 1929 1234 1986 ab
1258 1929 1356 1986 altera
1379 1928 1520 1998 existens,
1544 1929 1648 2002 ipsum

385 2036 471 2092 omni
492 2032 568 2110 juris
592 2036 682 2094 titulo
706 2035 889 2094 litteratorie
911 2050 1105 2105 concernens,
1140 2039 1234 2108 prout
1257 2034 1316 2092 hoc
1339 2035 1369 2092 in
1394 2034 1511 2092 eisdem
1536 2034 1647 2092 litteris

384 2141 497 2199 nostn's
519 2142 771 2216 privilegialibus
793 2157 852 2215 pro
874 2148 963 2215 parte
986 2143 1033 2200 sui
1056 2141 1222 2216 superinde
1257 2140 1404 2198 confectis
1438 2147 1469 2198 et
1492 2141 1644 2198 emanatis

386 2263 422 2306 ac
445 2262 551 2306 coram
574 2249 664 2306 nobis
694 2250 725 2307 in
755 2249 858 2322 specie
892 2249 1038 2306 exhibitis
1072 2247 1134 2306 fide
1168 2248 1317 2306 contineri
1351 2247 1488 2306 vidimus
1517 2245 1648 2316 oculata,

384 2355 480 2412 simul
503 2371 576 2412 curn
599 2356 743 2413 omuibus
766 2356 927 2429 premissis
948 2360 979 2412 et
1001 2355 1072 2412 aliis
1095 2355 1212 2412 cunctis
1243 2354 1341 2428 ipsius
1364 2353 1535 2412 molendini
1565 2354 1648 2411 utili·

386 2461 511 2534 tatibus,
535 2462 747 2536 proventibus,
772 2462 879 2520 usibus
902 2466 932 2518 et
955 2462 1152 2534 pertinenciis
1173 2459 1334 2531 universis,
1365 2460 1424 2517 sub
1447 2461 1512 2517 eius
1535 2459 1646 2533 priori·

387 2567 445 2624 bus
469 2567 551 2625 veris
574 2573 604 2624 et
626 2569 761 2641 antiquis
793 2568 892 2638 metis,
928 2573 1021 2640 prout
1055 2582 1112 2641 per
1135 2567 1241 2640 ipsum
1276 2565 1439 2624 dominum
1463 2566 1648 2624 Michaelem

384 2687 420 2730 ac
443 2672 522 2730 alios
547 2688 619 2732 suos
642 2674 801 2748 primevos
836 2688 928 2731 veros
951 2679 981 2730 et
1005 2674 1174 2746 legittimos
1205 2688 1398 2747 possessores
1422 2672 1505 2730 idem
1528 2673 1648 2730 molen·

384 2777 492 2836 diuum
515 2785 634 2838 tentum
658 2779 766 2838 fuisset
789 2786 819 2838 et
835 2795 1023 2855 possessum,
1047 2780 1201 2852 religiosis
1217 2795 1253 2837 ac
1269 2780 1328 2838 deo
1344 2779 1466 2838 devotis
1489 2778 1647 2850 fratribus,

384 2885 503 2958 totique
513 2885 736 2956 pommunitati
751 2887 893 2960 ipsorum
912 2885 1045 2944 fratrum
1058 2886 1273 2944 claustralium
1289 2887 1515 2960 premissorum
1531 2883 1649 2943 ordinis

384 2995 414 3048 et
437 2991 567 3049 ecclesie
590 2993 686 3050 sancti
718 2993 873 3050 Francisci
896 2991 1089 3064 confessoris,
1121 2993 1318 3066 presentibus
1342 2993 1459 3065 pariter
1481 2995 1511 3049 et
1535 2991 1648 3050 futuris

382 3096 499 3154 ibidem
530 3096 589 3156 deo
617 3096 730 3173 jugiter
765 3099 990 3157 famulantibus
1025 3113 1084 3171 pro
1114 3099 1291 3171 octuaginta
1322 3097 1444 3156 florenis
1477 3098 1545 3155 auri
1568 3099 1648 3171 puri,

382 3203 509 3261 boniet
530 3201 603 3279 justi
624 3204 780 3279 ponderis,
803 3221 860 3278 per
881 3210 1041 3265 annotatos
1065 3206 1294 3263 commissarios
1328 3205 1493 3262 memorati
1515 3181 1653 3263 bondeni

380 3310 507 3392 Joannis
530 3311 603 3369 bani
625 3313 789 3384 testatoris,
820 3327 858 3370 ex
881 3313 1033 3386 premissa
1057 3310 1195 3370 eiusdem
1218 3311 1448 3368 testamentaria
1481 3311 1651 3383 legacione

380 3415 445 3493 jam
468 3418 569 3492 plene,
593 3419 638 3476 uti
662 3418 728 3492 ipse
752 3418 896 3476 dominus
912 3419 1045 3476 Michael
1060 3415 1155 3493 judex
1170 3419 1287 3489 retulit,
1311 3417 1390 3475 datis
1414 3421 1444 3474 et
1469 3415 1647 3490 persolutis,

386 3523 575 3582 vendidisset
594 3529 624 3582 et
647 3525 839 3597 assignasset,
863 3525 961 3582 immo
977 3541 1015 3582 ex
1032 3539 1182 3582 consensu
1198 3529 1228 3581 et
1244 3523 1447 3597 permissione
1471 3523 1648 3580 vicinorum

384 3629 596 3704 predictorum
620 3629 769 3701 vendidit,
793 3630 921 3689 tradidit
938 3637 967 3688 et
984 3631 1154 3703 assignavit
1169 3645 1276 3688 coram
1292 3629 1387 3686 nobis
1404 3626 1472 3704 jure
1497 3633 1647 3701 perpetuo

382 3741 413 3793 et
434 3736 684 3794 irrevocabiliter
719 3735 951 3810 possidendum,
986 3735 1153 3794 tenendum
1187 3737 1305 3810 pariter
1335 3743 1365 3792 et
1397 3733 1576 3792 habendum
1612 3750 1647 3792 ac

380 3843 467 3901 iuxta
491 3843 704 3900 condicionem
738 3843 871 3900 civitatis
905 3847 1067 3916 prenotate
1090 3842 1131 3899 ab
1154 3843 1282 3915 antiquo
1318 3841 1535 3914 approbatam,
1571 3855 1648 3914 quo·

382 3948 612 4022 modocumque
636 3949 772 4006 voluerit
795 3949 1040 4022 disponendum;
1064 3949 1106 4006 ita
1128 3955 1240 4020 tamen,
1272 3947 1356 4022 quod
1381 3948 1464 4006 idem
1495 3947 1647 4006 molendi·

381 4071 457 4114 num
480 4071 553 4113 cum
587 4055 650 4114 suis
681 4056 797 4114 cunctis
831 4056 1029 4130 pertinenciis
1064 4056 1234 4129 prenotatis
1257 4070 1275 4112 a
1298 4053 1514 4130 jurisdiccione
1550 4047 1648 4127 ipsius

380 4161 514 4219 civitatis
537 4166 567 4219 et
589 4163 654 4220 eius
674 4162 822 4220 territorii
846 4177 902 4234 per
924 4163 1030 4220 nullos
1053 4162 1118 4218 eius
1134 4176 1330 4235 possessores
1347 4169 1505 4234 presentes
1531 4161 1648 4218 scilicet

381 4267 433 4324 vel
456 4266 577 4326 futuros
601 4267 669 4326 ullo
692 4283 831 4341 unquam
854 4273 996 4342 tempore
1019 4267 1115 4325 avelli
1139 4268 1237 4341 possit
1260 4282 1314 4325 seu
1337 4267 1479 4338 alienari;
1504 4267 1647 4340 antiquas

382 4388 506 4447 quoque
528 4374 658 4448 litteras,
682 4375 708 4432 si
732 4390 792 4447 que
809 4373 910 4431 forent
922 4374 1117 4447 presentibus
1133 4374 1293 4444 contrarie,
1311 4389 1413 4431 cassas
1437 4375 1647 4447 relinquimus

382 4484 412 4537 et
434 4481 555 4538 viribus
578 4481 736 4538 carituras.
760 4480 793 4537 In
817 4480 904 4538 cuius
925 4480 969 4538 rei
986 4480 1180 4550 memoriam,
1200 4479 1444 4554 firmitatemque
1460 4485 1644 4553 perpetuam

381 4586 578 4660 presentibus
601 4586 743 4658 sigillum
776 4592 919 4644 nostrum
942 4601 1108 4643 commune
1131 4585 1278 4643 duximus
1302 4586 1552 4659 appendendum.
1585 4585 1647 4642 Da·

379 4697 446 4750 tum
469 4693 501 4750 in
525 4691 603 4751 festo
628 4693 711 4750 beati
733 4693 841 4777 Jacobi
879 4692 1022 4766 apostoli.
1047 4693 1136 4750 Anno
1159 4691 1279 4750 domini
1302 4693 1473 4750 millesimo
1498 4691 1644 4764 quadrin-

379 4799 550 4871 gentesimo
573 4799 726 4872 vigesimo
750 4800 868 4872 quinto.

484 4937 508 4986 E
528 4943 687 5001 transumpto
706 4951 770 4987 saec.
789 4935 877 4985 XVII
913 4937 945 4984 Iu
964 4935 1069 4985 archivo
1094 4951 1163 4999 regu.
1194 4935 1277 4987 Croat.
1304 4935 1373 4986 Slav.
1400 4934 1483 4985 Dalm.
1505 4935 1565 4985 Act.
1587 4933 1637 4983 Soc

376 5025 431 5089 Jes.
451 5025 512 5076 fasc.
536 5035 574 5076 12.
594 5041 631 5077 nr,
653 5036 694 5077 22.
