3828 5822
661 506 734 564 Doc.
762 519 829 576 302.
853 539 896 550 -
919 505 976 566 An.
999 503 1091 585 1476.
1437 523 1498 587 ata

233 737 330 798 copus
353 721 495 797 prefatus
518 722 708 782 attendentes
738 721 1003 797 supplicacionem
1027 723 1207 782 huiusmodi
1237 723 1305 784 fore
1327 725 1441 785 iustam
1464 741 1501 787 ac

233 830 324 888 bouis
347 834 378 888 et
400 829 644 888 racionabilibus
660 829 812 888 munitam
836 829 1054 902 fundamentis,
1078 831 1243 904 persertim
1266 831 1446 892 condicione
1469 839 1500 893 et

233 934 383 1010 qualitate
405 935 547 994 moderni
563 936 713 1010 temporis
728 935 879 1010 implente
895 935 1000 994 animo
1016 935 1188 995 deliberato
1211 919 1517 1012 supplicacionibus'

230 1041 411 1100 huiusmodi
441 1047 606 1116 paternum
637 1042 801 1116 prebentes
831 1041 980 1112 auditum,
1004 1043 1169 1100 annuimus
1205 1048 1235 1101 et
1263 1044 1403 1117 graciose
1426 1059 1498 1102 con·

232 1145 371 1206 cedimus
392 1163 450 1221 per
481 1155 646 1222 presentes,
671 1155 822 1222 quatenus
845 1147 940 1208 iidem
971 1148 1082 1207 iratres
1104 1150 1203 1208 nostri
1226 1149 1356 1208 dearea
1379 1152 1498 1224 capitu·

229 1251 291 1314 lari
321 1257 352 1311 et
383 1251 422 1311 de
452 1254 589 1329 propriis
620 1254 713 1313 curiis
743 1254 884 1328 ipsorum
915 1254 1064 1329 predictis
1087 1259 1157 1313 ante
1180 1260 1210 1313 et
1231 1261 1326 1330 retro,
1350 1261 1444 1330 prout
1467 1261 1498 1316 et

231 1358 499 1431 quemadmodum
531 1361 564 1418 in
597 1365 753 1434 quantave
783 1365 872 1435 parte
907 1361 983 1437 ipsis
1016 1362 1121 1419 visum
1155 1367 1185 1420 et
1208 1362 1361 1436 placitum
1395 1361 1497 1434 fuerit,

230 1479 293 1523 non
315 1465 456 1524 obstante
487 1465 727 1526 contradictione
749 1466 982 1550 cuiuscumque,
1005 1467 1167 1540 seiungere
1189 1473 1219 1526 et
1241 1472 1444 1542 sequestrare,
1467 1471 1498 1526 et

231 1575 363 1658 partem·
383 1572 487 1630 taliter
517 1573 687 1631 seiunctam
719 1577 749 1630 et
777 1577 1002 1647 sequestratam
1032 1573 1064 1631 in
1087 1573 1173 1632 vicos
1196 1579 1227 1632 et
1250 1573 1369 1649 plateas
1392 1573 1496 1632 distri·

232 1677 337 1750 buere‚
361 1677 505 1737 ordinare
528 1682 558 1735 et
588 1676 746 1752 deputare,
768 1693 887 1736 necnon
915 1679 1057 1736 homiues
1084 1678 1180 1737 laicos
1212 1679 1374 1752 utriusque
1396 1693 1496 1748 sexuS,

233 1782 364 1842 clericos
395 1799 520 1858 quoque
550 1787 580 1842 et
609 1783 800 1858 presbiteros
832 1783 871 1842 ad
902 1783 1027 1843 easdem
1049 1789 1240 1858 moraturos,
1273 1783 1446 1858 domosque
1467 1787 1498 1843 et

230 1891 440 1950 habitaciones
462 1891 619 1949 locaturos
641 1895 672 1949 et
698 1897 855 1950 erecturos
889 1889 1042 1949 advocare
1064 1895 1094 1949 et
1117 1890 1312 1950 introducere
1334 1905 1370 1949 ac
1392 1891 1496 1949 locare

232 2001 263 2056 et
284 1997 544 2057 inhabitatoribus
566 1995 746 2056 huiusmodi
775 1996 944 2070 libertates,
967 1997 1191 2071 prerogantes,
1214 2001 1330 2056 statuta
1352 2001 1382 2055 et
1405 1997 1490 2070 leges

232 2118 342 2163 eorum
374 2103 547 2163 condicioni
577 2104 763 2162 necessarias
797 2103 872 2162 dare
894 2109 924 2162 et
955 2102 1122 2164 concedere
1152 2119 1210 2178 pro
1241 2119 1296 2163 sue
1324 2103 1495 2162 voluntatis

231 2209 362 2269 arbitrio
391 2210 516 2270 valeant
546 2215 640 2285 atque
663 2211 798 2285 possint;
828 2211 1051 2270 inhabitatores
1074 2210 1231 2286 predictos
1254 2211 1349 2286 pleno
1370 2209 1440 2288 jure
1464 2213 1494 2270 et

230 2317 288 2376 illo
311 2315 429 2376 directo
459 2315 597 2376 dominio
628 2316 746 2376 eisdem
775 2315 925 2376 fratribus
955 2315 1069 2376 nostris
1098 2317 1292 2391 subicientes,
1316 2331 1379 2393 quo
1402 2317 1496 2376 ceteri

231 2437 340 2482 eorum
370 2423 473 2483 coloni
503 2441 541 2482 ex
572 2423 820 2499 quibuscumque
849 2423 1071 2482 donacionibus
1105 2439 1216 2498 regum
1250 2427 1302 2482 aut
1334 2422 1495 2498 predecea·

230 2545 338 2588 sorum
359 2535 538 2590 nostrorum
571 2530 646 2604 ipsis
670 2527 800 2588 subiecti
823 2529 890 2588 sore
920 2529 1129 2604 dinoscuntur,
1160 2544 1279 2603 manus,
1309 2535 1495 2604 potestatem

232 2643 263 2695 et
285 2635 454 2710 imperium
469 2641 611 2696 nostrum
631 2651 667 2695 ac
682 2649 894 2696 successorum
911 2642 1090 2696 nostrorum
1106 2638 1326 2712 episcoporum
1349 2641 1380 2696 et
1396 2637 1495 2695 eciam

131 2739 133 2744 ’
233 2741 416 2801 officialium
449 2747 478 2802 et
508 2743 671 2802 hominum
702 2749 767 2801 tam
795 2747 974 2802 nostrorum
1002 2755 1098 2817 quam
1128 2759 1340 2802 successorum
1374 2741 1495 2817 predic·

230 2854 334 2907 torum
358 2850 552 2924 presencium
576 2854 605 2908 et
629 2849 807 2907 futurorum
830 2849 871 2908 ab
894 2849 1011 2908 eisdem
1034 2849 1295 2909 inhabitatoribus
1319 2850 1443 2924 penitus
1465 2853 1495 2908 et

231 2955 358 3013 omnino
387 2955 563 3014 eximentes.
592 2954 746 3027 Ceterum,
780 2955 853 3029 quia
883 2955 960 3013 reali
991 2954 1157 3013 didicimus
1180 2956 1381 3029 experienda,
1409 2953 1495 3030 quod

230 3063 378 3121 hactenus
411 3062 549 3120 canonici
569 3067 599 3119 et
622 3061 676 3119 alii
707 3060 865 3134 dignitarli
888 3060 1026 3119 eiusdem
1057 3062 1184 3120 ecclesie
1214 3066 1318 3121 nostre
1341 3061 1380 3119 de
1403 3061 1495 3119 bonis

232 3175 262 3226 et
285 3169 379 3226 rebus
402 3169 465 3226 suis
495 3183 566 3226 raro
590 3167 643 3224 vel
673 3183 834 3240 nunquam
864 3168 897 3226 in
927 3168 1069 3241 ipsorum
1091 3169 1201 3226 mortis
1224 3167 1355 3226 articulo
1377 3171 1408 3226 et
1431 3165 1493 3225 dis·

229 3275 386 3349 posicione
410 3274 639 3332 testamentaria
663 3273 791 3332 ecclesie
814 3273 960 3347 predicte,
984 3289 1002 3332 a
1025 3279 1141 3347 quaet
1164 3252 1249 3333 culus
1272 3274 1387 3333 intuitu
1409 3273 1493 3331 bona

230 3385 260 3438 et
282 3397 332 3439 res
355 3382 439 3455 ipsas
455 3381 638 3452 habuerunt,
657 3379 821 3454 quitquam
837 3380 992 3454 legassent
1006 3385 1035 3438 et
1055 3379 1262 3455 reliquissent,
1285 3379 1367 3438 unde
1383 3379 1495 3437 saltem

229 3486 375 3560 aliqualis
398 3486 583 3545 reformacio
599 3487 631 3544 in
646 3487 785 3544 vestibus
801 3491 831 3544 et
843 3488 1031 3545 ornamentis
1054 3487 1267 3546 ecclesiasticis
1289 3485 1358 3545 fieri
1381 3489 1494 3561 posset,

230 3593 376 3668 quodque
407 3593 551 3667 pluribus
574 3609 612 3651 ex
645 3593 763 3651 eisdem
792 3593 941 3651 intestatis
976 3592 1203 3666 decedentibus,
1239 3592 1320 3650 bona
1353 3592 1494 3666 ipsorum

232 3700 365 3773 turpiter
389 3715 424 3757 ac
448 3697 622 3758 inordinate
645 3699 790 3758 distracta
822 3697 957 3774 fuerunt,
987 3699 1073 3772 adeo,
1104 3698 1189 3772 quod
1210 3698 1326 3756 nedum
1358 3713 1417 3773 pro
1446 3713 1494 3756 re-

231 3803 358 3879 frigerio
383 3807 485 3865 anime
507 3807 648 3880 ipsorum
672 3807 835 3880 quitquam
859 3821 898 3864 ex
928 3805 972 3864 eis
1004 3805 1205 3863 distributum
1235 3803 1353 3880 fuisset,
1383 3819 1494 3862 verum

229 3914 327 3970 eciam
351 3913 461 3973 samuli
483 3918 514 3971 et
536 3913 711 3983 servitores,
734 3927 853 3970 necnon
885 3911 1052 3970 creditores
1075 3911 1258 3970 eorumdem
1282 3911 1417 3969 sallariis
1440 3923 1494 3968 seu

230 4019 362 4091 creditis,
387 4020 508 4092 debitis,
532 4019 680 4091 frustrati,
711 4019 839 4077 insoluti
871 4020 1091 4077 remansissent
1098 4037 1106 4089 ;
1128 4017 1199 4076 ideo
1222 4033 1278 4076 nos
1302 4017 1441 4076 volentes
1464 4021 1494 4075 et

181 4204 184 4210 Ι
228 4141 350 4183 summe
372 4125 580 4183 desiderantes
603 4126 684 4184 circa
708 4126 860 4198 premissa
891 4125 1062 4198 aliqualem
1086 4123 1217 4182 modum
1248 4123 1432 4196 possibilem
1455 4121 1494 4181 de

229 4237 331 4290 cetero
362 4233 536 4304 observare,
568 4248 625 4305 per
656 4248 749 4306 quem
779 4237 810 4290 et
840 4231 968 4290 ecclesie
997 4236 1101 4290 nostre
1131 4236 1303 4289 memorate
1336 4234 1365 4288 et
1396 4229 1494 4287 eciam

230 4339 435 4397 servitoribus
467 4354 502 4396 ac
534 4337 740 4397 creditoribus
768 4337 896 4412 prefatis
927 4338 1038 4396 saltem
1061 4353 1120 4412 pro
1144 4337 1249 4410 aliqua
1273 4340 1361 4410 parte
1383 4350 1493 4394 consu·

228 4445 321 4516 latur,
344 4443 384 4502 ad
415 4445 681 4519 supplicacionem
702 4444 914 4518 predictorum
937 4443 1070 4501 fratrum
1093 4449 1272 4501 nostrorum
1296 4447 1326 4500 et
1349 4458 1387 4500 ex
1410 4444 1494 4499 certa

227 4555 332 4609 nostra
366 4553 505 4623 sciencia,
540 4553 645 4610 animo
679 4550 861 4622 deliberato,
896 4549 1012 4608 eisdem
1045 4551 1184 4623 graciose
1219 4547 1424 4619 concedimus,
1458 4551 1494 4606 ut

229 4657 342 4715 amodo
367 4657 511 4732 deinceps
534 4671 658 4732 semper
681 4662 711 4715 et
735 4657 767 4715 in
789 4661 976 4731 perpetuum
992 4655 1110 4715 domini
1131 4655 1170 4712 de
1187 4653 1325 4728 capitulo
1348 4660 1379 4712 et
1400 4653 1494 4712 ceteri

230 4764 368 4823 canonici
400 4777 459 4838 pro
490 4769 632 4838 ternpore
662 4764 835 4833 existentes,
866 4763 920 4836 qui
953 4763 1034 4820 circa
1057 4763 1158 4821 curias
1188 4765 1219 4819 et
1251 4759 1362 4818 domos
1384 4773 1493 4819 eorum

230 4870 384 4942 predictas
401 4869 441 4928 ad
456 4874 607 4941 nostram,
630 4874 665 4927 ut
688 4868 890 4942 prediximus,
914 4873 945 4926 et
960 4883 1172 4926 successorum
1194 4869 1374 4925 nostrorum
1395 4867 1494 4925 colla·

230 4976 350 5034 cionem
368 4981 541 5051 spectantes
557 4981 587 5034 et
604 4976 799 5050 pertinentes,
817 4989 877 5048 que
891 4974 1051 5048 hucusque
1066 4989 1123 5048 per
1137 4971 1318 5032 earumdem
1342 4987 1401 5048 pro
1415 4977 1493 5032 tenr-
