3932 5806
374 474 434 532 3²2
770 457 843 513 Doc.
868 453 937 513 261.
967 490 1004 499 -
1031 456 1088 515 An.
1114 453 1208 534 1468.

369 671 499 730 condam
525 671 641 730 domini
665 673 775 756 Jacobi
798 671 1013 742 archidiaconi,
1034 685 1140 728 coram
1163 673 1261 739 nobis,
1279 682 1312 728 ut
1337 674 1535 745 premittitur,
1552 674 1633 733 facta

369 788 399 836 et
424 779 573 852 porrectis
596 779 742 850 inclinati,
765 778 951 852 premissam
975 777 1114 846 domum,
1145 792 1263 835 necnon
1287 779 1450 836 cellarium
1475 781 1632 838 subterra-

369 899 471 954 neum,
501 899 620 942 necnon
648 884 766 942 curiam
797 889 826 940 et
860 888 972 952 ortum,
1005 883 1057 953 sic,
1089 888 1124 939 ut
1147 883 1347 956 premittitur,
1371 900 1428 957 per
1450 891 1630 944 annotatum

370 988 501 1048 condam
531 988 692 1047 dominum
721 989 873 1070 Jacobum
903 989 964 1062 ipsi
995 987 1112 1046 Mathie
1143 989 1316 1061 presbitero
1347 989 1555 1064 legatamque,
1579 991 1632 1048 da·

370 1101 497 1168 tamque
524 1101 554 1152 et
585 1094 623 1152 ad
656 1095 865 1168 prescriptum
895 1095 995 1152 altare
1018 1094 1100 1151 beati
1126 1094 1306 1152 Bemardini
1330 1111 1482 1154 annexam
1507 1095 1629 1169 prelato

369 1201 484 1258 Mathie
515 1201 696 1276 presbitero,
725 1200 875 1258 moderno
906 1201 1027 1270 rectori,
1058 1200 1217 1274 ipsiusque
1248 1201 1477 1258 successoribus
1500 1201 1632 1276 predicti

370 1307 479 1375 altaris
502 1321 560 1380 pro
583 1312 724 1379 tempore
749 1305 978 1379 possessoribus
994 1321 1032 1363 ex
1049 1306 1208 1379 premissis
1231 1307 1389 1376 legacione
1412 1311 1442 1365 et
1463 1306 1632 1366 donacione

369 1414 534 1470 statuimus
564 1419 594 1470 et
624 1412 854 1484 confirmamus,
886 1427 1034 1484 moreque
1058 1420 1087 1468 et
1118 1411 1256 1468 adinstar
1278 1411 1412 1469 aliorum
1436 1412 1552 1470 civium
1575 1428 1632 1471 no·

369 1523 506 1576 strorum
535 1518 566 1575 in
589 1517 697 1574 eadem
720 1517 799 1575 villa
828 1523 932 1576 nostra
955 1517 1105 1591 Lepawez
1129 1523 1238 1574 vocata
1262 1517 1367 1574 civilia
1390 1517 1631 1592 possidencium,

370 1624 431 1681 sub
461 1623 673 1681 solucionibus
704 1631 733 1680 et
764 1623 996 1681 condicionibus
1025 1623 1116 1681 nobis
1136 1631 1167 1680 et
1189 1623 1317 1680 ecclesie
1340 1630 1444 1681 nostre
1469 1625 1632 1697 provenire
1698 1683 1703 1693 ,

371 1727 556 1787 debentibus
579 1733 609 1786 et
632 1728 842 1786 administrari
858 1728 957 1786 solitis
981 1734 1011 1786 et
1033 1729 1187 1786 consuetis
1211 1726 1277 1798 jure
1300 1733 1451 1801 perpetuo
1470 1735 1500 1786 et
1515 1729 1633 1787 irrevo-

370 1834 513 1892 cabiliter
535 1832 708 1905 tenendam,
731 1832 960 1907 possidendam,
976 1833 1093 1908 pariter
1108 1839 1138 1891 et
1154 1832 1330 1890 habendam
1347 1833 1388 1890 ita
1412 1841 1525 1906 tamen,
1546 1833 1631 1908 quod

371 1937 510 2013 prefatus
534 1939 666 1997 Mathias
689 1939 843 2012 presbiter
866 1938 1034 1996 modernus
1049 1945 1152 1996 rector
1167 1939 1306 1996 eiusdem
1329 1938 1436 1998 altaris
1461 1940 1542 2000 beati
1561 1939 1632 1999 Ber·

371 2044 501 2116 nardini,
531 2045 692 2119 ipsiusque
715 2058 906 2102 successores
930 2044 1069 2103 eiusdem
1092 2043 1204 2102 domus
1226 2049 1257 2102 et
1279 2045 1386 2102 altaris
1410 2060 1468 2119 pro
1490 2051 1632 2121 tempore

373 2165 572 2224 possessores,
603 2166 636 2208 se
667 2157 773 2208 contra
796 2164 852 2208 nos
876 2155 906 2207 et
929 2150 1091 2208 ecclesiam
1114 2159 1253 2208 nostram
1277 2155 1473 2223 prenotatam
1496 2151 1632 2210 insontes

353 2263 554 2330 'preservare
587 2271 605 2314 a
635 2262 708 2314 nota
740 2255 932 2314 infidelitatis
963 2255 1113 2329 studeant,
1143 2255 1283 2330 alioquin
1307 2271 1394 2314 secus
1417 2255 1571 2330 facientes,
1593 2257 1632 2316 de

371 2361 509 2419 dominio
533 2361 672 2418 eiusdem
696 2355 810 2419 domus
830 2368 860 2418 et
883 2377 1012 2418 suarum
1034 2361 1206 2420 utilitatum
1231 2361 1342 2418 cadant
1365 2367 1395 2420 et
1418 2361 1633 2436 destituantur,

370 2468 573 2542 ipsorumque
589 2467 754 2541 disposicio
770 2466 809 2523 ad
833 2483 888 2524 nos
911 2473 942 2524 et
958 2467 1120 2524 ecclesiam
1141 2473 1280 2526 nostram
1304 2472 1499 2541 prenotatam
1521 2469 1632 2528 devol·
1739 2447 1744 2456 ’

371 2581 462 2631 vatur
494 2573 562 2647 ipso
591 2572 681 2632 facto.
712 2574 833 2630 Harum
863 2578 1040 2630 nostrarum
1064 2573 1171 2645 vigore
1194 2579 1225 2632 et
1247 2574 1425 2632 testimonio
1455 2574 1632 2634 litterarum

372 2679 535 2742 mediante.
559 2678 673 2752 quibus
689 2679 994 2751 sigillumnostrum
1019 2678 1166 2736 duximus
1189 2679 1439 2753 appendendum.
1463 2681 1579 2740 Datum
1602 2682 1634 2740 in

372 2783 451 2842 festo
474 2785 558 2843 beati
588 2785 669 2858 regis
701 2783 857 2858 Stephani.
881 2785 971 2842 Anno
996 2783 1113 2842 domini
1137 2783 1306 2842 millesimo
1330 2785 1634 2859 quadringentesimo

371 2891 565 2962 sexagesimo
589 2897 708 2948 octavo.

478 2997 658 3055 auscultata
681 3013 737 3070 per
761 3012 811 3054 me
833 2996 1025 3069 Stephanum
1052 2997 1264 3056 Bartholomei
1287 2984 1325 3055 d'e
1347 2999 1492 3071 lwanych
1516 3003 1547 3058 et
1562 3013 1634 3058 con·

372 3103 480 3161 cordat
503 3119 575 3161 cum
599 3119 655 3161 suo
671 3103 816 3184 originali
833 3101 871 3160 de
895 3104 992 3160 verbo
1009 3103 1048 3160 ad
1065 3104 1208 3172 verbum,
1232 3119 1326 3176 super
1348 3118 1412 3178 quo
1435 3103 1515 3164 facio
1530 3104 1634 3164 fidem.

477 3256 611 3321 Originale
629 3257 656 3306 in
675 3257 770 3308 charta.
795 3258 828 3305 In
850 3255 946 3308 archiv.
966 3273 1015 3306 ven
1044 3258 1119 3323 capit.
1144 3257 1245 3322 zagrab.
1265 3257 1327 3308 Aet.
1353 3273 1408 3324 cap.
1434 3264 1485 3310 ant.
1510 3259 1572 3312 fasc.
1592 3269 1635 3324 75.

371 3361 409 3397 nr.
429 3358 453 3410 7.

975 3541 1058 3606 261.

477 3684 558 3733 Anno
580 3681 654 3746 1468,
674 3695 715 3745 23.
735 3682 859 3746 Augusti.
880 3682 1028 3745 Zagrabiae.

365 3807 533 3885 johannem
561 3807 595 3865 de
625 3808 784 3865 Brcaovica
808 3807 921 3882 flendos
950 3825 1016 3866 suos
1042 3808 1136 3864 altari
1163 3825 1184 3864 s.
1207 3804 1411 3880 Magdalenac
1433 3809 1637 3880 &pignoratos

581 3913 676 3970 cedere
690 3913 765 3970 nolle
784 3932 803 3969 a
827 3917 959 3971 contituta
981 3913 1101 3992 aagrab.
1118 3914 1242 3988 capitulo
1264 3914 1425 3971 nuntiatur.

476 4056 540 4114 Nos
554 4057 709 4140 Johannes
733 4056 770 4114 de
796 4056 952 4128 Palaibya,
969 4072 1080 4128 comes,
1104 4073 1140 4114 ac
1163 4055 1279 4130 judices
1301 4057 1455 4115 nobilium
1472 4058 1637 4116 comitatus

312 4143 315 4149 ⁵
369 4163 584 4237 zagrabieusis.
608 4163 757 4220 Memorie
779 4162 1043 4232 commendamus,
1060 4163 1141 4236 quod
1159 4179 1230 4221 cum
1246 4177 1302 4221 nos
1325 4161 1364 4220 ad
1380 4163 1543 4222 instantem
1560 4163 1637 4238 peti·

370 4269 490 4328 cionem
521 4267 646 4328 discreti
678 4269 738 4328 viri
769 4269 887 4328 domini
919 4270 1067 4328 Anthonii
1097 4271 1226 4328 rectoris
1260 4285 1312 4328 are
1335 4285 1390 4328 seu
1410 4269 1518 4327 altaris
1541 4271 1633 4328 beate

370 4375 467 4433 Marie
483 4373 664 4447 Magdalene
687 4375 719 4432 in
734 4376 863 4433 ecclesia
879 4375 977 4432 sancti
993 4375 1075 4447 regis
1090 4373 1239 4449 Stephani
1254 4379 1436 4446 constructe,
1452 4375 1636 4434 Michaelem

370 4481 543 4540 litteratum
567 4479 605 4538 de
628 4479 808 4538 Gwlechinz
831 4496 927 4538 unum
951 4497 989 4538 ex
1011 4481 1110 4551 nobis,
1127 4481 1245 4539 scilicet
1259 4477 1395 4556 judicem
1410 4480 1574 4548 nobilium,
1597 4480 1636 4538 ad

370 4585 567 4659 infrascripta
592 4586 766 4658 peragenda
782 4585 820 4644 de
836 4587 908 4644 sede
923 4593 1028 4644 nostra
1043 4585 1206 4662 judiciaria
1221 4585 1373 4658 legittime
1389 4584 1636 4656 destinassemus,

371 4692 497 4750 tandem
528 4691 611 4749 idem
643 4691 681 4749 ad
713 4707 770 4750 nos
798 4692 908 4751 exinde
938 4708 1091 4761 reversus,
1115 4693 1205 4750 nobis
1228 4692 1335 4751 retulit
1357 4707 1394 4750 eo
1416 4691 1529 4752 modo:
1553 4691 1636 4765 quod

370 4799 438 4872 ipse
466 4798 507 4854 ab
538 4795 691 4870 omnibus,
715 4799 829 4872 quibus
853 4799 1004 4857 decuisset
1028 4807 1058 4856 et
1077 4798 1222 4868 licuisset,
1246 4800 1353 4872 palam
1368 4804 1400 4856 et
1421 4798 1542 4856 occulte
1564 4797 1636 4856 dili·

369 4909 479 4978 genter
502 4903 687 4977 inquirendo
712 4905 807 4964 talem
831 4905 870 4962 de
892 4905 1098 4978 infrascriptis
1129 4904 1303 4963 rescivisset
1333 4903 1527 4963 certitudinis
1558 4903 1638 4962 veri·

1824 4845 1907 4878 Ἣ
