3932 5806
820 439 892 496 Dor.
916 451 987 516 242.
1010 470 1053 481 —
1076 438 1132 496 An.
1156 433 1248 516 1465,

668 543 1574 552 ..-...-—-—..-—-———-.——-—-—-—.—-—-——-
1578 543 1658 552 ...—

497 913 578 962 Anno
600 913 675 979 1465,
695 926 737 978 24.
756 914 853 979 aprilis.
873 913 972 965 Budae.

389 1039 533 1110 Mellitos,
556 1040 733 1114 Hungariac
754 1047 802 1099 etc.
825 1059 888 1111 rex,
910 1039 1042 1109 concedit,
1065 1047 1198 1114 utquam
1221 1059 1241 1096 a
1258 1040 1367 1098 civibus
1389 1046 1448 1096 tam
1474 1057 1494 1094 a
1510 1038 1658 1108 nobilibus,

388 1145 456 1202 dum
479 1146 589 1216 rn'vunf,
618 1153 647 1204 et
674 1146 749 1204 hora
771 1147 882 1217 ultinta,
913 1147 987 1204 bona
1017 1147 1232 1203 monasterias.
1256 1146 1378 1204 Nicolai
1404 1141 1468 1204 ord.
1493 1143 1654 1204 Pracdr'cct·

901 1260 995 1310 torum
1018 1253 1154 1325 legentur.

1099 1389 1254 1440 Commissio
1272 1391 1376 1455 propria
1394 1389 1492 1439 domini
1511 1388 1587 1452 regis,

496 1501 560 1560 Nos
592 1503 724 1562 Mathias
755 1502 806 1562 dei
834 1503 939 1576 gracia
969 1519 1024 1560 rex
1055 1503 1222 1575 Hungarie,
1254 1503 1424 1572 Dalmacie,
1447 1501 1575 1560 Croacie
1598 1505 1654 1558 etc.

391 1606 542 1668 Memorie
565 1609 821 1668 commendamus
837 1616 942 1668 tenore
962 1610 1155 1684 presencium
1171 1609 1377 1682 significantes
1394 1609 1508 1682 quibus
1524 1607 1652 1681 expedit

397 1714 558 1773 universis.
580 1713 673 1788 Quod
696 1729 768 1773 cum
791 1715 837 1774 nil
859 1716 959 1788 magis
982 1715 1021 1773 ad
1044 1715 1164 1788 regiam
1187 1716 1340 1788 pertineat
1356 1715 1408 1773 vel
1430 1712 1586 1790 justiciam
1604 1712 1655 1770 vel

397 1820 588 1893 religionem,
612 1837 708 1894 quam
731 1821 876 1880 ecclesias
899 1821 949 1880 dei
971 1821 1150 1879 honorificis
1176 1820 1284 1880 dotare
1307 1820 1490 1895 privilegiis,
1505 1821 1549 1878 sic
1573 1819 1655 1878 enim

394 1925 499 1984 divina
522 1927 749 2000 propiciabitur
764 1927 909 1984 maiestas
924 1927 956 1985 in
972 1942 1068 2000 quarn
1091 1932 1268 1985 sanctorum
1285 1927 1350 1985 eius
1373 1927 1475 1985 omnis
1491 1925 1654 1984 veneracio

389 2031 527 2090 recurrit.
551 2032 648 2104 Igitur
678 2047 734 2090 nos
756 2033 799 2090 ob
822 2032 991 2106 specialem
1015 2032 1218 2091 devocionem
1245 2039 1392 2104 nostram,
1417 2047 1512 2107 quam
1536 2031 1576 2090 ad
1600 2032 1653 2090 be-

388 2142 474 2196 atum
507 2137 671 2196 Nicolaum
701 2138 883 2213 episcopum
913 2145 944 2197 et
966 2137 1182 2210 confessorem,
1206 2139 1238 2197 in
1260 2139 1347 2197 cuius
1369 2138 1507 2211 glorioso
1529 2137 1654 2196 nomine

389 2243 561 2302 claustrum
589 2243 707 2303 ordinis
737 2243 871 2303 fratrum
893 2243 1127 2303 Predicatorum
1149 2243 1300 2318 Zagrabie
1324 2243 1489 2302 fundatum
1512 2259 1578 2302 esse
1607 2243 1653 2302 di·

390 2350 537 2422 noscitur,
560 2349 709 2423 cuiusque
738 2349 884 2424 precibus
913 2365 1071 2409 successus
1100 2356 1223 2410 nostros
1253 2350 1432 2427 prosperari
1460 2365 1497 2410 ac
1526 2356 1591 2410 tam
1621 2349 1653 2409 in

359 2517 364 2526 ,
389 2455 478 2514 terris
501 2469 597 2529 quam
626 2455 754 2514 incelis
777 2456 829 2530 pie
851 2455 1005 2515 credimus
1028 2455 1197 2528 confoveri,
1219 2458 1357 2531 gerimus
1380 2463 1410 2515 et
1432 2457 1593 2530 habemus,
1619 2456 1650 2514 in

388 2560 592 2620 sublevamen
622 2560 698 2620 dicti
720 2561 889 2620 monasteri
912 2567 943 2620 et
966 2562 1092 2636 collegii
1114 2563 1297 2622 eorumdem
1321 2562 1454 2622 fratrum
1476 2563 1568 2621 ineo
1592 2575 1650 2637 pro

389 2671 531 2740 tempore
554 2665 746 2741 (legencium,
771 2665 811 2724 de
829 2667 960 2740 penuria
982 2667 1046 2741 illa,
1069 2683 1165 2743 quam
1188 2669 1220 2727 in
1246 2670 1341 2728 rebus
1363 2669 1590 2744 temporalibus
1612 2667 1652 2726 ad

388 2773 436 2830 sui
459 2773 670 2847 provisionem
694 2782 724 2830 et
747 2773 1005 2832 sustentacionem
1027 2775 1206 2833 necessariis
1229 2773 1487 2848 frequentissime,
1509 2780 1543 2833 ut
1565 2789 1652 2832 acce·

387 2879 502 2953 pimus,
525 2879 697 2954 paciuntur,
721 2877 822 2937 eidem
852 2880 989 2938 elaustro
1019 2885 1049 2938 et
1078 2896 1136 2955 per
1159 2895 1349 2955 consequens
1372 2881 1493 2956 prefato
1515 2881 1650 2954 collegio

387 2982 543 3044 dictorum
574 2985 707 3044 fratrum
737 2985 769 3043 in
799 2983 910 3044 eodem
940 3000 999 3060 pro
1031 2991 1172 3061 tempore
1195 2985 1378 3060 degencium
1400 2986 1433 3046 id
1455 2987 1594 3060 graciose
1618 2993 1649 3045 et

388 3089 427 3148 de
449 3090 643 3165 plenitudine
672 3091 834 3165 potestatis
857 3091 941 3164 regie
964 3091 1110 3150 duximus
1134 3091 1332 3150 annuendum
1356 3098 1386 3150 et
1409 3091 1651 3165 concedendum,

386 3201 421 3255 ut
443 3211 551 3256 omnes
573 3202 603 3256 et
625 3197 740 3270 singuli
764 3197 887 3256 nobiles
909 3203 961 3256 aut
984 3198 1112 3256 alterius
1136 3197 1272 3257 cuiusvis
1294 3205 1391 3258 status
1418 3199 1567 3271 homines,
1581 3213 1652 3273 pos·

386 3304 544 3376 sessiones,
577 3302 678 3376 villas,
710 3302 828 3378 predia,
861 3304 974 3376 vineas,
1008 3303 1119 3380 domos
1142 3309 1172 3362 et
1194 3304 1271 3364 alias
1295 3320 1508 3378 quascumque
1530 3304 1652 3364 heredi·

387 3414 466 3468 tates
489 3415 520 3468 et
541 3408 612 3487 jura
634 3424 743 3468 eorum
760 3409 998 3484 possessionaria
1015 3409 1310 3484 quomodocumque
1332 3411 1507 3486 appellatas
1523 3419 1554 3470 et
1568 3411 1652 3469 voci·

389 3516 448 3574 tari
478 3515 570 3574 solita
600 3521 666 3574 tam
696 3515 727 3574 in
760 3514 917 3574 territorio
940 3515 1075 3576 civitatis
1096 3523 1200 3574 nostre
1223 3517 1337 3575 montis
1360 3515 1531 3590 Grecensis,
1554 3532 1651 3592 quam

386 3623 464 3681 alias
496 3622 600 3681 ubivis
623 3622 654 3681 in
676 3635 773 3695 regno
795 3627 902 3680 nostro
924 3621 1047 3680 habitas
1069 3627 1099 3680 et
1122 3623 1285 3680 existentes
1309 3638 1433 3697 semper
1456 3623 1652 3682 dumvolue·

388 3728 451 3787 rint
473 3728 505 3788 in
528 3728 592 3787 vita
615 3728 731 3786 scilicet
755 3735 784 3786 et
807 3733 949 3803 tempore
972 3729 1081 3787 mortis
1104 3727 1227 3803 prefato
1250 3728 1387 3788 elaustro
1410 3734 1441 3788 et
1464 3744 1520 3802 per
1542 3743 1648 3787 conse-

389 3849 486 3908 quens
502 3834 636 3907 collegio
654 3833 880 3892 antedictorum
897 3833 1030 3892 fratrum
1054 3835 1085 3893 in
1106 3835 1219 3893 eodem
1235 3850 1293 3909 pro
1309 3841 1451 3910 ternpore
1467 3833 1650 3909 degencium

385 3941 417 3999 in
439 3941 640 3999 elemosinam
671 3946 823 4015 perpetuo
845 3940 944 3999 libere
967 3939 1116 4014 conferre,
1140 3939 1263 4013 donare,
1286 3940 1391 4014 legare
1413 3945 1443 4000 et
1464 3941 1541 4000 alias
1558 3946 1651 4016 prout

386 4049 430 4107 eis
453 4047 611 4106 videbitur
641 4048 761 4119 locare;
784 4047 898 4122 prefati
922 4047 1020 4106 eciam
1044 4046 1155 4106 fratres
1177 4046 1356 4106 huiusmodi
1377 4047 1458 4105 bona
1482 4062 1541 4121 pro
1563 4063 1596 4106 se
1620 4053 1651 4106 et

385 4153 469 4212 dicto
506 4153 643 4212 claustro
681 4169 790 4212 eorum
821 4159 932 4226 tenere,
963 4153 1130 4228 possidere,
1162 4169 1199 4212 ac
1230 4153 1304 4225 illis,
1335 4154 1450 4227 quibus
1473 4153 1649 4226 maluerint,

385 4259 520 4319 vendere
549 4265 579 4319 et
609 4259 714 4318 locare
744 4265 774 4318 et
796 4259 874 4317 alias
896 4257 983 4335 juxta
1007 4275 1116 4318 eorum
1139 4260 1266 4318 libitum
1288 4259 1327 4318 de
1349 4258 1467 4318 eisdem
1490 4273 1550 4333 pro
1566 4258 1650 4317 utili·

386 4371 448 4426 tate
479 4366 607 4424 claustri
637 4371 667 4424 et
698 4365 824 4437 collegii
846 4378 955 4423 eorum
979 4365 1143 4439 disponere
1166 4365 1287 4439 possint
1309 4371 1339 4424 et
1362 4365 1495 4423 valeant
1511 4363 1648 4438 Quibus·

385 4473 513 4548 quidem
543 4473 716 4546 collacioni,
748 4473 910 4532 donacioni
940 4477 992 4530 aut
1023 4472 1184 4546 legacioni,
1215 4472 1375 4543 locacioui,
1407 4469 1644 4544 vendicionique

385 4596 424 4638 ex
446 4595 527 4638 nunc
550 4584 643 4654 prout
666 4585 805 4652 extunc,
830 4594 902 4638 cum
922 4579 1040 4638 scilicet
1062 4578 1141 4638 facte
1165 4579 1288 4652 fuerint,
1311 4583 1340 4636 et
1356 4584 1468 4636 extunc
1491 4582 1586 4652 prout
1608 4591 1648 4634 ex

384 4703 465 4746 nunc
495 4685 600 4744 animo
630 4685 803 4746 deliberato
825 4691 856 4744 et
884 4700 922 4744 ex
945 4690 1029 4744 certa
1049 4691 1155 4744 nostra
1178 4685 1316 4756 sciencia,
1338 4687 1595 4759 prelatorumque
1616 4685 1646 4741 et

385 4795 541 4852 baronum
569 4799 747 4851 nostrorum
779 4792 908 4850 consilio
937 4796 1079 4850 nostrum
1110 4793 1231 4865 regium
1255 4804 1439 4849 consensum
1462 4788 1646 4862 prebuimus

384 4901 567 4964 benivolum
598 4900 715 4976 pariter
752 4905 782 4958 et
812 4914 979 4973 assensum,
1011 4899 1110 4958 immo
1133 4897 1297 4955 annuimus
1329 4903 1359 4954 et
1382 4893 1580 4954 concedimus
1611 4909 1648 4953 ae
