3932 5806
415 565 476 625 aso
824 553 897 612 Doc.
921 551 991 630 187.
1018 587 1058 598 -
1083 555 1139 612 An.
1165 563 1251 630 1457.

410 769 628 829 canonicorum
651 773 681 828 et
703 770 833 844 capituli
855 769 992 828 indebite
1015 774 1215 844 occupassent
1238 775 1268 829 et
1290 771 1392 846 ipsam
1416 785 1454 827 ex
1487 768 1669 829 induccioue

410 881 442 934 et
466 875 596 936 consilio
620 875 830 950 quorumdam
854 877 1031 934 emulorum
1054 873 1174 950 prefate
1208 876 1336 936 ecclesie
1359 882 1389 935 et
1411 875 1542 950 capituli
1568 889 1674 949 zagra·

320 1031 323 1040 .
410 982 524 1042 biensis
555 983 586 1040 in
623 998 735 1056 magna
766 984 814 1042 sui
848 988 936 1059 parte
969 983 1052 1042 dirui
1085 982 1235 1042 iecissent.
1269 983 1487 1060 Supplicantes
1521 982 1674 1040 maiestati

409 1094 514 1146 nostre
536 1088 632 1148 iidem
655 1089 745 1148 Vitus
768 1091 945 1165 prepositus
969 1095 999 1148 et
1022 1089 1167 1149 Clemens
1190 1105 1225 1148 ac
1248 1090 1385 1150 Thomas
1421 1089 1560 1148 canonici
1590 1092 1674 1146 ante·

409 1194 491 1252 dicte
514 1195 643 1254 ecclesie
665 1197 873 1270 zagrablensis
896 1198 927 1255 in
961 1197 1111 1270 personis,
1147 1211 1281 1270 quorum
1319 1211 1422 1271 supra,
1456 1195 1618 1253 humiliter
1641 1199 1672 1252 et

409 1298 528 1372 devote,
552 1305 702 1375 quatenus
726 1301 841 1360 dictam
863 1303 985 1374 turrim,
1011 1317 1106 1376 quam
1128 1303 1205 1360 alias
1222 1302 1334 1376 prefati
1350 1301 1482 1360 condam
1494 1299 1670 1360 Fridericus

409 1413 439 1463 et
463 1406 588 1465 Vlricus
612 1409 747 1480 comites,
771 1413 806 1466 ut
829 1408 949 1479 dicitur,
967 1409 1189 1482 potencialiter·
1205 1414 1414 1481 occupassent,
1438 1407 1514 1480 ipsis
1529 1406 1669 1479 graciose
1745 1420 1750 1428 ·

409 1511 539 1570 reddere
562 1518 592 1572 et
614 1514 772 1573 remittere
795 1513 1003 1588 dignaremur.
1026 1514 1090 1572 Nos
1121 1529 1205 1585 vero,
1241 1529 1313 1572 cum
1347 1514 1431 1588 ipsos
1466 1511 1506 1570 ad
1541 1510 1671 1570 eandem

412 1618 525 1676 turrim
548 1617 597 1695 jus
620 1619 736 1678 habere
771 1635 807 1678 ac
842 1621 943 1694 ipsam
977 1637 1034 1694 per
1067 1619 1223 1694 prefatum
1260 1619 1431 1694 capitulum
1466 1619 1507 1676 ab
1545 1618 1673 1691 antiquo

410 1738 585 1798 possessam
602 1727 847 1798 cognoverimus,
864 1728 905 1785 ob
921 1726 1123 1785 devocionem
1138 1731 1285 1798 nostram,
1301 1741 1396 1800 quam
1408 1725 1448 1783 ad
1460 1725 1670 1783 sanctissimos

409 1846 496 1903 reges
520 1829 711 1905 Stephanum
734 1839 764 1890 et
781 1833 960 1892 Ladislaum
977 1832 1176 1905 confessores,
1192 1833 1224 1890 in
1240 1847 1374 1906 quorum
1397 1832 1526 1890 alterius
1547 1831 1671 1888 nomine

408 1935 528 2009 prelata
551 1938 679 1996 ecclesia
703 1940 910 2012 zagrabiensis
932 1945 1117 2010 constructa,
1148 1940 1228 1997 alter
1262 1953 1337 1996 vero
1372 1939 1472 2012 ipsam
1506 1931 1679 1994 ecclesiam

333 2073 335 2078 ·
408 2043 551 2103 fundasse
575 2045 763 2119 perhibetur.
789 2046 926 2118 gerimus
947 2053 977 2104 et
1000 2047 1158 2118 habemus,
1183 2051 1213 2103 et
1237 2045 1400 2120 presertim
1423 2044 1541 2102 iusticie
1574 2057 1670 2100 annu·

408 2155 502 2222 entes,
537 2151 824 2226 supplicacionibus
858 2153 1118 2226 antescriptorum
1154 2152 1217 2210 Viti
1253 2151 1412 2226 prepositi,
1446 2149 1667 2222 magistrorum

408 2254 576 2314 Clementis
599 2263 629 2315 et
651 2257 771 2316 Thome
794 2259 1012 2316 canonicorum
1037 2259 1173 2332 sepelate
1205 2259 1332 2316 ecclesie
1367 2255 1574 2330 zagrabiensis
1613 2270 1670 2328 per

408 2377 460 2418 eos
485 2363 516 2419 in
539 2365 686 2437 personis,
711 2380 845 2438 quorum
867 2381 970 2440 supra,
1002 2371 1105 2424 nostre
1139 2365 1313 2423 humilliter
1342 2364 1493 2438 porrectis
1517 2361 1670 2419 maiestati

410 2483 523 2540 magna
547 2470 660 2543 pietate
682 2471 835 2530 exauditis
858 2477 888 2530 et
911 2471 1080 2529 clementer
1102 2471 1254 2543 admissis,
1277 2475 1448 2543 pretactam
1477 2468 1588 2527 turrim
1617 2482 1669 2524 an·

411 2573 576 2632 telatorum
608 2577 826 2635 canonicorum
857 2583 887 2636 et
921 2578 1050 2651 capituli
1085 2577 1262 2652 supradicte
1296 2577 1424 2634 ecclesie
1459 2573 1666 2647 zagrabiensis

409 2681 536 2752 speciali
558 2683 662 2754 gracia
677 2691 781 2740 nostra
805 2689 835 2742 et
848 2685 1008 2758 potestatis
1023 2683 1215 2758 plenitudine
1231 2701 1269 2741 ex
1284 2689 1428 2756 certaque
1443 2687 1546 2739 nostre
1573 2680 1666 2736 maie·

406 2787 492 2844 statis
514 2788 645 2846 sciencia
667 2794 697 2847 et
716 2790 819 2848 animo
843 2790 1025 2860 deliberat0,
1057 2791 1249 2864 prelatorum
1272 2789 1371 2847 eciam
1394 2795 1425 2846 et
1447 2787 1600 2846 baronum
1631 2801 1668 2843 ac

408 2893 655 2952 consiliariorum
677 2901 852 2954 nostrorum
878 2897 916 2954 ad
940 2897 970 2955 id
995 2896 1158 2954 accedente
1170 2897 1308 2968 consili0,
1324 2895 1441 2953 eisdem
1463 2893 1616 2952 canonicis
1638 2898 1669 2949 et

406 2999 544 3070 capitulo
568 3001 695 3059 iamsate
718 3002 845 3060 ecclesie
866 3004 1074 3075 zagrabiensis
1098 3019 1169 3060 cum
1192 3004 1255 3061 suis
1289 3003 1371 3060 veris
1402 3001 1493 3058 metis
1522 3015 1558 3056 ac
1586 3013 1667 3068 area,

405 3119 523 3162 necnon
546 3107 631 3164 curia
654 3113 684 3164 et
717 3107 871 3180 domibus,
906 3111 1076 3183 ceterisque
1111 3111 1182 3166 aliis
1212 3110 1375 3167 structuris
1410 3113 1440 3165 et
1463 3105 1592 3164 edificiis
1624 3104 1666 3162 ad

404 3209 534 3268 eandem
558 3213 669 3270 turrim
691 3213 730 3271 de
752 3211 818 3288 jure
842 3221 872 3272 et
894 3216 934 3272 ab
958 3217 1085 3288 antiquo
1108 3217 1318 3288 spectantibus
1330 3221 1360 3272 et
1378 3214 1532 3286 pertinere
1548 3211 1663 3270 deben-

405 3317 487 3374 tibus
512 3317 657 3376 duximus
679 3320 896 3378 remittendam
920 3327 950 3378 et
972 3321 1183 3392 relaxandam,
1206 3322 1303 3379 immo
1326 3319 1513 3378 remittimus
1531 3327 1561 3377 et
1584 3319 1665 3377 rela-

405 3439 515 3482 xamus
538 3441 594 3499 per
625 3425 749 3484 eosdem
770 3429 933 3486 canonicos
967 3434 997 3485 et
1030 3429 1204 3502 capitulum
1236 3427 1373 3502 predicte
1410 3426 1538 3485 ecclesie
1560 3441 1665 3500 zagra·

404 3532 518 3589 biensis
540 3547 577 3589 eo
599 3533 673 3603 iure,
697 3547 759 3606 quo
782 3547 851 3590 eam
875 3535 1020 3607 perprius
1044 3549 1098 3592 seu
1121 3535 1162 3592 ab
1185 3535 1311 3606 antiquo
1335 3537 1498 3590 tenuerunt
1533 3538 1564 3589 et
1592 3545 1663 3605 pos·

403 3637 555 3708 sederunt,
574 3638 748 3710 tenendam,
772 3639 992 3712 possidendam
1017 3642 1133 3714 pariter
1155 3647 1185 3698 et
1209 3640 1393 3710 habendam,
1430 3639 1526 3697 salvis
1559 3642 1663 3696 tamen

403 3741 523 3818 juribus
546 3745 664 3803 alienis.
689 3746 722 3802 ln
744 3746 830 3802 cuius
851 3747 896 3803 rei
913 3747 1107 3818 memoriam,
1126 3747 1369 3819 firmitatemque
1384 3751 1578 3821 perpetuam,
1596 3759 1666 3818 pre·

404 3855 503 3906 sentes
526 3851 644 3909 litteras
667 3857 796 3923 nostras,
821 3854 936 3926 quibus
959 3859 1113 3911 secretum
1136 3854 1276 3926 sigillum
1300 3858 1450 3923 nostrum,
1475 3867 1538 3926 quo
1561 3855 1596 3909 ut
1609 3866 1665 3908 rex

405 3957 562 4028 Hungarie
586 3959 710 4028 utimur,
734 3965 779 4015 est
802 3974 986 4033 appensum,
1009 3959 1126 4017 eisdem
1150 3960 1306 4017 canonicis
1340 3965 1370 4016 et
1409 3959 1547 4031 capitulo
1582 3955 1664 4014 dicte

404 4063 531 4120 ecclesie
553 4065 768 4136 zagrabiensis,
791 4064 938 4122 duximus
960 4065 1177 4124 concedendas.
1201 4067 1318 4123 Datum
1357 4063 1441 4124 Bude
1464 4063 1541 4122 feria
1569 4063 1662 4121 tercia

404 4169 547 4242 proxima
570 4175 640 4227 ante
670 4168 783 4228 festum
819 4173 1014 4231 Ascensionis
1048 4173 1172 4231 domini.
1208 4175 1298 4232 Anno
1332 4171 1470 4230 eiusdem
1494 4169 1663 4228 millesimo

404 4275 707 4347 quadringentesimo
723 4277 981 4350 quinquagesimo
998 4279 1139 4350 septimo.
1157 4280 1335 4351 Regnorum
1353 4281 1457 4335 autem
1474 4271 1670 4347 nostrorum,

403 4397 483 4439 anno
505 4383 662 4455 Hungarie
686 4389 740 4441 etc.
765 4383 885 4440 decimo
908 4384 1050 4456 septimo,
1076 4383 1220 4441 Bohemie
1244 4399 1318 4441 vero
1342 4389 1461 4456 quarto.

489 4568 642 4634 'Originale
661 4571 687 4618 in
706 4571 860 4620 membrana.
880 4571 906 4618 A
926 4585 990 4618 zona
1009 4571 1105 4619 sericea
1123 4571 1192 4619 rubri
1211 4576 1236 4618 et
1256 4571 1345 4619 viridis
1363 4569 1456 4619 coloris
1480 4570 1609 4635 appendet
1629 4571 1661 4620 si·

402 4657 501 4720 gilium.
520 4659 552 4706 ln
571 4657 665 4709 archiv.
686 4673 741 4709 ven.
761 4658 847 4723 Capit.
864 4659 964 4722 zagrab.
986 4660 1049 4710 Act.
1068 4659 1131 4726 Cap.
1150 4667 1201 4708 ant.
1220 4660 1281 4710 fasc.
1305 4671 1342 4709 ιο.
1363 4674 1400 4709 nr.
1421 4671 1444 4723 5.
