3804 5858
407 531 471 592 430
818 516 893 575 Doc.
910 531 986 595 342.
1011 549 1053 562 -
1074 518 1132 578 An„
1157 514 1248 596 1487.

404 731 478 815 Jesu
508 731 632 804 Christi,
656 732 811 806 virginem
833 734 974 806 Mariam,
997 734 1215 807 protectricem
1237 741 1268 793 et
1290 734 1451 794 dominam
1473 741 1612 796 nostram
1634 751 1671 796 ac

403 837 445 896 ad
467 837 623 898 dictorum
645 837 777 897 fratrum
799 839 1030 898 Heremitarum
1063 840 1222 899 oraciones
1251 845 1282 898 et
1312 841 1595 918 contemplaciones
1617 857 1669 917 ge·

402 943 503 1002 rimus
536 942 669 1002 firmiter
702 947 733 1000 et
765 943 926 1016 habemus,
958 945 1166 1004 concessimus
1199 952 1230 1004 et
1263 947 1428 1005 annuimus
1450 953 1544 1022 atque
1564 954 1668 1008 ratum

402 1055 554 1125 perpetuo
584 1066 620 1109 ac
653 1055 779 1124 gratum
806 1051 922 1110 habere
945 1055 975 1109 et
997 1065 1123 1110 servare
1145 1057 1176 1110 et
1198 1052 1317 1110 servari
1339 1051 1439 1112 facere
1462 1053 1666 1126 decrevimus,

403 1161 438 1214 ut
461 1155 522 1230 ipsi
545 1155 657 1216 fratres
679 1157 839 1216 Heremite
861 1172 913 1215 seu
937 1157 1108 1216 claustrum
1133 1157 1247 1216 dictam
1270 1159 1382 1217 turrim
1398 1173 1507 1218 eorum
1522 1161 1553 1218 in
1568 1161 1665 1219 nostri

402 1261 506 1320 medio
529 1263 719 1334 existentem,
753 1261 947 1332 reedificare,
979 1263 1100 1322 munire
1132 1278 1168 1321 ac
1199 1263 1309 1322 domos
1339 1269 1370 1322 et
1391 1263 1522 1336 edificia,
1544 1281 1663 1325 necnon

401 1367 520 1426 curiam
551 1372 582 1426 et
612 1369 750 1427 ortulum
779 1369 896 1427 circum
919 1369 1050 1428 eandem
1073 1371 1185 1428 turrim
1207 1369 1240 1428 in
1263 1370 1353 1429 dictis
1375 1370 1438 1430 suis
1461 1370 1565 1430 fundis
1587 1372 1667 1430 erri-

400 1488 482 1547 gere,
506 1479 692 1546 construere,
705 1475 931 1548 amenitateque
947 1481 1102 1534 structura
1115 1481 1146 1533 et
1156 1474 1364 1535 edificacionis
1379 1491 1416 1534 ac
1431 1475 1662 1536 fortificacionis

400 1579 546 1639 decorare
568 1580 694 1640 valeant
716 1595 753 1638 ac
775 1585 926 1657 perpetuo
949 1579 1015 1656 jure
1038 1583 1121 1640 etin
1144 1597 1238 1640 evum
1268 1582 1397 1657 pacifice
1421 1582 1542 1658 possint
1562 1583 1664 1656 possi·

399 1684 481 1759 dere,
505 1686 546 1744 ab
567 1685 775 1760 omnibusque
797 1691 828 1745 et
849 1687 980 1760 singulis
994 1687 1108 1746 nostris
1131 1688 1425 1756 contribucionibus.
1441 1687 1546 1760 daciis,
1561 1692 1663 1746 custo·

398 1789 521 1849 diarum
529 1791 662 1850 civitatis
677 1791 932 1864 exhibicionibus‚
945 1792 1159 1866 tlacisquoque
1174 1797 1205 1851 et
1220 1807 1237 1851 a
1253 1793 1416 1865 quibusvis
1430 1792 1586 1866 oneribus,
1603 1808 1663 1866 que

398 1897 431 1956 in
453 1896 558 1956 medio
580 1899 678 1957 nostri
701 1913 755 1956 seu
777 1913 835 1972 per
857 1912 913 1956 nos
936 1897 1086 1956 duntaxat
1108 1898 1176 1957 fieri
1199 1903 1230 1956 et
1252 1891 1372 1972 imponi
1394 1898 1530 1957 solerent
1544 1902 1576 1956 et
1591 1912 1662 1956 con-

401 2003 480 2076 tingi
503 2010 638 2078 possent,
654 2004 716 2062 sint
736 2002 832 2062 iidem
855 2002 966 2062 fratres
989 2004 1148 2062 Heremite
1170 2010 1200 2063 et
1215 2005 1354 2078 ipsorum
1370 2003 1507 2063 universi
1521 2004 1662 2062 homines

399 2124 453 2166 seu
477 2109 622 2183 inquilini
644 2109 759 2168 dictam
783 2110 895 2168 turrim
911 2125 966 2169 seu
982 2109 1093 2168 domos
1108 2115 1139 2169 et
1154 2111 1271 2168 curiam
1288 2110 1493 2169 inhabitantes
1510 2116 1661 2185 perpetuo

397 2220 428 2273 et
450 2215 481 2273 in
504 2229 598 2273 evum
613 2215 781 2288 exonerati,
805 2215 990 2290 penitusque
1011 2219 1043 2274 et
1064 2216 1191 2275 omnino
1214 2215 1290 2274 liant
1313 2215 1451 2290 exempti
1473 2222 1504 2275 et
1526 2217 1659 2292 subpor-

397 2321 461 2379 tati.
484 2321 553 2378 Hoc
575 2329 677 2379 tamen
701 2322 784 2380 clare
807 2336 964 2396 expresso,
988 2321 1072 2396 quod
1096 2323 1122 2380 si
1153 2323 1268 2397 plures,
1300 2336 1394 2396 quam
1428 2337 1534 2393 unum,
1559 2322 1659 2396 inqui·

395 2428 477 2486 linos
500 2427 573 2486 dicti
598 2426 710 2486 fratres
732 2428 890 2486 Heremite
913 2429 945 2486 in
967 2427 1097 2502 prefatis
1120 2444 1228 2486 eorum
1251 2429 1337 2500 turri,
1361 2411 1507 2486 domibus'
1525 2433 1556 2487 et
1570 2427 1656 2488 curia

393 2535 600 2594 inhabitatore
622 2539 653 2592 et
675 2535 792 2592 morari
814 2535 972 2593 voluerint
995 2538 1026 2592 et
1055 2535 1260 2609 permiserint,
1291 2541 1363 2593 tunc
1393 2534 1472 2592 tales
1502 2533 1654 2608 inquilini,

393 2641 418 2699 si
441 2641 557 2716 plures,
581 2655 675 2714 quam
698 2655 785 2712 unus,
808 2639 932 2713 fuerint,
955 2641 1041 2699 iuxta
1063 2642 1167 2713 ritum,
1199 2641 1326 2699 modum
1350 2647 1381 2700 et
1403 2640 1656 2700 consvetudinem

393 2753 497 2805 nostre
531 2745 665 2806 civitatis
695 2746 735 2804 ad
765 2752 911 2805 consveta
933 2747 1067 2805 civitatis
1090 2753 1194 2805 nostre
1217 2746 1369 2822 portanda
1391 2762 1485 2806 onera
1509 2755 1602 2822 prout
1625 2752 1656 2804 et

391 2853 485 2910 ceteri
508 2854 585 2911 tales
608 2843 795 2910 tenebuntur
817 2857 848 2910 et
870 2853 1023 2926 premissa
1046 2849 1191 2912 libertate
1212 2868 1274 2912 non
1296 2852 1446 2912 fruentur.
1470 2851 1652 2911 addicimus

390 2959 517 3034 insuper
547 2963 577 3016 et
607 2957 764 3031 volumus,
796 2956 880 3031 quod
903 2957 1000 3017 iidem
1023 2957 1135 3018 fratres
1157 2959 1316 3018 Heremite
1338 2965 1369 3017 et
1391 2957 1564 3017 claustrum
1587 2957 1653 3016 uni·

390 3079 516 3122 versum
540 3064 700 3139 perpetuis
724 3065 920 3138 temporibus
942 3065 1073 3138 singulis
1095 3065 1183 3124 annis
1206 3067 1325 3140 possint
1340 3065 1456 3124 dictam
1472 3065 1584 3124 turrim
1599 3079 1654 3122 seu

388 3169 552 3229 cellarium
574 3169 607 3228 in
629 3168 739 3228 eadem
761 3170 905 3229 habitum
927 3171 1024 3229 semel
1048 3171 1194 3230 videlicet
1216 3177 1336 3230 tantum
1360 3171 1392 3230 in
1415 3171 1559 3245 quolibet
1573 3184 1653 3228 anno

388 3291 460 3334 cum
483 3276 556 3335 vino
579 3275 702 3350 replere
724 3292 760 3335 ac
782 3275 961 3336 huiusmodi
984 3277 1093 3334 vinum
1115 3277 1195 3335 inter
1217 3291 1274 3335 nos
1303 3283 1333 3335 et
1362 3277 1460 3335 eciam
1490 3275 1651 3346 extraneis,

389 3386 484 3457 prout
506 3382 621 3456 aliquis
644 3383 818 3442 concivium
842 3387 1029 3455 nostrorum,
1045 3383 1145 3441 libere
1168 3383 1344 3457 propinare,
1367 3382 1501 3441 vendere
1523 3397 1560 3440 ac
1575 3397 1648 3439 ven·

391 3487 505 3547 dicioni
525 3487 700 3563 exponendi
731 3487 857 3562 plenam
888 3488 1023 3546 habeant
1053 3487 1233 3546 facultatem
1265 3493 1357 3562 atque
1383 3487 1545 3546 vendendi.
1579 3486 1653 3544 Hoc

386 3595 483 3653 eciam
507 3610 568 3654 non
591 3594 801 3670 pretermisso,
817 3593 900 3668 quod
924 3593 999 3652 dicti
1023 3593 1133 3652 fratres
1156 3594 1313 3652 Heremite
1334 3609 1388 3651 seu
1404 3593 1574 3652 claustrum
1590 3593 1651 3650 sin·

389 3701 471 3775 gulis
493 3701 581 3760 annis
604 3701 700 3760 tercio
723 3700 774 3759 die
796 3699 867 3759 festi
889 3701 972 3758 beati
995 3699 1118 3759 Martini
1140 3700 1278 3776 episcopi
1301 3715 1398 3758 unum
1422 3699 1571 3757 florenum
1592 3712 1651 3773 pro

388 3807 593 3884 prefatorum,
616 3807 779 3882 presertim
803 3807 947 3866 vinorum
982 3805 1172 3879 vendicione,
1202 3813 1306 3865 nostre
1336 3805 1552 3864 communitati
1583 3818 1650 3862 ma·

383 3914 476 3973 nibus
499 3913 645 3972 videlicet
667 3911 777 3989 judicis
799 3913 898 3972 nostri
920 3928 979 3988 pro
1001 3918 1144 3987 tempore
1166 3913 1324 3972 constituti
1346 3911 1421 3972 dare
1441 3919 1471 3970 et
1488 3912 1644 3984 assignare

386 4035 422 4079 ac
445 4020 504 4078 sibi
539 4021 616 4095 ipsis
650 4021 691 4078 ab
724 4019 834 4080 eodem
864 4017 966 4095 judice
989 4019 1120 4094 proinde
1142 4018 1351 4094 expeditorias
1374 4032 1543 4094 procurare
1565 4021 1647 4074 tene·

382 4127 499 4190 buntur
522 4132 552 4184 et
575 4131 665 4186 erunt
687 4127 826 4200 obligati.
858 4126 892 4184 In
915 4127 1002 4184 cuius
1023 4125 1068 4184 rei
1091 4125 1284 4198 memoriam,
1308 4124 1550 4198 firmitatemque
1573 4138 1644 4198 per·

381 4239 508 4308 petuam
525 4233 721 4308 presentibus
736 4232 877 4305 sigillum
893 4236 1033 4290 nostrum
1050 4245 1215 4290 commune
1234 4230 1381 4290 <luximus
1396 4228 1647 4306 appendendum.

380 4339 498 4399 Datum
523 4340 599 4399 feria
621 4348 707 4399 sexta
729 4340 873 4414 proxima
897 4345 969 4413 post
990 4339 1103 4398 festum
1127 4339 1337 4397 conversionis
1359 4337 1456 4396 sancti
1468 4337 1557 4396 Pauli
1572 4349 1646 4412 apo-

379 4447 461 4506 stoli.
483 4449 571 4506 Anno
595 4445 713 4505 domini
737 4445 907 4504 millesimo
931 4445 1236 4518 quadringentesimo
1260 4445 1470 4518 octuagesimo
1500 4442 1644 4516 septimo.

483 4635 589 4686 Summa
611 4632 803 4700 privilegiorum
828 4635 976 4683 monasterii
1005 4634 1180 4686 Remetensis.
1200 4632 1278 4685 MSC.
1307 4633 1339 4681 In
1362 4631 1462 4681 erhivio
1481 4630 1540 4681 incl.
1561 4629 1637 4680 And

378 4725 474 4778 Scient.
491 4723 590 4778 Slevor.
609 4723 700 4776 merid.
