3948 5804
810 549 883 607 Doc.
908 545 959 626 63.
985 583 1023 593 -
1053 549 1108 608 An.
1133 561 1225 625 1433.

988 759 1049 824 63.

492 898 573 946 Auno
595 909 670 962 1433,
693 912 731 964 14.
750 901 848 952 marcii.
867 899 1113 965 Quinqueecclesiis.

418 1024 446 1081 A
462 1024 604 1100 Jodanne
626 1027 744 1098 Albeno,
766 1029 846 1102 ept'sc.
870 1029 1000 1102 zagrab,
1015 1029 1072 1101 pia
1096 1028 1192 1102 legata
1208 1032 1376 1084 testamento
1399 1025 1612 1098 relinquuntur.

487 1169 555 1227 Hoc
577 1185 657 1230 anno
684 1186 775 1247 1433·
802 1187 848 1248 14.
873 1173 985 1244 martii,
1009 1172 1143 1254 Joannes
1164 1170 1330 1244 episcopus
1352 1166 1567 1241 zagrabiensis,
1590 1166 1647 1224 im·

382 1275 462 1347 perii
485 1280 515 1333 et
537 1277 623 1350 regni
648 1278 807 1351 Hungarie
829 1279 1032 1337 cancellarius
1052 1283 1199 1349 aegrotus
1222 1275 1411 1334 decumbens
1423 1271 1648 1348 Quinqueccle·

382 1379 436 1438 siis
459 1381 490 1439 in
522 1383 658 1440 stubella
693 1398 792 1457 parva
822 1385 854 1442 in
887 1383 1005 1458 palatio
1039 1384 1126 1441 chori
1156 1383 1187 1441 in
1217 1385 1319 1440 castro
1351 1377 1648 1454 quinquecclesiensi

386 1491 605 1545 testamentum
628 1488 774 1562 condidit,
799 1491 830 1548 in
854 1504 916 1563 quo
939 1489 1091 1564 disponit:
1122 1488 1206 1562 quod
1231 1487 1308 1545 velit
1330 1485 1457 1561 sepeliri
1479 1483 1647 1557 Zagrabiae

382 1592 413 1649 in
436 1591 607 1652 cathedrali
630 1599 700 1652 ante
719 1610 810 1652 suum
826 1595 925 1652 altare
940 1596 971 1652 in
986 1597 1089 1654 choro.
1112 1594 1314 1667 Argenteriae
1326 1593 1420 1651 totius
1443 1589 1645 1648 medietatem

381 1698 465 1770 legat
488 1697 634 1757 ecclesiae
656 1700 849 1771 zagrabiensi
872 1701 904 1758 in
925 1705 1052 1758 ornatus
1066 1700 1272 1774 reliquiarum
1296 1707 1326 1757 et
1348 1699 1460 1756 calices
1482 1701 1537 1754 etc.
1560 1693 1648 1771 juxta

381 1802 617 1876 dispositionem
647 1805 792 1880 capituli;
825 1803 999 1864 medietatis
1029 1821 1105 1864 vero
1135 1821 1231 1864 unam
1262 1811 1383 1880 partem
1406 1802 1577 1876 Rudolpho
1608 1799 1647 1858 de

385 1909 489 1967 Alben
512 1915 542 1968 et
565 1909 603 1968 de
626 1909 739 1968 Medve
762 1909 855 1968 fratri
879 1926 934 1968 suo
959 1911 1084 1982 carnali,
1112 1918 1147 1969 ut
1168 1927 1277 1986 preces
1300 1909 1368 1968 fieri
1390 1915 1476 1966 curet
1499 1921 1557 1982 pro
1581 1904 1647 1982 ejus

382 2021 413 2073 et
435 2015 609 2074 Eberhardi
633 2015 764 2074 condam
789 2016 936 2090 episcopi,
960 2016 1066 2075 fratris
1082 2017 1156 2090 eius,
1179 2017 1296 2086 anima;
1319 2015 1415 2073 aliam
1438 2027 1513 2071 vero
1536 2025 1648 2085 aequa·

383 2121 447 2178 lem
470 2127 594 2196 partem
624 2123 708 2195 legat
743 2121 914 2181 cathedrali
945 2139 967 2181 s.
990 2123 1073 2182 Petri
1101 2122 1398 2197 quinquecclesiensi
1430 2120 1469 2178 ad
1501 2117 1648 2177 emendas

382 2242 498 2302 cappas
521 2235 551 2286 et
574 2233 755 2286 ornamenta
778 2227 932 2286 ecclesiae.
967 2229 1087 2302 Libros,
1118 2229 1240 2302 casulas
1262 2244 1298 2286 ac
1321 2233 1423 2286 vestes
1452 2223 1648 2300 pontificales

382 2333 530 2392 ecclesiae
563 2333 762 2407 zagrabiensi.
796 2333 978 2393 Breviarum
1008 2349 1084 2394 vero
1117 2335 1263 2393 ecclesiae
1298 2332 1488 2403 dumbrensi,
1524 2335 1558 2388 ut
1580 2327 1647 2404 ejus

382 2443 517 2496 rectores
539 2454 599 2512 pro
621 2439 691 2514 ipso
714 2447 810 2497 orent
846 2439 1001 2498 Vestitum
1032 2457 1133 2513 suum,
1165 2447 1228 2499 tres
1250 2441 1325 2498 item
1357 2454 1466 2497 currus
1494 2437 1592 2512 ipsius
1616 2439 1646 2491 et

383 2549 530 2617 quartum
551 2545 740 2620 pendentem
763 2562 824 2604 una
848 2562 920 2604 cum
943 2547 1031 2620 equis
1053 2546 1211 2606 curtiferis
1234 2547 1319 2620 legat
1341 2543 1575 2620 praebendariis
1597 2557 1646 2599 za·

382 2651 600 2723 grabieusibus
623 2657 654 2711 et
678 2653 919 2712 chasmensibus.
949 2653 1070 2712 Pannos
1100 2667 1230 2726 magnos
1253 2651 1442 2724 imaginibus
1465 2657 1496 2707 et
1518 2647 1647 2724 picturis

383 2762 549 2830 contextos,
567 2757 686 2817 dudum
705 2757 769 2836 jam
793 2776 850 2834 per
873 2776 944 2818 eum
968 2760 1115 2818 ecclesiae
1130 2758 1321 2831 zagrabiensi
1344 2756 1521 2829 destinatos,
1545 2754 1647 2812 eidem

385 2863 479 2936 legat,
502 2863 724 2937 appendendos
747 2865 810 2922 suis
840 2867 1042 2940 temporibus.
1065 2864 1231 2924 Civitatem
1255 2863 1293 2922 de
1315 2868 1421 2922 monte
1443 2861 1541 2921 Grecz
1562 2859 1650 2936 juxta

383 2967 569 3040 Zagrabiam
592 2970 691 3043 sitam,
717 2985 812 3044 quam
834 2985 853 3028 a
876 2969 1075 3043 Sigismundo
1090 2972 1181 3029 titulo
1197 2971 1336 3045 pignoris
1352 2967 1540 3044 possidebat,
1563 2967 1647 3039 legat

383 3075 458 3147 regi,
481 3075 582 3134 eidem
605 3077 770 3151 pecuniam
793 3076 959 3151 superinde
981 3091 1166 3147 concessam,
1189 3075 1368 3134 relaxando.
1402 3073 1531 3132 Ratione
1554 3071 1648 3129 castri

383 3180 500 3253 Kuvar,
524 3183 657 3242 civitatis
679 3183 878 3257 Kapronczae
909 3199 980 3241 cum
1010 3183 1211 3258 pertinentiis,
1241 3182 1317 3239 item
1339 3179 1518 3238 Zent·Peter
1547 3192 1647 3252 prope

382 3287 524 3356 Dravum
548 3293 578 3346 et
598 3289 759 3360 tributum,
794 3288 877 3362 quod
908 3289 948 3346 ab
972 3289 1083 3347 eodem
1117 3287 1316 3360 sigismundo
1349 3287 1525 3344 obtinuerat
1554 3283 1647 3343 titulo

382 3393 522 3467 pignoris
543 3410 602 3468 pro
624 3395 880 3468 hungaricalibus
916 3409 1030 3453 ιο.οοο
1054 3401 1084 3452 et
1109 3409 1179 3468 300.
1210 3392 1436 3470 jobagionibus,
1460 3407 1539 3467 quos
1561 3390 1646 3450 idem

383 3498 599 3572 Sigismundus
632 3501 751 3559 ratione
786 3508 960 3559 castrorum
983 3501 1103 3559 Tadika
1137 3509 1167 3558 et
1201 3500 1330 3558 Peleslre
1360 3515 1419 3573 pro
1450 3497 1646 3556 curatoribus

383 3605 484 3662 eidem
505 3606 617 3689 Joanni
640 3606 714 3665 dare
738 3607 933 3680 promiserat,
956 3608 1001 3664 sic
1025 3607 1176 3681 disponit:
1209 3605 1432 3664 considerando
1455 3601 1648 3677 Sigismundi

383 3712 413 3769 in
437 3727 469 3769 se
493 3712 714 3785 benignitatem
740 3728 824 3787 3000
848 3713 912 3772 flor.
937 3715 964 3771 ei
987 3714 1118 3770 remittit
1141 3711 1179 3770 de
1194 3727 1317 3770 summa
1337 3727 1450 3770 ιο.οοο
1473 3711 1505 3768 in
1527 3710 1646 3768 tributo

384 3822 415 3874 et
438 3819 631 3891 possessione
647 3818 825 3877 Zent·Peter
840 3820 1042 3888 haerentium;
1064 3819 1203 3891 reliquos
1223 3833 1297 3876 eero
1323 3831 1407 3886 7000
1431 3816 1496 3874 flor.
1520 3821 1550 3872 et
1574 3812 1646 3883 600,

383 3923 541 3982 civitatem
565 3929 594 3982 et
619 3939 690 3998 300.
705 3923 885 4000 jobagiones
908 3924 997 3984 fratri
1020 3925 1103 3996 legat
1126 3923 1323 3982 medietatem
1347 3924 1438 3982 castri
1461 3928 1491 3979 et
1514 3919 1647 3979 civitatis

383 4045 439 4103 per
462 4037 641 4088 executores
664 4029 883 4104 possidendam
898 4047 996 4104 usque
1012 4029 1051 4088 ad
1069 4037 1191 4104 tempus
1206 4028 1430 4104 redemptionis
1448 4043 1505 4103 pro
1528 4027 1647 4098 [abrica

385 4138 531 4195 ecclesiae
554 4137 769 4209 zagrabiensis.
793 4137 875 4195 Flor.
899 4137 967 4194 auri
991 4151 1062 4210 315.
1090 4143 1231 4210 receptos
1254 4152 1273 4194 a
1296 4137 1412 4194 vicario
1436 4150 1493 4194 suo
1516 4137 1547 4193 in
1570 4143 1646 4192 tem·

383 4243 546 4314 poralibus
569 4242 699 4313 Thoma‚
723 4258 781 4316 pro
805 4243 943 4300 missas.
967 4241 1116 4317 Stephani
1142 4243 1224 4316 regis
1246 4244 1278 4300 in
1301 4243 1472 4300 cathedrali
1496 4247 1647 4316 perpetuo

384 4347 580 4420 celebranda,
609 4349 742 4406 comittit
766 4349 981 4407 executoribus
1011 4355 1045 4406 ut
1066 4350 1199 4421 solvant,
1230 4365 1289 4423 pro
1320 4366 1381 4423 qua
1412 4349 1541 4424 pecunia
1563 4362 1647 4406 acce·

384 4453 527 4512 dentibus
550 4453 796 4512 ordinationibus
812 4453 972 4530 eujusdem
995 4453 1058 4530 J'am
1075 4455 1163 4513 tactis
1179 4457 1260 4514 cirea
1276 4463 1411 4514 castrum
1429 4455 1562 4514 Kemlek
1578 4455 1647 4512 vult

383 4576 452 4618 eam
465 4562 593 4619 missam
610 4568 762 4634 perpetuo
778 4561 929 4619 celebrari
945 4561 1075 4633 singulis
1092 4561 1210 4619 diebus.
1226 4562 1322 4634 Legat
1337 4563 1465 4634 insuper
1483 4575 1565 4630 1500
1578 4560 1645 4620 flor.

383 4667 423 4724 ad
446 4666 600 4725 fabricam
623 4667 770 4724 ecclesiae
792 4667 1000 4739 zagrabiensis
1031 4667 1278 4725 continuandam.
1311 4668 1429 4725 Anulos
1460 4669 1544 4740 legat
1566 4667 1646 4724 filia·

384 4775 443 4830 bus
467 4774 616 4832 Anthonii
640 4773 762 4831 comitis
786 4771 824 4828 dc
847 4771 965 4844 Blagay
988 4789 1026 4830 ex
1042 4772 1225 4846 Magdalena
1249 4788 1355 4830 sorore
1377 4771 1443 4849 ejus
1466 4773 1646 4847 progenitis.

383 4879 533 4937 Pulvinar
555 4895 648 4937 suum
677 4876 779 4954 majus
808 4878 840 4936 in
870 4883 969 4935 castro
993 4877 1171 4952 Gompnecz
1200 4879 1342 4936 habitum
1377 4880 1546 4938 successori
1581 4879 1646 4952 epi·

383 5000 480 5060 scopo
503 4985 703 5058 zagrabiensi.
727 4983 832 5044 Unum
852 4983 1001 5057 pulvinar
1017 5000 1165 5058 magnum
1188 4986 1220 5043 in
1243 4991 1343 5044 castro
1359 4986 1480 5044 Medwe
1503 4986 1645 5044 habitum
