3948 5804
406 567 445 636 58
831 561 904 620 Dec.
927 555 980 638 48,
1005 594 1044 603 -
1069 561 1126 618 An.
1150 571 1237 638 1427.

371 755 374 760 ¹
404 779 480 838 ratis
503 783 533 835 et
556 768 626 837 aliis
648 775 770 838 civibus
794 765 1184 852 processissent'dui‘ipsi
1203 775 1337 860 ¹nobiles
1367 775 1430 834 fide
1459 775 1669 848 sollempnem

405 883 548 943 fecissent
568 883 837 958 protestacionem.
861 883 991 942 Etcum
1014 883 1140 941 tandem
1163 883 1303 956 sequenti
1326 881 1376 940 die
1400 881 1557 941 uidelicet
1590 877 1668 940 feria
1697 930 1705 938 .

405 992 512 1064 quinta
536 990 680 1067 proxima
702 995 772 1048 ante
796 990 911 1048 festum
934 989 1111 1065 predictum
1134 988 1360 1047 Purificationis
1384 988 1513 1062 virginis
1532 987 1668 1060 gloriose

370 1093 378 1104 '
403 1095 518 1171 prelati
540 1095 658 1173 judices
680 1097 836 1158 nobilium
861 1112 918 1170 per
940 1096 1059 1155 dictum
1090 1095 1264 1170 capitulum
1295 1095 1440 1154 destinati
1475 1094 1515 1153 ad
1549 1092 1668 1152 dictum

404 1209 531 1279 portum
552 1203 651 1262 insule
672 1204 767 1288 Jarun
792 1203 997 1278 personaliter
1026 1203 1232 1273 accessissent,
1257 1209 1330 1260 tunc
1352 1200 1471 1259 ibidem
1487 1197 1573 1276 juxta
1597 1177 1666 1273 pre·

404 1307 521 1368 dictum
546 1315 674 1383 portum
697 1310 881 1368 effusionem
904 1309 1063 1382 sanguinis
1086 1297 1125 1367 de
1149 1308 1332 1387 vulneribus
1355 1307 1510 1366 dictorum
1534 1303 1668 1364 familia·

403 1413 486 1472 rium
520 1412 633 1488 prefati
667 1413 786 1472 domini
820 1415 954 1473 cantoris
988 1414 1134 1472 similiter
1165 1413 1315 1472 vidissent
1345 1411 1408 1476 fide
1441 1411 1589 1483 occulata,
1613 1411 1686 1486 ubi,

403 1519 501 1578 eciam
523 1525 713 1578 memoratus
731 1521 879 1578 Martinus
902 1525 1012 1592 sartor,
1030 1519 1235 1595 personaliter
1249 1517 1435 1588 adherendo,
1451 1519 1529 1592 ipsis
1543 1516 1669 1576 audien-

403 1625 488 1683 tibus
511 1625 653 1686 dixisset:
678 1625 763 1700 quod
787 1627 859 1686 licet
881 1628 1041 1702 hucusque
1063 1627 1095 1684 in
1118 1625 1245 1684 iamiata
1275 1625 1357 1684 silva
1389 1625 1531 1682 homines
1563 1629 1594 1682 et
1624 1621 1669 1682 fa-

405 1731 544 1790 miliares
578 1732 653 1791 dicti
688 1733 817 1807 capituli
851 1739 973 1792 nostras
1006 1747 1130 1791 secures
1163 1732 1345 1807 receperint,
1369 1730 1407 1789 de
1430 1735 1533 1790 cetero
1553 1734 1665 1801 tamen,

404 1839 499 1897 talem
522 1809 669 1898 timorem
692 1840 811 1898 vellent
833 1840 877 1898 eis
900 1840 1045 1912 incutere,
1075 1839 1159 1914 quod
1190 1839 1265 1897 talia
1299 1837 1401 1896 facere
1442 1841 1549 1896 contra
1581 1836 1667 1910 ipsos

407 1950 608 2016 vererentur;
631 1945 760 2020 propria
783 1960 892 2005 eorum
926 1947 1068 2021 potencia
1103 1946 1258 2004 mediante
1292 1945 1322 2004 in
1353 1943 1561 2019 preludicium
1594 1940 1668 1999 dicti

404 2050 535 2124 capituli
557 2050 652 2110 valde
674 2067 832 2126 magnum.
866 2053 983 2111 Datum
1014 2053 1149 2128 septimo
1182 2051 1240 2124 die,
1262 2050 1323 2110 diei
1345 2049 1558 2124 inquisicionis
1580 2053 1667 2106 ante·

401 2154 489 2215 dicte.
515 2158 603 2216 Anno
627 2157 746 2218 domini
768 2159 937 2218 millesimo
961 2159 1266 2234 quadringentesimo
1289 2157 1442 2230 vigesimo
1465 2156 1608 2231 septimo.

506 2327 639 2392 Originale
657 2329 685 2380 in
703 2331 798 2384 charta.
819 2333 846 2380 A
865 2339 938 2396 tergo
956 2333 1093 2396 vestigium
1111 2331 1229 2397 impressi
1254 2328 1342 2394 sigilli.
1363 2329 1396 2379 In
1408 2327 1513 2378 archivo
1523 2343 1579 2378 ven.
1599 2327 1663 2390 Cap.

399 2413 461 2465 eccl.
480 2415 661 2480 zagrabiensis.
680 2419 742 2471 Act.
761 2421 824 2486 Cap.
843 2429 896 2472 ant.
913 2423 975 2473 fasc.
998 2435 1036 2472 10.
1057 2437 1094 2474 nr.
1114 2431 1155 2472 21.
1180 2495 1183 2500 Ι

1000 2705 1063 2770 48.

504 2875 585 2926 Anno
607 2889 681 2942 ¹427,
701 2891 725 2940 9.
746 2879 869 2943 Augusti.
890 2881 1037 2945 Zagrabiae.

404 3023 569 3098 Capitulum
592 3025 710 3100 sagrab.
733 3021 806 3104 283.
822 3028 946 3103 florenis
967 3029 1047 3096 auri,
1069 3045 1139 3102 quos
1155 3045 1174 3083 a
1187 3025 1328 3100 parochia
1345 2989 1546 3082 Nwouillana
1569 3040 1658 3082 neces-

396 3131 493 3188 sitate·
509 3139 622 3204 cogente
644 3138 804 3190 mirratum
828 3141 879 3204 est,
911 3135 971 3194 tn'a
997 3133 1170 3208 praediola:
1193 3131 1318 3200 Savrufe,
1348 3131 1424 3189 Otok
1454 3137 1482 3188 et
1503 3128 1662 3198 Prcvlaka,
1738 3155 1746 3166 ·

932 3239 986 3297 dat
1000 3240 1127 3314 pegnori.

502 3413 683 3489 Capitulum
707 3417 834 3474 ecclesie
856 3417 1071 3490 zagrabiensis.
1094 3418 1247 3477 Omnibus
1277 3417 1393 3476 Christi
1415 3415 1563 3475 fidelibus
1591 3431 1663 3491 pre·

397 3521 535 3580 sencium
558 3522 704 3580 noticiam
728 3522 884 3581 habituris
908 3524 1042 3582 salutern
1065 3525 1097 3582 in
1120 3525 1259 3582 omniurn
1282 3523 1445 3582 salvatore.
1470 3521 1518 3580 Ad
1538 3523 1662 3582 univer·

396 3641 503 3684 sorum
526 3628 673 3686 noticiam
698 3629 811 3687 harum
835 3631 913 3688 serie
936 3631 1085 3690 volumus
1108 3631 1280 3705 pervenire,
1304 3628 1388 3703 quod
1419 3643 1475 3687 nos
1505 3629 1661 3703 inauditis,

396 3733 597 3807 gravissimis,
621 3734 835 3809 continuisque
858 3741 1002 3794 taxarum
1024 3736 1179 3810 regalium
1202 3735 1425 3794 vexacionibus
1459 3739 1490 3794 et
1512 3736 1662 3795 extorsio·

394 3839 486 3898 nibus
508 3853 565 3897 nos
588 3838 628 3898 ad
651 3855 777 3914 presens
801 3845 939 3900 extreme
961 3843 1153 3917 urgentibus,
1176 3841 1294 3900 scilicet
1317 3841 1403 3916 quod
1425 3841 1482 3900 ubi
1503 3856 1560 3900 nos
1593 3842 1658 3900 sine

395 3945 525 4019 aliquali
548 3945 701 4005 dilacione
723 3948 807 4022 ipsas
828 3957 915 4008 taxas
938 3951 1038 4024 regias
1061 3965 1123 4008 non
1146 3949 1408 4024 persolveremus,
1430 3949 1531 4008 edicto
1562 3950 1660 4024 regali
1733 3993 1741 4008 .

394 4051 494 4110 Priori
525 4054 651 4112 Aurane
674 4053 856 4113 litteratorie
887 4055 1053 4131 superinde
1080 4056 1172 4128 iact0,
1195 4031 1404 4130 possessiones
1425 4061 1531 4116 nostre
1554 4061 1583 4114 et
1607 4057 1661 4114 be·

395 4157 506 4216 neficia
529 4165 634 4218 nostra
657 4167 890 4234 occuparentur.
914 4163 977 4220 Nos
999 4169 1103 4220 autem
1126 4163 1261 4222 sollicite
1285 4167 1457 4236 satagentes
1480 4161 1660 4221 huiusmodi

393 4263 542 4338 periculis
569 4265 707 4334 obviare,
731 4267 914 4325 comitatum
937 4273 1078 4326 nostrum
1102 4267 1321 4343 Toplicensem
1352 4267 1392 4326 ad
1415 4273 1515 4328 certos
1539 4268 1660 4326 futuros

393 4383 490 4428 annos
513 4369 699 4443 arendando‚
724 4372 865 4446 aliosque
887 4363 1009 4432 nost'ros
1032 4374 1197 4432 comitatus
1220 4381 1250 4433 et
1273 4375 1448 4432 universos·
1466 4374 1593 4433 colonos
1615 4379 1660 4432 ta·

392 4474 496 4534 xando
530 4481 561 4534 et
583 4477 711 4551 insuper
733 4493 804 4536 cum
828 4479 1031 4553 dignitatibus
1054 4479 1093 4538 de
1116 4481 1252 4554 propriis
1282 4481 1386 4539 bursis
1408 4481 1522 4539 nostris
1544 4479 1658 4538 contri·

392 4581 525 4652 buend0‚
549 4583 660 4640 calices
680 4575 811 4657 ‘quoque'
830 4585 958 4644 ecclesie
981 4593 1093 4658 nostre,
1110 4601 1181 4644 non·
1194 4587 1260 4644 sine
1278 4587 1416 4658 tristicia,
1439 4585 1563 4660 pignori
1579 4585 1659 4643 obli·

392 4687 496 4762 gando
519 4693 549 4746 et
571 4705 628 4746 nec
650 4689 695 4748 sic
716 4691 884 4763 premissas
907 4695 995 4750 taxas
1018 4693 1198 4766 persolvere
1235 4691 1420 4764 valentibus,
1451 4691 1490 4749 de
1517 4691 1659 4750 trecentis

392 4775 512 4852 ducatis
535 4795 606 4869 puri
629 4795 697 4852 auri
721 4796 848 4855 ecclesie
871 4799 967 4856 sancti
991 4798 1119 4881 Joannis
1142 4798 1279 4874 Baptiste
1301 4797 1340 4856 de
1356 4798 1445 4856 Nova
1461 4797 1538 4856 villa
1553 4801 1659 4855 nostra

328 4955 332 4966 ,
392 4900 476 4976 apud
500 4916 556 4959 nos
579 4901 610 4960 in
633 4901 772 4960 sacristia
795 4909 899 4962 nostra
922 4903 1080 4979 depositis,
1105 4881 1252 4964 ducentos
1275 4905 1450 4979 octuaginta
1473 4909 1504 4962 et
1526 4909 1589 4962 tres
1604 4902 1659 4961 ilo·

390 5020 482 5065 renos
505 5007 573 5064 auri
597 5007 668 5082 puri
691 5008 865 5082 recepimus
889 5011 981 5068 etad
1005 5013 1241 5087 supplecionem
1264 5012 1490 5087 premissorum
1504 5017 1660 5086 tanarum,
