3948 5804
743 553 817 610 Doc.
839 546 891 628 516.
915 583 958 592 -
981 553 1037 610 An.
1062 548 1153 629 1426.
1547 571 1586 646 55
1627 639 1631 646 1

193 799 198 808 ·
238 805 242 812 »
323 767 434 840 siones‚
455 771 490 824 ut
513 767 631 840 possint
654 767 700 825 uti
719 746 751 824 et
772 771 970 825 manutenere
993 765 1149 841 predictas
1172 769 1381 842 possessiones
1396 775 1426 827 et
1442 773 1476 828 ut
1497 783 1589 828 nemo

324 873 423 948 possit
445 887 498 930 eos
522 873 552 931 in
577 872 725 946 predictis
748 872 910 947 impedire,
934 873 989 931 sed
1011 871 1189 933 deffendere
1223 881 1254 932 et
1288 881 1487 934 manutenere
1510 883 1540 934 et
1563 875 1589 933 si

324 979 484 1054 quispiam
503 979 535 1038 in
559 993 703 1054 processu
728 985 906 1053 temporum
930 979 971 1037 ad
993 980 1234 1053 occupacionem
1257 981 1398 1055 ipsarum
1420 982 1588 1055 possessio·

323 1100 399 1142 num
422 1101 455 1142 se
478 1084 704 1160 impediturum
728 1085 825 1143 vellet
847 1090 878 1144 et
900 1086 1050 1144 niteretur
1071 1101 1133 1144 non
1156 1088 1255 1160 possit
1277 1088 1401 1146 interim
1425 1100 1587 1161 occupare,

324 1190 426 1249 donec
447 1195 599 1248 trecentos
623 1189 754 1248 florenos
776 1204 839 1248 non
861 1191 990 1249 solverit
1013 1190 1181 1250 heredibus
1203 1192 1309 1266 ipsius,
1333 1207 1412 1266 quos
1435 1194 1502 1268 ipse
1535 1193 1587 1275 Jo-

323 1313 417 1363 annes
451 1298 595 1371 exposuit
629 1297 660 1354 in
691 1295 778 1356 factis
812 1297 926 1356 nostris
960 1302 990 1356 et
1024 1298 1117 1356 castri
1139 1299 1248 1357 nostri
1282 1297 1518 1357 Medwedwara.
1553 1297 1588 1356 in

324 1389 461 1477 quorum
483 1403 579 1461 fidem
603 1418 659 1460 nos
682 1408 841 1478 presentes
864 1402 1007 1462 dedimus
1031 1404 1150 1461 litteras
1173 1411 1294 1463 nostras
1317 1404 1460 1462 annulari
1483 1403 1588 1477 sigillo

325 1515 433 1568 nostro
455 1510 644 1582 obsignatas.
667 1509 784 1569 Datum
808 1509 838 1567 in
861 1508 1071 1568 Medwedwar
1093 1509 1125 1567 in
1149 1509 1227 1568 festo
1248 1511 1346 1570 sancti
1367 1510 1495 1593 Joannis
1511 1511 1587 1584 bap·
1618 1531 1622 1539 ·
1673 1533 1689 1542 ··

326 1615 404 1674 tiste.
426 1617 517 1673 Anno
541 1614 660 1674 domini
682 1614 932 1674 MCCCCXXVI.

428 1753 452 1800 E
471 1751 633 1816 transumpto
660 1751 769 1816 capituli
795 1751 896 1815 zagrab.
924 1767 991 1800 anno
1022 1763 1096 1817 1535.
1123 1752 1237 1802 Litterae
1264 1751 1313 1802 hae
1330 1750 1509 1800 donationnles
1537 1751 1587 1810 „de

323 1839 473 1905 glagolitico
491 1841 519 1889 iu
536 1839 644 1890 latinum
662 1838 775 1891 idioma“
796 1846 969 1906 transumptae
988 1846 1055 1891 sunt.
1075 1842 1108 1889 In
1126 1839 1195 1892 arch.
1214 1855 1285 1904 regn.
1305 1839 1391 1890 Croat.
1411 1839 1480 1890 Slav.
1500 1839 1586 1889 Dalm.

924 2069 991 2136 46.

428 2159 509 2207 Anno
530 2155 605 2219 1426.

459 2279 595 2361 Injurine
616 2301 636 2339 a
658 2283 784 2360 capitulo
806 2282 914 2341 civibus
935 2281 1124 2341 Cretensibus
1146 2283 1256 2353 illatae,
1278 2283 1454 2354 restruatur.

428 2447 513 2518 item,
538 2448 641 2520 primo
664 2445 703 2504 de
726 2461 806 2530 anqo
837 2445 956 2504 domini
990 2447 1161 2504 millesimo
1195 2446 1410 2506 CCCCXXVI.
1444 2453 1587 2523 tempore

322 2553 474 2613 iudicatus
497 2553 558 2611 viri
582 2553 707 2627 providi
730 2559 759 2611 et
782 2553 999 2627 circumspecti
1022 2553 1178 2625 Anthonii‚
1194 2550 1307 2629 judicis
1330 2553 1428 2629 ipsius
1444 2555 1586 2628 civitatis,

322 2661 382 2719 filii
403 2659 556 2735 Appardi,
580 2658 749 2733 Gregorius
771 2658 865 2717 iudex
894 2660 1096 2734 provincialis
1127 2659 1282 2737 dictomrn
1318 2658 1517 2719 dominorum
1548 2661 1587 2722 de

322 2765 468 2846 capitulo,
492 2781 531 2823 ex
553 2766 757 2839 permissione
780 2770 810 2824 et
832 2780 982 2824 consensu
1006 2765 1188 2824 eorumdem
1210 2766 1318 2841 plures
1341 2766 1482 2825 homines
1512 2769 1587 2826 utri·

322 2889 420 2947 usque
442 2887 534 2931 sexus
556 2871 587 2930 iu
611 2872 689 2929 turri
712 2872 854 2945 ipsorum
877 2873 909 2930 in
932 2871 1021 2952 dicta¹
1035 2873 1160 2930 civitate
1183 2872 1299 2944 habita,
1322 2872 1355 2930 in
1370 2871 1598 2946 preiudicium,·

322 2978 660 3052 villipendenciamque
683 2977 837 3036 libertatis
859 2978 995 3036 civitatis
1017 2978 1165 3052 predicte,
1189 2969 1339 3054 noeturpo
1362 2987 1504 3053 ternpore
1527 2980 1585 3038 mi·

321 3084 498 3143 serabiliter
532 3082 659 3174 occidit·
677 3088 708 3141 et
740 3084 858 3142 occisos
881 3084 912 3140 iu
948 3083 1058 3142 eadem
1088 3085 1166 3142 turri
1201 3089 1231 3143 et
1261 3090 1349 3142 extra
1379 3084 1481 3158 ipsam
1504 3085 1584 3147 intra

223 3196 227 3202 '
322 3205 429 3250 muros
452 3189 533 3248 dicte
556 3165 689 3249 civitatis
710 3190 743 3248 in
767 3190 858 3248 certis
881 3188 958 3248 locis
980 3189 1100 3248 ibidem
1122 3175 1275 3264 sepelivit,
1299 3194 1393 3263 prout
1423 3190 1482 3248 hoc
1516 3190 1586 3264 plu-

320 3298 409 3356 ribus
434 3295 509 3355 viris
531 3295 650 3354 idoneis
674 3300 704 3353 et
726 3294 892 3368 fidedignis
914 3297 1018 3354 existit
1043 3294 1258 3367 manifestum,
1281 3300 1312 3353 et
1334 3294 1411 3353 dum
1433 3297 1522 3370 ipsos
1541 3296 1585 3353 sic
1678 3311 1682 3320 ·

320 3405 437 3462 occisos
459 3411 490 3461 et
512 3401 651 3475 sepultos
674 3402 816 3460 homines
838 3402 879 3459 ab
902 3401 978 3474 ipsis
1013 3400 1147 3459 dominis
1180 3400 1218 3458 de
1249 3401 1387 3475 capitulo
1418 3401 1449 3460 in
1480 3401 1584 3462 medio

321 3508 502 3568 eorumdem
526 3507 706 3567 destinando
730 3512 760 3566 et
782 3508 935 3567 veniendo
956 3523 1015 3583 pro
1038 3509 1265 3582 expurgacione
1282 3509 1431 3582 ipsorum,
1447 3523 1506 3583 pro
1523 3523 1585 3582 quo

321 3616 440 3676 iusticie
463 3625 494 3673 et
516 3615 669 3674 libertatis
691 3620 796 3674 nostre
818 3601 1050 3690 complemento
1074 3613 1210 3673 effodere
1233 3621 1263 3674 et
1279 3615 1506 3688 extrarecipere
1529 3629 1584 3688 po·

320 3723 531 3795 stulassemus,
554 3726 626 3780 tunc
651 3722 711 3797 ipsi
734 3721 853 3780 domini
877 3721 916 3780 de
939 3722 1076 3797 capitulo
1105 3735 1167 3780 non
1198 3721 1350 3780 dederunt
1384 3735 1484 3794 neque
1514 3736 1586 3795 per·

320 3831 497 3900 misserunt,
521 3834 626 3886 contra
649 3828 896 3887 iurisdiccionem
921 3835 951 3887 et
973 3829 1153 3888 libertatem
1176 3828 1258 3886 dicte
1281 3827 1426 3886 civitatis.

426 3935 511 4008 item,
535 3938 697 3993 annotatus
720 3933 889 4008 Gregorius
909 3935 1003 3994 iudex
1025 3935 1226 4010 provincialis
1250 3933 1461 4008 predictorum
1484 3932 1585 3992 domi·

321 4057 434 4101 norum
457 4041 495 4099 de
518 4041 664 4115 capitulo,
688 4057 759 4100 cum
782 4041 874 4100 certis
904 4042 967 4099 suis
997 4041 1216 4111 familiaribus,
1248 4040 1456 4115 pluribusque
1486 4040 1585 4097 eciam

322 4147 527 4207 servitoribus
551 4152 581 4205 et
604 4145 813 4205 familiaribus
837 4147 978 4220 ipsorum
1001 4146 1199 4205 dominorum
1223 4145 1262 4204 de
1292 4145 1430 4218 capitulo
1463 4150 1493 4203 et
1516 4145 1585 4202 aliis

321 4254 528 4328 complicibus
551 4253 696 4311 videlicet
729 4254 800 4325 suis,
833 4252 977 4311 similiter
1006 4259 1156 4312 nocturno
1188 4261 1337 4326 tempore,
1363 4267 1412 4308 res
1443 4255 1473 4308 et
1502 4251 1582 4308 bona

324 4359 485 4419 cuiusdam
517 4359 670 4430 Cristiani,
705 4360 755 4433 pie
786 4361 945 4430 memorie,
979 4359 1139 4417 servitoris
1173 4353 1258 4432 olym
1293 4357 1411 4414 domiui
1433 4356 1583 4439 Johannis

319 4466 456 4541 episcopi
487 4465 704 4540 zagrabiensis‚
738 4465 797 4524 filii
832 4465 952 4524 Nicolai
975 4464 1013 4522 de
1047 4464 1213 4538 Cassowia,
1248 4463 1416 4521 stacionem
1441 4461 1581 4524 eiusdem

319 4571 535 4644 subfodiendo,
557 4567 829 4631 subtraxerunt'et
852 4571 946 4630 furati
970 4577 1048 4644 sunt,
1070 4575 1100 4628 et
1123 4570 1163 4628 ad
1185 4569 1423 4646 ipsam'turrim
1444 4569 1475 4627 in
1499 4567 1582 4626 dicta

317 4679 654 4750 civitateexistentem,
677 4679 787 4737 eadem
811 4661 952 4754 tempore
981 4683 1131 4736 nocturno
1149 4693 1220 4734 cum
1237 4675 1426 4750 quibusdam
1439 4675 1584 4734 carnibus

317 4785 349 4843 in
371 4783 571 4843 inferioribus
594 4785 735 4842 macellis
759 4800 815 4858 per
838 4785 963 4843 eosdem
987 4784 1153 4842 subtractis
1183 4799 1240 4858 per
1273 4781 1379 4839 funem
1415 4781 1446 4838 in
1476 4787 1584 4856 sporta

317 4897 486 4963 traxerunt,
503 4896 532 4949 et
549 4890 666 4950 ibidem
683 4892 787 4964 ipsum
810 4890 928 4948 furtum
952 4889 1080 4962 tamdiu,
1105 4903 1266 4964 quousque
1289 4887 1365 4962 ipsis
1388 4887 1515 4964 placuit,
1539 4886 1584 4944 di·

316 4997 455 5056 videntes
479 5002 650 5055 tenuerunt.
675 4995 866 5071 Quiquidem
891 4996 1061 5069 Gregorius
1082 4994 1258 5069 eademde
1285 4995 1408 5054 racione
1420 4972 1454 5052 ‘et
1469 4993 1585 5054 abhinc
