3948 5804
747 561 820 619 Doc.
845 555 897 618 68.
917 591 959 604 -
981 561 1039 620 An.
1063 574 1151 638 1433·
1539 564 1573 622 81

317 779 556 838 concanonicum
581 782 733 853 protunc
756 777 897 851 ipsorum
920 791 978 850 pro
1002 776 1141 834 custodia
1164 776 1317 835 dictarum
1332 795 1437 860 rerum
1471 784 1502 838 et
1525 781 1581 837 bo·

315 898 428 943 norum
443 886 543 959 ipsius
565 883 694 942 ecclesie
717 887 748 941 et
771 882 900 958 capituli
923 883 954 940 in
988 882 1098 940 eadem
1128 883 1205 940 turri
1239 884 1439 942 constitutum
1470 899 1581 959 capere

315 996 345 1048 et
367 988 539 1049 interficere
562 991 765 1062 sathagentes,
797 987 906 1062 positis
936 986 1038 1046 eidem
1069 987 1140 1046 hinc
1173 987 1244 1046 inde
1274 989 1401 1063 insidiis,
1436 983 1580 1064 pluribus

315 1093 425 1153 diebus
457 1094 591 1154 eundem
629 1093 866 1170 prestolassent;
897 1099 928 1152 et
955 1098 989 1151 ut
1019 1093 1104 1166 ipsos
1132 1094 1293 1152 canonicos
1319 1095 1418 1168 ipsius
1452 1095 1583 1172 capituli

314 1200 433 1274 absque
455 1215 532 1260 sono
555 1215 706 1275 campane
727 1205 758 1258 et
780 1200 845 1257 sine
869 1199 1002 1274 strepitu
1025 1199 1181 1271 clangoris
1205 1200 1366 1260 hominum
1389 1202 1420 1260 in
1436 1200 1582 1261 domibus

314 1319 423 1364 eorum
453 1307 591 1365 incautos
621 1307 759 1381 reperire
790 1307 971 1381 potuissent,
1007 1311 1109 1364 erecto
1132 1306 1251 1364 vexillo
1283 1307 1315 1365 in
1345 1307 1424 1368 turri
1454 1308 1582 1366 ecclesie

315 1412 413 1470 sancti
436 1413 531 1471 Marci
554 1414 586 1470 in
610 1412 692 1470 dicta
713 1418 818 1470 monte
842 1409 1010 1470 Grechensi
1034 1413 1150 1484 habita,
1174 1426 1282 1471 omnes
1311 1413 1499 1473 unanimiter
1531 1429 1582 1472 ar-

314 1517 401 1594 mati,
424 1517 464 1575 ad
487 1517 699 1577 invadendum
723 1518 840 1577 dictum
865 1518 1038 1593 capitulum
1074 1517 1204 1577 fuissent
1234 1521 1411 1594 congregati
1421 1538 1428 1591 ;
1462 1525 1493 1578 et
1523 1521 1582 1578 nisi

312 1621 398 1680 idem
422 1623 584 1682 Ladislaus
607 1623 646 1682 de
667 1625 803 1682 Dawoth
835 1625 1059 1683 concanonicus
1083 1639 1194 1682 eorum
1217 1625 1247 1682 in
1271 1624 1353 1684 dicta
1377 1627 1456 1685 turri
1485 1626 1582 1700 ipsius

315 1729 444 1812 capituli
467 1729 609 1802 existens,
633 1745 793 1788 rumorem
816 1730 926 1805 populi
950 1735 980 1788 et
1003 1730 1178 1788 discursum
1202 1737 1394 1790 armatorum
1418 1733 1580 1790 hominum

314 1839 344 1891 et
367 1833 550 1906 sagittarum
574 1835 645 1893 hinc
668 1833 740 1893 inde
771 1851 827 1910 per
851 1837 936 1894 vicos
961 1848 991 1893 et
1014 1837 1133 1910 plateas
1161 1850 1271 1894 eorum
1305 1839 1451 1898 senciens.
1477 1843 1580 1896 erecto

313 1954 414 2013 parvo
437 1939 519 1999 lineo
542 1940 574 1999 in
598 1955 660 2000 uno
685 1942 797 2000 baculo
821 1942 925 2015 ligneo
948 1943 1024 2015 ipsis
1047 1943 1201 2001 canonicis
1224 1951 1255 2000 et
1287 1943 1371 2000 clero
1401 1943 1500 2017 ipsius
1533 1959 1581 2001 ec·

314 2045 408 2104 clesie
432 2047 640 2119 zagrabiensis
664 2047 702 2105 de
725 2049 793 2122 ipsa
814 2049 892 2106 turri
914 2048 1038 2121 signum
1062 2047 1205 2116 dedisset,
1244 2053 1275 2107 et
1309 2049 1369 2123 ipsi
1402 2050 1461 2108 hoc
1492 2049 1580 2122 signo

314 2151 382 2210 viso
415 2157 445 2210 et
475 2152 641 2226 intellecto,
665 2168 737 2211 cum
772 2153 866 2212 rebus
897 2159 927 2212 et
965 2154 1054 2212 bonis
1082 2169 1190 2212 eorum
1221 2154 1259 2212 ad
1291 2155 1454 2214 ecclesiam
1476 2153 1582 2213 lathe-

314 2256 436 2316 dralem
461 2263 491 2316 et
513 2259 633 2317 curiam
656 2259 867 2335 episcopalem
890 2261 1079 2333 affugissent,
1103 2259 1236 2335 predicti
1267 2262 1351 2320 cives
1382 2267 1412 2319 et
1443 2261 1581 2336 hospites

314 2379 422 2422 eorum
446 2365 620 2438 malignum
645 2367 840 2441 propositum
863 2366 971 2440 utique
994 2381 1088 2441 opere
1112 2366 1361 2441 complevissent.
1379 2368 1416 2425 lit
1432 2369 1506 2441 quia
1523 2368 1583 2426 hoc

313 2470 419 2545 ipsum
442 2485 500 2545 pro
523 2477 596 2530 tunc
620 2469 721 2530 iacere
744 2487 806 2530 uon
830 2473 1012 2547 potuissent,
1036 2474 1078 2530 ob
1101 2473 1161 2530 hoc
1183 2473 1297 2530 iterum
1320 2473 1435 2531 habitis
1451 2473 1531 2531 inter
1547 2489 1578 2532 se

316 2576 482 2650 colloquiis
505 2583 535 2635 et
558 2577 763 2637 fraudulentis
787 2578 1010 2650 occasionibus,
1035 2579 1214 2652 congregati
1245 2577 1285 2636 ad
1310 2577 1470 2652 quoddam
1492 2580 1582 2638 terri-

315 2683 430 2741 torium
455 2683 529 2742 dicti
552 2683 683 2757 capituli
706 2684 832 2758 Croogh
855 2689 1009 2757 vocatum,
1034 2691 1117 2744 retro
1147 2683 1318 2744 claustrum
1341 2686 1439 2744 sancti
1461 2685 1582 2743 Nicolai

316 2786 448 2847 fratrum
472 2789 706 2850 predicatorum
728 2791 880 2862 habitum,
906 2793 937 2850 in
961 2793 1047 2850 cuius
1071 2792 1203 2867 pacifico
1226 2791 1365 2851 dominio
1388 2791 1507 2851 dictum
1532 2808 1580 2850 ca·

315 2894 451 2968 pitulum
475 2911 493 2953 a
516 2901 640 2954 centum
663 2897 750 2954 annis
773 2897 826 2954 vel
857 2898 934 2956 citra
956 2898 1085 2973 pacifice
1110 2900 1269 2972 extitisset,
1294 2899 1446 2973 quosdam
1471 2913 1579 2958 eorum

315 3001 457 3060 concives
491 3017 563 3060 cum
597 3003 693 3060 armis
727 3009 757 3060 et
790 3003 910 3076 sagittis
933 3003 1127 3078 destinantes,
1162 3005 1329 3064 nonnullos
1352 3006 1494 3064 homines
1527 3005 1581 3062 ho·

314 3107 464 3165 norabilis
487 3107 547 3166 viri
570 3107 689 3166 domini
713 3109 845 3182 Mathye,
868 3113 978 3168 eotunc
1011 3112 1160 3185 prepositi
1184 3113 1282 3186 ipsius
1313 3111 1441 3170 ecclesie
1477 3125 1581 3184 zagra·

314 3213 438 3286 biensis,
461 3214 668 3287 quosquidem
692 3231 762 3272 cum
786 3215 886 3275 bobus
910 3221 940 3274 et
962 3218 1073 3276 aratris
1096 3217 1137 3274 ad
1169 3216 1287 3276 dictum
1319 3217 1511 3276 territorium
1540 3216 1580 3274 ad

314 3317 466 3378 arandum
490 3318 680 3392 destinasset,
696 3335 766 3380 cum
791 3321 883 3379 minis
906 3328 936 3378 et
959 3323 1122 3397 vituperiis
1145 3322 1184 3381 de
1199 3324 1268 3397 ipso
1286 3324 1442 3382 territorio
1466 3322 1578 3397 expul-

313 3424 431 3497 sissent‚
455 3425 525 3484 aliis
548 3440 657 3484 eorum
681 3427 861 3486 concivibus
884 3429 1018 3486 invicem
1042 3429 1188 3488 similiter
1211 3445 1281 3487 cum
1307 3429 1403 3487 armis
1439 3434 1580 3503 preterea

313 3531 515 3605 congregatis,
537 3537 572 3589 ut
594 3532 621 3589 si
641 3532 708 3606 ipse
730 3532 907 3606 prepositus
931 3534 982 3591 vel
1006 3535 1178 3608 capitulum
1210 3535 1333 3609 aliquos
1357 3549 1465 3594 eorum
1491 3534 1580 3594 fami·

313 3637 406 3695 liares
428 3635 469 3694 ad
491 3635 709 3712 repellendum
733 3637 832 3696 dictos
862 3653 971 3698 eorum
1007 3643 1157 3714 concives,
1181 3641 1327 3700 videlicet
1358 3657 1436 3716 quos
1468 3641 1507 3700 ad
1539 3642 1580 3700 ir·

313 3741 470 3801 ritandum
501 3748 530 3801 et
554 3743 788 3818 provocandum
813 3745 975 3818 misissent,
999 3747 1211 3820 destinassent,
1243 3748 1346 3806 subito
1376 3763 1483 3806 omnes
1507 3764 1580 3806 una·

313 3849 437 3908 nimiter
459 3865 553 3924 super
577 3849 695 3908 dictum
718 3851 891 3924 capitulum
914 3851 1032 3926 absque
1056 3853 1152 3911 dubio
1188 3855 1338 3913 iruissent.
1364 3855 1449 3925 item,
1483 3854 1579 3912 iidem

313 3956 396 4012 cives
419 3961 449 4013 et
470 3955 608 4028 hospites
624 3955 734 4028 adhuc,
750 3963 908 4015 uteorum
925 3958 1098 4031 malignum
1114 3961 1312 4034 propositum
1336 3958 1578 4018 contradictum

312 4061 484 4135 capitulum
507 4076 526 4119 a
548 4061 601 4120 diu
625 4066 809 4138 conceptum
832 4061 1007 4138 adimplere
1030 4066 1208 4139 potuissent,
1231 4066 1405 4124 occasiones
1437 4065 1579 4138 nequiter

311 4169 523 4243 excogitando,
538 4169 588 4228 die
604 4169 761 4229 dominico
777 4171 922 4245 proximo
945 4175 1014 4228 ante
1036 4170 1150 4229 festum
1172 4172 1262 4229 beate
1283 4172 1479 4244 Margarethe
1517 4172 1579 4229 vir·

311 4275 391 4348 ginis
414 4281 444 4334 et
467 4276 614 4348 martiris,
636 4275 781 4335 similiter
796 4277 989 4351 preteritum,
1006 4282 1105 4335 certos
1121 4291 1229 4336 eorum
1246 4277 1396 4348 concives,
1413 4276 1577 4335 videlicet:

311 4381 504 4439 Anthonium
533 4381 572 4440 de
595 4381 757 4440 Florencia
781 4387 811 4440 et
842 4383 1051 4456 Valentinum,
1084 4382 1202 4441 dictum
1236 4383 1374 4454 Gobech,
1399 4397 1471 4440 cum
1506 4383 1578 4440 aliis

310 4486 410 4544 tribus
434 4487 485 4544 vel
509 4493 642 4561 quatuor
664 4487 704 4546 ad
728 4487 868 4547 medium
891 4488 1090 4547 dominorum
1114 4487 1152 4545 de
1176 4487 1259 4546 dicto
1281 4488 1428 4560 capitulo,
1448 4488 1502 4545 ubi
1519 4489 1578 4563 ipsi

311 4592 342 4650 in
365 4593 504 4651 sacristia
526 4593 655 4652 ecclesie
678 4607 787 4653 eorum
810 4595 984 4654 kathedrali
1017 4601 1086 4668 post
1114 4596 1242 4652 missam
1267 4593 1480 4668 capitulariter
1504 4593 1579 4652 fuis·

311 4703 377 4756 sent
401 4699 586 4772 congregati,
619 4699 815 4772 destinantes,
847 4717 904 4774 per
934 4699 1060 4759 eosdem
1083 4701 1160 4774 ipsis
1183 4700 1317 4758 dominis
1341 4714 1486 4774 expresse
1510 4700 1578 4758 inti·

311 4809 461 4863 massent:
485 4803 569 4877 quod
591 4805 652 4879 ipsi
675 4804 794 4864 domini
817 4805 856 4864 de
878 4807 1015 4880 capitulo
1047 4807 1086 4864 ad
1122 4805 1301 4864 metendum
1329 4804 1434 4880 fruges
1467 4821 1575 4864 eorum

311 4909 342 4968 in
366 4908 448 4968 dicto
471 4911 627 4969 territorio
650 4926 759 4969 eorum
784 4911 909 4986 Croogh
925 4917 1035 4970 vocato
1051 4913 1216 4970 seminatas
1239 4917 1269 4970 et
1284 4916 1357 4970 tunc
1381 4912 1419 4970 ad
1445 4927 1578 4970 messem

311 5020 443 5090 paratas,
465 5016 607 5075 homines
630 5031 738 5075 eorum
761 5018 969 5076 nullomodo
1001 5019 1149 5077 deberent
1181 5018 1342 5090 destinare,
1375 5019 1518 5077 addendo
1548 5025 1578 5078 et

1469 5125 1488 5182 6
