3828 5822
384 543 450 604 34q
805 528 970 606 Doc.271,a
998 560 1034 569 -
1060 526 1117 586 An.
1141 537 1229 603 1472.

381 757 457 802 nore
478 743 575 801 nostri
604 743 739 802 nominis
773 742 950 801 liberaliter
972 747 1002 800 et
1025 742 1149 818 copiose
1172 740 1320 820 fecerunt,
1343 756 1402 816 pro
1437 743 1551 816 quibus
1581 756 1651 824 omf,

381 841 473 907 nibus
503 864 539 908 ac
568 835 668 908 eciam
698 849 730 907 in
764 864 999 922 recompensam
1023 856 1052 906 et
1084 848 1330 907 satisfaccionem
1352 839 1493 908 omnium
1516 848 1647 932 premis·

381 947 486 1023 sarum
517 947 724 1030 expensarum
754 955 870 1013 civium
901 960 931 1012 et
960 955 1094 1014 civitatis
1128 955 1275 1029 predicte,
1306 961 1336 1012 et
1368 941 1589 1014 nichilominus
1602 949 1647 1011 ‘eo

381 1065 532 1134 respectu,
555 1049 700 1128 utciues
730 1059 843 1134 prelati
874 1061 1032 1119 civitatem
1060 1061 1202 1135 ipsorum
1234 1061 1440 1134 amplificare,
1472 1061 1595 1120 civibus
1618 1053 1652 1138 et]

381 1163 511 1224 edificiis
534 1167 721 1225 communiri
736 1168 868 1236 valeant,
885 1168 1093 1241 possessiones
1117 1165 1256 1240 Dedych,
1273 1167 1507 1240 Chemomercz,
1525 1164 1646 1240 Bythelr

381 1257 411 1330 et
434 1271 554 1330 Nowalr
585 1279 717 1343 uocatas,
749 1273 875 1330 omnino
906 1273 938 1330 in
969 1273 1126 1331 territorio
1156 1273 1237 1330 dicte
1271 1273 1405 1332 civitatis
1429 1274 1593 1332 existentes
1616 1278 1650 1330 et

381 1366 522 1449 habitas,
535 1378 567 1436 in
598 1392 730 1450 quarum
754 1377 885 1452 pacifico
909 1377 1047 1436 dominio
1071 1377 1186 1452 prefati
1209 1379 1293 1437 cives
1316 1379 1554 1452 predecessores
1575 1393 1647 1437 suos

380 1484 422 1541 ab
445 1484 572 1557 antiquo
594 1467 775 1557 perstitisse,
798 1483 852 1542 sed
869 1483 996 1542 tandem
1018 1485 1176 1558 preteritis
1200 1484 1427 1544 disturbiorum
1450 1477 1652 1559 temporibus¹

380 1605 438 1666 per
467 1591 620 1649 nonnulos
651 1589 826 1649 detentores
858 1590 1040 1649 earumdem
1072 1591 1345 1664 qualitercumque
1374 1592 1480 1648 minus
1503 1589 1583 1678 juste
1606 1591 1647 1648 ab

379 1697 449 1772 ipsa
472 1698 596 1756 civitate
618 1703 723 1755 nostra
756 1703 921 1772 occupatas
954 1701 985 1755 et
1008 1697 1157 1754 alienatas
1180 1696 1247 1755 fore
1273 1684 1425 1755 asserunt.
1449 1697 1527 1758 Item
1547 1701 1653 1780 totum¹

380 1807 411 1862 et
425 1817 516 1861 omne
532 1803 579 1860 ius
593 1808 736 1860 nostrum
751 1803 881 1875 regium,
897 1803 924 1860 si
945 1801 1030 1875 quod
1046 1803 1079 1862 in
1095 1801 1223 1876 prelatis
1239 1803 1486 1876 possessionibus
1499 1801 1655 1885 qualiterg

380 1924 513 1983 cumque
528 1909 722 1980 haberemus,
735 1915 788 1966 aut
804 1915 941 1966 nostram
956 1925 995 1966 ex
1007 1908 1255 1983 quibuscumque
1273 1909 1381 1981 causis,
1394 1907 1496 1967 modis
1509 1915 1539 1966 et
1550 1901 1647 1968 racio·

346 2051 348 2056 .
382 2015 474 2074 nibus
506 2020 702 2073 concerneret
732 2015 934 2086 maiestatem,
958 2014 1052 2072 simul
1083 2029 1154 2071 cum
1185 2015 1303 2072 cunctis
1326 2013 1507 2072 earumdem
1529 2015 1656 2087 urium,

379 2121 463 2180 tibus
487 2125 516 2179 et
538 2120 733 2194 pertinenciis
757 2121 957 2194 quibuslibet,
981 2119 1071 2178 terris
1093 2119 1211 2178 scilicet
1232 2119 1407 2178 arabilibus
1434 2121 1525 2179 cultis
1548 2126 1578 2178 et
1600 2113 1653 2179 in-'

380 2227 480 2300 cultis,
496 2227 586 2300 agris,
599 2228 705 2302 pratis,
721 2227 852 2302 pascuis,
868 2226 995 2300 campis,
1011 2225 1128 2297 tenetis,
1151 2226 1249 2297 silvis,
1262 2219 1456 2298 nemoribus,
1479 2227 1647 2299 montibus,

381 2334 527 2402 vallibus,
551 2333 658 2405 vineis,
681 2333 909 2406 vinearumque
931 2333 1162 2406 promontoriis,
1184 2331 1295 2404 fluviis,
1319 2332 1453 2406 piscinis,
1470 2332 1645 2407 piscaturis,

379 2455 594 2514 aquarumque
617 2441 808 2511 decursibus,
824 2439 1010 2498 molendinis
1027 2445 1057 2497 et
1073 2439 1324 2498 molendinorum
1345 2440 1433 2511 locis,
1459 2438 1647 2512 generaliter

380 2561 455 2604 vero
469 2547 689 2620 'quarumlibet
722 2547 893 2604 utilitatum
916 2550 947 2604 et
969 2546 1380 2620 pertinenciarumsuarum
1409 2545 1647 2618 integritatibus,

381 2652 491 2725 quovis
521 2653 655 2710 nominis
678 2653 834 2712 vocabulo
857 2651 999 2710 vocitatis
1022 2651 1062 2709 ad
1085 2651 1210 2712 easdem
1241 2651 1280 2710 de
1306 2650 1373 2726 jure
1396 2657 1426 2710 et
1446 2653 1487 2709 ab
1519 2651 1646 2724 antiquo

380 2759 591 2840 spectantibus
621 2765 651 2817 et
682 2759 908 2840 pertinentibus
940 2774 1011 2816 curn
1043 2759 1107 2816 suis
1139 2759 1220 2816 veris
1253 2758 1344 2818 metis
1366 2763 1397 2818 et
1419 2757 1555 2830 antiquis
1579 2772 1647 2831 pre-

379 2864 490 2937 missis,
514 2865 558 2923 sic
580 2869 615 2922 ut
640 2864 802 2938 prefertur,
816 2865 969 2923 stantibus
985 2871 1015 2922 et
1033 2881 1066 2922 se
1087 2865 1283 2945 habentibus,
1299 2869 1329 2922 et
1344 2865 1471 2938 insuper
1488 2863 1655 2953 quoddam,

379 2970 497 3028 vadum
530 2971 695 3043 Kyralrew
728 2977 874 3029 vocatum
907 2972 938 3029 in
971 2971 1066 3028 fluvio
1089 2969 1180 3028 Zawe
1203 2969 1347 3030 habitum
1371 2970 1411 3026 ad
1430 2977 1566 3029 castrum
1593 2985 1647 3028 no·

379 3081 479 3135 strum
502 3076 623 3135 Medwe
646 3083 801 3149 vocatum,
824 3071 990 3151 pertinens,
1013 3076 1052 3134 de
1066 3079 1134 3151 ipso
1151 3067 1251 3134 castro
1267 3081 1377 3168 nostro
1401 3077 1522 3135 Medwe
1538 3071 1655 3172 sequef'⁸

381 3187 520 3254 strantes,
543 3188 714 3241 memorate
738 3183 856 3241 civitati
887 3187 991 3240 nostre
1014 3183 1128 3241 montis
1151 3183 1298 3241 Grecensi
1325 3189 1356 3241 et
1378 3199 1436 3256 per
1458 3195 1648 3256 consequens

379 3287 499 3346 civibus
522 3295 552 3346 et
573 3289 750 3362 hospitibus
765 3289 797 3346 in
813 3289 921 3347 eadem
937 3303 995 3362 pro
1013 3295 1154 3362 tempore
1169 3289 1441 3348 commorantibus
1464 3290 1560 3346 simul
1575 3305 1646 3347 cum

379 3395 495 3452 cunctis
527 3395 666 3452 eiusdem
689 3395 884 3466 utilitatibus,
918 3394 1193 3468 fructuositatibus,
1226 3395 1472 3453 obvencionibus
1496 3403 1554 3454 et.
1579 3441 1585 3452 .
1609 3439 1646 3453 ..

380 3501 571 3573 quibuslibet
594 3501 634 3560 ad
658 3499 741 3558 idem
768 3501 806 3559 de
828 3500 896 3577 jure
920 3507 951 3559 et
973 3501 1015 3560 ab
1038 3501 1165 3574 antiquo
1199 3502 1410 3575 spectantibus
1433 3508 1464 3558 et
1494 3499 1647 3576 pertinere

378 3605 562 3664 debentibus
586 3607 687 3666 denuo
703 3613 732 3665 et
748 3624 786 3665 ex
800 3622 883 3665 novo
899 3607 1052 3680 dedimus,
1076 3607 1261 3665 donavimus
1282 3612 1312 3665 et
1335 3607 1532 3680 contulimus,
1548 3607 1646 3664 immo

379 3707 498 3783 damus,
527 3712 680 3771 donamus
711 3721 742 3774 et
775 3713 964 3772 conterimus
993 3712 1062 3790 jure
1086 3722 1237 3788 perpetuo
1269 3722 1298 3771 et
1321 3714 1573 3772 irrevocabiliter
1602 3695 1647 3770 te·¹

378 3817 501 3889 nendas‚
531 3819 734 3893 possidendas
770 3822 888 3894 pariter
922 3827 952 3878 et
983 3820 1150 3892 habendas,
1181 3821 1270 3877 salvo
1293 3818 1361 3895 jure
1390 3821 1501 3890 alien0,
1533 3809 1645 3878 harum

377 3932 553 3982 nostrarum
578 3925 686 3999 vigore
709 3931 740 3984 et
762 3927 940 3985 testimonio
966 3926 1143 3984 litterarum
1160 3925 1323 3984 mediante.
1347 3923 1432 3998 Quas
1455 3927 1487 3984 in
1511 3925 1646 3986 formam

379 4031 476 4090 nostri
502 4031 669 4104 privilegii
701 4032 802 4106 redigi
827 4032 984 4104 faciemus,
1008 4049 1077 4090 cum
1102 4033 1192 4090 nobis
1216 4033 1245 4090 in
1277 4033 1379 4104 specie
1400 4031 1516 4089 fuerint
1537 4047 1649 4106 repor-

379 4141 448 4194 tate.
471 4135 591 4194 Datum
610 4137 695 4196 Bude
714 4137 792 4195 feria
809 4148 919 4211 quarta
932 4141 1077 4213 proxima
1094 4145 1165 4212 post
1180 4139 1291 4196 festum
1317 4135 1539 4196 penthecostes.
1559 4131 1655 4208 linat),¹

380 4239 498 4300 domini
527 4243 698 4301 millesimo
722 4244 1028 4318 quadringentesimo
1051 4245 1280 4318 septuagesimo
1303 4243 1445 4302 secundo.
1469 4221 1649 4317 Regnorum

378 4353 554 4405 nostrorum
577 4363 657 4407 anno
688 4351 847 4424 Hungarie
877 4360 932 4410 etc.
964 4351 1203 4425 quintodecimo,
1236 4350 1446 4410 coronacionis
1474 4365 1564 4423 nono,
1588 4349 1647 4408 Bo·

378 4439 481 4512 hemis
505 4470 579 4514 vero
603 4431 723 4528 quarto.

483 4647 506 4694 E
526 4651 694 4710 transumpto,
725 4654 764 4697 sat
795 4663 881 4705 exeso.
901 4647 1043 4697 Wladislai
1062 4648 1130 4712 regis
1149 4647 1181 4696 de
1200 4663 1266 4698 auno
1289 4659 1362 4714 1505.
1382 4657 1408 4698 et
1431 4651 1496 4716 1508
1524 4651 1557 4698 In
1576 4648 1645 4700 arch.

378 4749 435 4787 ven.
461 4733 544 4799 Capit
564 4735 744 4798 zagrabiensis.
1650 4732 1657 4742 ⁸
