3948 5804
695 629 697 634 ,
743 553 817 610 Doc.
833 562 887 628 53.
914 585 951 594 -
977 551 1032 610 An.
1058 548 1149 630 1428.
1537 555 1575 626 65

315 769 417 837 tisset;
451 766 578 825 tandem
609 782 684 825 vero
716 766 872 840 prelibato
903 767 1036 825 condam
1071 768 1220 841 magistro
1240 769 1378 828 Osualdo
1401 772 1485 830 viam
1509 770 1576 827 uni·

317 889 404 931 verse
427 873 528 932 carnis
550 873 698 946 ingresso,
723 873 866 946 dictaque
889 889 981 931 causa
1004 875 1048 931 sic
1070 890 1126 946 per
1141 875 1295 947 plurimos
1312 891 1410 934 annos
1429 889 1579 950 suspensa

310 983 345 1037 et
367 979 456 1052 quasi
479 979 582 1052 sopita
604 985 633 1036 et
656 993 718 1036 non
739 979 895 1052 ventilata,
919 979 1046 1036 demum
1069 979 1143 1052 quia
1165 982 1308 1038 nonnulli
1330 982 1413 1039 cives
1444 987 1475 1039 et
1507 981 1577 1038 hos-

312 1085 392 1158 pites
428 1083 504 1143 dicti
538 1085 652 1142 montis
683 1083 876 1156 Grechensis,
900 1085 959 1142 hiis
983 1085 1135 1158 proximis
1158 1087 1355 1158 temporibus
1378 1087 1523 1158 defuncti,
1546 1086 1578 1144 in

312 1205 425 1248 eorum
459 1190 689 1266 testamentaria
719 1189 926 1264 disposicione
958 1195 989 1248 et
1019 1192 1210 1249 testamentis
1242 1191 1313 1249 inde
1334 1193 1517 1267 conscriptis
1540 1207 1578 1249 ex

315 1296 506 1365 induccione‚
528 1296 671 1353 svasione
694 1301 724 1352 et
747 1295 969 1354 informacione
992 1295 1147 1354 dictorum
1171 1297 1327 1370 Anthonii,
1362 1299 1451 1357 Pauli
1474 1304 1504 1356 et
1525 1297 1577 1380 Jo-

313 1403 424 1461 hannis
454 1402 709 1476 presbiterorum.
740 1407 835 1476 prout
857 1417 914 1460 nos
937 1418 975 1460 ex
999 1407 1153 1460 certarum
1178 1417 1383 1477 personarum
1406 1404 1577 1462 assercione

313 1509 516 1581 cognovimus
540 1514 631 1566 etex
654 1508 763 1566 multis
783 1509 967 1567 coniecturis
1001 1509 1207 1582 percepimus,
1232 1509 1264 1567 in
1295 1509 1516 1569 detrimentum
1548 1515 1578 1566 et

311 1613 454 1672 fraudem
470 1611 547 1689 juris
564 1614 738 1687 approbate
762 1613 992 1672 consuetudinis
1008 1614 1163 1673 dictorum
1179 1614 1459 1688 prebendariorum
1472 1617 1577 1674 huius·

315 1719 402 1778 modi
426 1719 567 1777 clausula
590 1719 793 1792 inserebatur,
818 1735 872 1793 per
902 1719 982 1778 alios
1010 1720 1191 1778 huiusmodi
1221 1726 1404 1780 testamenta
1432 1721 1578 1780 facientes

314 1826 377 1883 iam
402 1826 493 1883 certis
515 1825 638 1882 vicibus
661 1825 776 1883 inserta
799 1824 922 1884 fuisset:
947 1825 1030 1900 quod
1054 1831 1124 1884 ante
1147 1827 1252 1884 omnia
1284 1828 1342 1900 ipsi
1374 1827 1575 1902 prebendarii

312 1931 351 1988 de
374 1931 464 1989 bonis
488 1936 518 1988 et
540 1931 635 1988 rebus
657 1931 734 2005 ipsis
756 1931 869 2004 legatis
892 1937 1035 2005 quartam
1059 1937 1180 2005 partem
1205 1949 1259 1990 seu
1295 1933 1474 1991 canonicam
1504 1947 1576 2007 por-

312 2039 435 2096 cionem
458 2037 577 2095 eisdem
607 2037 781 2095 rectoribus
812 2036 885 2095 dare
916 2037 1065 2096 deberent
1073 2055 1081 2108 ;
1104 2037 1175 2096 ideo
1205 2045 1396 2097 memoratus
1426 2037 1577 2096 discretus

316 2144 365 2201 vir
389 2144 507 2215 Petrus,
530 2143 617 2217 prius
641 2142 774 2200 decanus
797 2142 953 2201 dictorum
976 2143 1264 2217 prebendariorum,
1295 2159 1351 2202 suo
1381 2150 1411 2202 et
1441 2143 1577 2218 sepedic-

312 2255 416 2308 torum
444 2247 722 2324 prebendariorum
745 2249 932 2321 nominibus,
963 2249 1135 2322 prelibatus
1159 2250 1360 2322 Anthonium,
1392 2249 1524 2308 Paulum
1547 2255 1577 2307 et

311 2355 496 2436 johannem,
519 2354 698 2428 capellanos
718 2369 771 2411 seu
794 2361 928 2412 rectores
951 2355 983 2412 in
1006 2356 1199 2428 presenciam
1224 2355 1412 2413 venerabilis
1436 2355 1505 2427 viri,
1522 2354 1576 2412 do·

314 2459 390 2518 mini
412 2461 561 2543 Johannis
585 2461 718 2518 cantoris
742 2469 772 2518 et
795 2463 933 2520 canonici
957 2463 1085 2520 ecclesie
1108 2467 1213 2520 nostre
1236 2462 1375 2536 predicte
1405 2467 1436 2520 et
1467 2462 1576 2520 vicarii

311 2567 409 2624 nostri
444 2567 475 2624 in
511 2567 726 2641 spiritualibus
756 2573 786 2625 et
821 2583 984 2627 causarum
1014 2568 1191 2626 auditarum
1214 2569 1369 2642 generalis
1392 2568 1499 2626 citavit
1522 2583 1577 2625 seu

311 2673 406 2730 traxit
428 2673 458 2730 in
481 2687 614 2744 causam,
632 2687 695 2746 quo
711 2673 788 2731 locis
803 2675 1028 2732 contestacione
1042 2673 1130 2747 sacta,
1148 2675 1328 2748 libellisque
1345 2675 1416 2733 hinc
1433 2673 1504 2732 inde
1520 2689 1577 2746 per

312 2784 415 2852 partes
439 2778 607 2852 productis,
631 2779 722 2836 nobis
745 2795 821 2837 vero
844 2779 921 2838 feria
944 2785 1029 2838 sexta
1053 2787 1124 2856 post
1146 2780 1261 2839 festum
1277 2780 1493 2854 gloriosissimi
1510 2795 1576 2838 cor-

313 2885 399 2958 poris
422 2884 540 2942 domini
564 2886 660 2943 nostri
683 2886 778 2968 jhesu
803 2886 919 2944 Christi
941 2901 1000 2960 pro
1019 2887 1169 2945 tribunali
1183 2887 1370 2958 sedentibus,
1387 2885 1576 2960 querulanti-

312 2993 434 3064 busque
456 2991 610 3049 iusticiam
634 2992 787 3064 impertiri
812 2992 999 3064 volentibus,
1023 2994 1067 3067 pii
1091 2994 1189 3067 patris
1212 3008 1300 3051 more
1324 2992 1478 3050 laudabili
1509 3007 1575 3048 mo·

312 3097 389 3154 leste
405 3095 538 3155 ferentes
554 3097 753 3156 incommodo
768 3099 975 3170 subditorum,
992 3099 1031 3157 ad
1048 3107 1154 3158 exacte
1170 3099 1427 3158 consideracionis
1444 3113 1574 3156 examen

312 3217 349 3260 ac
370 3203 450 3261 inter
473 3209 635 3278 pectorum
659 3204 794 3261 claustra
818 3205 937 3262 solicite
960 3206 1164 3277 revolventes,
1189 3221 1283 3279 quam
1308 3205 1347 3263 sit
1371 3205 1462 3278 plena
1494 3205 1575 3277 peri·

313 3309 401 3377 culis,
418 3324 513 3382 quam
529 3314 637 3367 onusta
657 3309 835 3384 dispendiis
852 3326 1042 3384 quamquam
1066 3312 1099 3368 in
1121 3311 1225 3368 divine
1249 3312 1417 3368 maiestatis
1432 3325 1577 3384 conspec-

312 3418 379 3473 tum
403 3415 479 3473 redd
503 3460 509 3473 .
535 3457 541 3470 .
568 3459 576 3475 .
600 3449 635 3473 ,2
661 3459 858 3474 .......
883 3423 1048 3491 propterea
1079 3419 1271 3475 intendentes
1294 3457 1574 3476 ..........

312 3513 442 3594 prorsus
463 3537 592 3594 querere
614 3538 650 3580 ac
673 3523 852 3580 omnimode
874 3524 1049 3594 subvenire,
1073 3525 1169 3581 nullis
1192 3537 1342 3596 umquam
1364 3522 1476 3580 futuris
1498 3527 1576 3578 tem-

312 3619 458 3700 poribus;
489 3627 612 3685 favente
643 3627 769 3686 domino
794 3675 919 3687 .....
943 3629 1052 3687 habita
1082 3645 1177 3703 super
1212 3629 1371 3702 premissis
1402 3635 1523 3686 matura
1546 3634 1576 3686 et

311 3731 429 3806 digesta
453 3749 523 3790 cum
546 3731 731 3809 jurisperitis
755 3735 884 3792 consilio
915 3743 945 3792 et
975 3735 1210 3808 deliberacione,
1235 3733 1350 3792 Christi
1381 3736 1506 3793 nornine
1530 3735 1575 3792 in·

313 3845 432 3910 vocato,
456 3854 514 3913 pro
537 3840 688 3911 tribunali
710 3839 854 3910 sedendo,
878 3841 982 3898 solum
1006 3839 1100 3899 deum
1124 3857 1180 3914 pre
1203 3841 1302 3898 oculis
1326 3841 1483 3912 habentes,
1519 3856 1576 3914 per

310 3945 389 4002 hanc
412 3951 551 4003 nostram
573 3946 761 4004 sentenciam
784 3945 993 4016 diffinitivam,
1016 3961 1111 4018 quam
1134 3945 1263 4004 ferimus
1297 3947 1328 4003 in
1363 3947 1411 4003 his
1443 3947 1575 4020 scriptis,

310 4027 348 4107 de
374 4066 523 4108 consensu
545 4055 575 4108 et
597 4056 719 4108 matura
743 4051 903 4108 voluntate
927 4052 1162 4110 honorabilium
1198 4052 1340 4109 virorum
1372 4051 1571 4110 dominorum

309 4157 527 4214 canonicorum
550 4156 589 4214 de
612 4157 749 4231 capitulo
774 4157 911 4231 predicte
935 4159 1064 4216 ecclesie
1088 4166 1192 4216 nostre
1214 4159 1421 4231 zagrabiensis
1439 4158 1573 4216 fratrum

309 4267 486 4320 nostrorum
510 4265 744 4322 carissimorum
774 4265 915 4336 dicimus,
946 4265 1197 4339 pronunciamus,
1222 4265 1446 4322 sentenciamus
1470 4271 1500 4322 et
1523 4264 1575 4322 de·

310 4367 466 4426 claramus
488 4367 527 4425 de
548 4367 616 4444 jure
639 4369 794 4444 sepefatos
817 4369 944 4427 ecclesie
967 4377 1072 4427 nostre
1096 4370 1318 4445 prebendarius
1342 4377 1499 4443 presentes
1522 4377 1575 4429 aut

306 4473 430 4533 tuturos
453 4473 491 4532 de
515 4474 626 4547 legatis
648 4477 692 4533 eis
715 4476 747 4532 in
770 4483 871 4534 morte
893 4483 946 4534 aut
969 4478 1080 4535 mortis
1096 4478 1226 4536 articulo
1243 4494 1261 4536 a
1277 4491 1475 4551 quocumque
1498 4477 1573 4547 cive,

310 4579 432 4654 hospite
466 4584 520 4638 aut
553 4579 654 4639 incola
688 4581 774 4655 opidi
807 4581 920 4656 prelati
955 4583 1070 4641 montis
1094 4581 1276 4641 Grechensis
1299 4599 1353 4641 seu
1377 4584 1488 4656 quovis
1511 4585 1574 4641 alio

310 4687 532 4761 cuiuscumque
554 4691 652 4746 status
674 4703 710 4745 ac
725 4689 959 4762 preeminencie,
977 4689 1136 4762 dignitatis
1152 4697 1206 4747 aut
1220 4689 1335 4764 gradus
1351 4690 1574 4762 cuiuscumque

306 4793 368 4850 loci
390 4793 501 4852 existat
522 4801 667 4869 quartam
689 4801 811 4869 partem
832 4796 955 4854 solvere
978 4812 1039 4854 non
1063 4796 1177 4855 debere
1196 4813 1252 4859 nec
1275 4797 1371 4854 teneri
1403 4796 1570 4870 sepedictis

306 4899 472 4971 Anthoni0,
496 4899 594 4959 Paulo
616 4905 648 4960 et
670 4901 806 4984 Johanni
829 4903 998 4976 capellanis
1020 4919 1074 4960 seu
1098 4903 1269 4960 rectoribus
1293 4902 1420 4960 ecclesie
1453 4902 1572 4976 prefate

306 5010 360 5062 aut
382 4981 490 5064 eorum
513 5009 682 5065 successori
705 5009 757 5065 vel
781 5009 1009 5066 successoribus
1032 5025 1084 5066 seu
1107 5009 1355 5082 quibuscumque
1371 5010 1572 5067 ecclesiarum

1401 5150 1403 5156 ¹
1468 5127 1486 5182 5
