3764 5924
360 535 421 591 512
784 522 858 580 Dor.
875 518 954 598 389.
979 555 1020 566 -
1044 524 1100 581 An.
1125 520 1219 602 1498.

359 751 463 810 supra,
487 736 578 794 nobis
609 737 769 809 porrectis,
792 737 880 794 iustis
901 745 1010 811 utputa
1032 744 1062 796 et
1084 739 1246 811 legittimis
1269 751 1444 812 annuentes,
1468 745 1627 816 preinser·

360 849 407 902 tas
430 842 549 900 litteras
572 840 647 899 dicti
670 841 789 900 domini
813 843 911 900 nostri
933 843 1015 914 regis
1040 841 1078 900 de
1103 844 1201 901 verbo
1223 844 1263 902 ad
1288 846 1420 903 verbum
1443 848 1509 906 sine
1531 847 1627 908 dimi·

358 948 489 1006 nncione
508 954 538 1005 et
566 953 734 1020 augmento
763 947 894 1020 aliquali
917 949 1112 1021 presentibus
1136 950 1246 1007 litteris
1275 951 1388 1008 nostris
1421 954 1627 1026 transcriptas

358 1059 390 1111 et
413 1058 647 1126 transsumptas,
685 1057 824 1110 tenorem
862 1053 1042 1112 earumdem
1080 1056 1140 1112 sub
1173 1055 1278 1128 sigillo
1315 1063 1420 1116 nostro
1444 1061 1626 1118 memoratis

359 1155 462 1234 judici,
485 1157 602 1234 juratis,
626 1159 796 1232 ceterisque
819 1159 940 1218 civibus
971 1168 1001 1218 et
1023 1161 1081 1219 toti
1103 1163 1320 1220 communitati
1342 1163 1477 1221 civitatis
1501 1166 1619 1224 montis

359 1264 522 1325 Grecensis
538 1265 688 1324 antedicta
705 1265 853 1325 duximus
876 1267 1097 1338 concedendas,
1120 1266 1197 1344 juris
1220 1269 1362 1341 ipsorum
1385 1269 1425 1326 ad
1443 1269 1623 1329 uberiorem

360 1373 521 1430 cautelam.
545 1372 662 1429 Datum
696 1371 771 1430 feria
807 1379 893 1431 sexta
915 1372 996 1431 inira
1018 1379 1144 1430 octavas
1167 1373 1237 1432 festi
1257 1373 1404 1432 Omnium
1436 1383 1626 1435 sanctorum.

361 1478 450 1534 Anno
475 1477 593 1536 domini
615 1477 786 1536 millesimo
810 1479 1114 1552 quadringentesimo
1137 1479 1337 1552 nonagesimo
1360 1481 1501 1554 septimo.

465 1612 599 1676 Originale
617 1614 644 1662 ln
662 1614 758 1666 charta.
779 1615 806 1663 A
825 1621 897 1679 tergo
916 1615 1053 1680 vestigium
1071 1616 1190 1681 impressi
1209 1615 1298 1680 sigilli.
1318 1617 1350 1664 In
1369 1615 1483 1666 archivio
1501 1616 1546 1669 lib.
1567 1633 1623 1682 reg.

363 1701 412 1752 civ.
432 1701 614 1764 zagrabiensis.

953 1915 1043 1981 389.

464 2059 544 2108 Anuo
566 2057 640 2120 1498.
662 2057 702 2108 28.
721 2055 791 2108 maii.
811 2056 910 2108 Budae.

367 2165 533 2244 Vladr'slaus
553 2185 709 2258 Hungarie
732 2191 779 2246 etc.
802 2203 863 2246 rex.
879 2192 1047 2244 mercatores
1062 2185 1264 2264 aagrabienses
1286 2205 1306 2243 a
1330 2187 1445 2246 tributis
1460 2195 1519 2261 pro
1534 2205 1624 2250 merce

767 2291 908 2350 solvendis
930 2291 1080 2350 identidem
1103 2292 1213 2352 liberat.

464 2455 643 2514 Vladisiaus
668 2453 716 2513 dei
747 2455 851 2528 gracia
873 2470 928 2513 rex
951 2455 1109 2528 Hungarie
1139 2459 1169 2512 et
1203 2453 1349 2514 Bohemie
1371 2460 1429 2514 etc.
1453 2453 1615 2513 Fidelibus

356 2561 469 2621 nostris
498 2562 650 2619 universis
680 2567 711 2618 et
739 2560 870 2634 singulis
899 2560 1059 2618 nobilibus
1090 2564 1120 2618 et
1157 2561 1286 2618 alterius
1308 2561 1445 2620 cuiusvis
1468 2565 1566 2618 status
1587 2567 1619 2618 et

356 2667 543 2726 condicionis
566 2667 797 2741 possessionatis
820 2665 998 2724 hominibus
1012 2666 1099 2739 regni
1120 2666 1218 2724 nostri
1233 2663 1403 2735 Sclauonie,
1427 2667 1561 2724 salutem
1588 2671 1620 2724 et

356 2774 502 2846 graciam.
525 2771 606 2830 Cum
628 2771 736 2830 fideles
759 2772 857 2829 nostri
891 2770 1058 2844 prudentes
1082 2777 1112 2828 et
1136 2771 1353 2845 circumspecti
1376 2769 1470 2845 judex
1501 2779 1531 2829 et
1568 2769 1615 2844 ju·

356 2881 416 2939 rati
446 2895 482 2937 ac
504 2879 640 2937 universi
663 2879 744 2936 cives
762 2883 793 2936 et
808 2877 1031 2935 inhabitatores
1047 2877 1182 2935 civitatis
1197 2883 1301 2936 nostre
1324 2878 1439 2936 montis
1455 2875 1618 2936 Grecensis

356 3001 394 3044 ex
418 2984 612 3044 concessione
635 2988 664 3040 et
687 2983 827 3056 graciosa
851 2981 1018 3040 annuencia
1041 2984 1311 3042 serenissimorum
1334 2984 1511 3057 principum
1527 2982 1616 3040 divo·
1651 3043 1656 3053 ,

355 3109 427 3150 rum
457 3105 568 3164 regum
602 3090 769 3162 Hungarie,
801 3093 980 3146 nostrorum
1021 3089 1139 3147 scilicet
1173 3089 1438 3163 predecessorum,
1460 3089 1501 3146 ab
1528 3089 1615 3146 omni

355 3198 513 3256 solucione
542 3195 705 3254 tributaria
728 3195 843 3253 exemti
859 3194 919 3252 sint
942 3199 973 3252 et
996 3194 1117 3269 penitus
1140 3195 1274 3266 liberati,
1307 3195 1513 3270 pluribusque
1542 3194 1612 3252 aliis

354 3303 551 3363 libertatibus
581 3308 611 3359 et
630 3301 811 3360 libertatum
834 3301 1048 3375 prerogativis,
1072 3301 1236 3374 vigoribus
1261 3307 1417 3360 certarum
1438 3301 1613 3360 litterarum

355 3411 504 3486 ipsorum,
541 3423 646 3466 coram
680 3409 840 3466 maiestate
873 3417 980 3465 nostra
1015 3421 1051 3464 ac
1085 3405 1219 3466 dominis
1243 3408 1371 3481 prelatis
1394 3411 1424 3465 et
1446 3407 1617 3466 baronibus

355 3517 468 3575 nostris
490 3514 712 3588 productarum
736 3527 788 3571 eos
809 3514 933 3586 gavisos
957 3512 1052 3571 fuisse
1074 3519 1104 3570 et
1125 3513 1260 3586 gaudere
1283 3514 1504 3586 intelligamus,
1527 3513 1614 3586 cupi·

356 3637 507 3696 amusque
530 3622 614 3694 ipsos
637 3621 720 3678 cives
735 3625 858 3677 nostros
881 3624 911 3677 et
927 3619 1086 3677 universos
1102 3619 1220 3678 incolas
1243 3627 1273 3677 et
1289 3619 1511 3678 inhabitatores
1526 3619 1612 3676 illius

355 3729 425 3799 loci,
448 3726 702 3802 predecessorum
725 3729 904 3782 nostrorum
926 3729 1087 3798 sequentes
1110 3725 1248 3798 vestigia,
1271 3725 1303 3782 in
1324 3724 1504 3782 huiusmodi
1518 3724 1613 3782 liber·

356 3834 472 3892 tatibus
494 3832 638 3907 ipsorum
671 3829 799 3904 pacifice
830 3845 1013 3889 conservare
1043 3835 1073 3888 et
1096 3829 1197 3888 iacere
1220 3831 1404 3902 conservari,
1427 3829 1612 3888 mandamus

353 3943 518 4014 propterea
539 3936 744 3995 fidelitatibus
774 3936 887 3994 vestris
910 3941 940 3993 et
963 3936 1130 3994 cuiuslibet
1153 3941 1292 3994 vestrum
1315 3935 1394 3994 serie
1415 3934 1611 4009 presencium

354 4043 541 4115 firmissime,
577 4048 612 4101 ut
644 4041 758 4100 amodo
783 4040 922 4115 prefatos
960 4042 1042 4100 cives
1077 4047 1197 4100 nostros
1228 4047 1259 4100 et
1296 4056 1403 4098 eorum
1438 4041 1619 4116 quempiam

352 4153 384 4210 in
405 4151 550 4209 omnibus
578 4149 641 4207 illis
664 4147 862 4207 libertatibus
884 4153 915 4206 et
938 4148 1220 4221 consuetudinibus,
1244 4148 1358 4221 quibus
1380 4149 1550 4222 antiquitus
1572 4147 1619 4204 usi

354 4263 424 4316 sunt
447 4263 477 4313 et
492 4255 599 4328 gavisi,
623 4255 721 4311 iibere
737 4260 767 4312 et
790 4254 919 4329 pacifice
942 4270 1066 4328 semper
1089 4269 1280 4326 conservare,
1301 4255 1447 4328 ipsosque
1462 4255 1494 4314 in
1510 4253 1616 4312 huius·

354 4363 441 4421 modi
474 4360 672 4419 libertatibus
707 4367 814 4418 contra
849 4361 1006 4434 quoslibet
1037 4360 1218 4433 illegitimos
1252 4359 1446 4433 impetitores
1468 4359 1616 4434 precipue

353 4484 428 4528 vero
452 4473 558 4526 contra
591 4472 621 4526 et
654 4465 805 4524 adversus
827 4465 953 4524 fidelem
977 4473 1119 4524 nostrum
1143 4465 1301 4539 egregium
1323 4439 1450 4524 Petrum
1473 4463 1618 4535 Bochiray

354 4577 393 4635 de
415 4572 737 4648 Razynyalrereztswr,
762 4573 816 4646 qui
839 4573 924 4647 ipsos
947 4573 1030 4630 cives
1050 4579 1171 4630 nostros
1194 4577 1302 4630 contra
1325 4571 1485 4630 libertates
1508 4583 1617 4628 eorum

353 4683 448 4742 variis
483 4680 593 4749 modis,
627 4681 786 4754 signanter
820 4694 895 4738 vero
930 4679 963 4738 in
985 4679 1062 4736 locis
1093 4679 1284 4737 tributorum
1314 4691 1444 4736 suorum
1467 4675 1619 4751 impedire

354 4790 475 4862 dicitur,
507 4788 595 4859 tueri,
633 4793 798 4860 protegere
830 4791 861 4843 et
890 4784 1057 4846 defendere
1088 4784 1227 4843 debeatis
1257 4783 1425 4842 maiestatis
1455 4789 1563 4842 nostre
1585 4782 1617 4840 in

354 4913 484 4971 persona
508 4904 537 4954 et
560 4895 743 4953 auctoritate
766 4893 960 4967 presentibus
984 4891 1075 4950 vobis
1098 4892 1130 4950 in
1152 4893 1210 4950 hac
1230 4899 1319 4965 parte
1343 4904 1487 4949 concessa
1517 4896 1550 4948 et
1571 4889 1617 4946 iu·

353 5005 440 5062 sticia
468 5003 630 5062 mediante.
665 4999 758 5058 Secus
792 5015 853 5057 non
888 4998 1006 5058 facturi.
1042 4999 1237 5056 Presentibus
1271 4997 1424 5070 perlectis,
1460 4994 1620 5054 exhibenti
