3804 5858
654 574 727 634 Dec.
744 585 818 651 352.
844 607 883 617 -
909 575 965 633 An.
989 571 1083 652 1489.
1445 596 1503 658 4⁷¹

244 789 448 863 scholaribus,
480 789 721 865 procedentibus
756 795 786 847 et
818 791 1017 864 pauperibus.
1051 791 1128 850 Item
1160 791 1199 850 de
1222 795 1387 852 choratura
1410 794 1510 854 detra·

243 898 358 956 hantur
380 897 473 955 solidi
496 897 562 954 Xii.
585 903 615 956 et
637 895 782 954 similiter
805 896 868 954 fiat.
882 897 959 955 Item
983 897 1022 955 de
1042 897 1174 958 lectione
1197 899 1400 958 detrahantur
1416 900 1510 959 solidi

243 1001 293 1060 Vi.
317 1008 347 1060 et
369 1003 514 1062 similiter
537 1003 600 1062 fiat.
623 1001 702 1061 Item
718 1001 756 1060 de
769 1003 941 1075 ewangelio
964 1007 994 1060 et
1017 1003 1158 1078 epistola,
1177 1009 1320 1079 tempore
1336 1018 1398 1080 quo
1421 1021 1511 1064 reve-

243 1109 444 1168 rendissimus
461 1107 605 1168 dominus
627 1109 792 1183 episcopus
807 1107 944 1167 celebrat
960 1124 1017 1183 per
1032 1125 1073 1182 se,
1086 1108 1266 1168 detrahatur
1282 1126 1336 1184 per
1347 1111 1403 1170 sol.
1413 1111 1510 1172 XXV.

244 1220 274 1272 et
296 1215 441 1274 similiter
463 1215 526 1274 fiat.
549 1215 627 1273 Item
650 1215 689 1274 de
713 1215 823 1288 missis,
836 1214 1014 1289 ewangeliis
1031 1221 1061 1274 et
1077 1216 1217 1290 epistolis
1240 1217 1512 1292 ebdomadalibus,

244 1322 270 1379 si
293 1321 363 1394 quis
396 1320 594 1380 dominorum
618 1321 790 1394 neglexerit
811 1325 866 1380 aut
887 1338 945 1396 per
968 1337 1000 1380 se
1023 1327 1077 1380 aut
1093 1338 1149 1396 per
1165 1328 1427 1397 supportatorem,
1450 1339 1511 1398 pro

246 1427 389 1501 quolibet
420 1425 541 1485 defectu
577 1427 744 1486 cuiuslibet
767 1427 829 1486 diei
852 1427 1053 1486 detrahantur
1075 1429 1134 1488 sol.
1150 1427 1243 1501 XLV,
1267 1428 1428 1488 videlicet:
1453 1445 1511 1504 pro

245 1533 340 1592 missa
373 1533 469 1592 XXX.
500 1548 559 1607 pro
583 1533 758 1606 ewangelio
789 1533 825 1592 X.
842 1541 872 1592 et
896 1548 954 1608 pro
994 1535 1126 1610 epistola
1149 1535 1185 1594 V.
1219 1551 1279 1609 que
1301 1535 1444 1594 similiter
1467 1535 1513 1594 di-

245 1643 430 1714 spensentur
452 1640 531 1699 sicut
553 1640 667 1714 priora.

351 1746 401 1804 Ad
433 1747 586 1820 premissa
615 1761 690 1804 vero
731 1745 912 1820 exequenda
946 1746 1078 1806 debeant
1112 1747 1278 1822 providere
1312 1753 1419 1808 cantor
1439 1764 1512 1807 cum

246 1867 302 1911 suo
326 1858 514 1926 succentore,
547 1853 601 1927 qui
632 1852 765 1911 debeant
796 1857 826 1910 et
857 1854 918 1911 sint
941 1853 1075 1926 obligati
1097 1869 1222 1912 servare
1245 1860 1276 1913 et
1299 1861 1403 1914 tenere
1427 1869 1511 1914 com-

245 1963 358 2032 putum
380 1958 615 2034 premissorum,
647 1965 678 2016 et
700 1959 732 2016 in
756 1962 908 2032 quantum
931 1959 993 2033 ipsi
1015 1973 1077 2018 non
1098 1957 1275 2018 sufficerent
1298 1959 1443 2019 dominus
1465 1961 1511 2018 vi·

245 2065 346 2124 carius
367 2069 469 2124 teneat
490 2065 657 2140 providere
680 2079 753 2123 cum
776 2065 863 2139 prius
885 2065 1070 2140 opportunis
1094 2069 1124 2123 et
1146 2065 1289 2139 superius
1312 2067 1436 2130 notatis.

349 2172 428 2230 item
449 2171 476 2230 si
498 2173 567 2246 quis
590 2170 789 2230 dominorum
812 2171 1040 2230 collateralium
1061 2171 1232 2245 neglexerit
1254 2171 1394 2230 officium
1417 2187 1510 2232 suum

246 2283 388 2352 tempore
410 2285 595 2352 opportuno,
611 2293 670 2352 pro
693 2277 834 2352 quolibet
857 2275 979 2336 deiectu
1001 2293 1057 2336 suo
1080 2276 1280 2336 detrahantur
1301 2278 1349 2336 sol
1371 2275 1468 2338 XXV.

352 2431 433 2482 Liber
450 2432 545 2482 rubeus
563 2447 620 2484 vem
639 2431 748 2497 capituli
766 2430 829 2483 eccl.
847 2432 1028 2496 zagrabiensis,
1047 2433 1081 2481 Iu
1098 2431 1213 2482 archivio
1230 2431 1292 2486 incl.
1311 2432 1395 2485 Acad.
1415 2432 1511 2484 Scient.

247 2519 345 2572 Slavor.
364 2521 455 2573 merid.

844 2715 928 2782 352.

352 2859 433 2907 Anno
454 2858 528 2920 1489,
549 2858 581 2907 28
611 2856 760 2922 septembis.
778 2856 876 2907 Budae.

246 2978 388 3059 Angelns,
408 2986 483 3044 sedis
497 2985 670 3060 apostolicae
684 2987 807 3060 legatus,
823 2984 960 3058 plebanis
980 2985 1215 3058 zagrabiensibns
1236 2985 1365 3054 mandat,
1389 2991 1425 3043 ut
1436 2998 1512 3044 sum-

246 3101 357 3167 mopere
379 3095 536 3164 enitantur,
551 3101 586 3151 ut
604 3093 790 3150 communitas
804 3091 929 3149 civitatis
938 3098 1053 3164 pacem,
1076 3109 1164 3165 quam
1186 3109 1249 3150 cum
1271 3092 1397 3165 capetulo
1419 3089 1512 3162 nitebit,

766 3199 901 3272 scriptam
924 3197 998 3254 edat.

354 3343 500 3417 Angelus,
524 3343 574 3401 dei
597 3349 626 3402 et
649 3341 819 3416 apostolice
843 3341 924 3400 sedis
947 3341 1051 3414 gracia
1076 3341 1241 3414 episcopus
1272 3339 1444 3400 ortanensis
1477 3356 1513 3400 ac

247 3451 381 3511 civitatis
404 3450 652 3520 castellanensis,
675 3448 714 3520 ad
739 3447 948 3520 Germaniam,
982 3447 1185 3520 Hungariam,
1218 3445 1379 3504 Poloniam
1403 3453 1433 3505 et
1456 3445 1513 3506 Bo·

247 3558 392 3630 herniam,
416 3556 543 3629 illisque
566 3554 740 3614 adiacentes
763 3559 867 3629 partes
891 3559 985 3628 atque
1007 3568 1102 3626 regna
1133 3567 1205 3610 cum
1236 3552 1330 3626 plena
1361 3557 1513 3626 potestate

248 3665 342 3738 legati
365 3662 404 3720 de
427 3663 531 3733 latere,
556 3663 683 3734 legatus
708 3660 837 3718 Dilectis
862 3660 951 3719 nobis
974 3660 1006 3718 in
1030 3659 1154 3717 Christo
1179 3657 1319 3717 discretis
1345 3659 1421 3717 viris
1445 3705 1451 3717 .
1475 3705 1480 3719 .
1506 3705 1512 3718 .

247 3771 343 3828 sancti
365 3769 497 3827 Emerici
520 3769 551 3826 in
574 3783 646 3825 area
669 3767 834 3841 capitulari
857 3767 1048 3840 zagrabiensi
1050 3809 1178 3836 .....
1201 3765 1298 3823 sancti
1320 3763 1444 3826 Martini
1473 3763 1511 3825 de

248 3878 319 3934 vico
342 3881 493 3947 sutorum,
509 3881 539 3932 et
564 3917 570 3930 .
588 3914 595 3928 .
614 3874 711 3932 sancti
721 3874 868 3932 Anthonii
883 3872 921 3930 de
939 3873 1007 3930 vico
1024 3871 1213 3942 Latinorum,
1229 3870 1429 3928 ecclesiarum
1447 3869 1513 3946 ple·

248 3983 345 4053 banis,
377 3981 526 4039 dioecesis
557 3980 772 4053 zagrabiensis,
804 3980 938 4037 salutem
966 3978 998 4035 in
1030 3975 1166 4048 domino,
1190 3975 1409 4034 benediccione
1439 3991 1512 4034 cum

248 4093 375 4164 paterna
398 4103 434 4145 ac
451 4089 482 4145 in
498 4087 672 4145 commissis
688 4085 825 4144 debitam
842 4084 1040 4157 diligenciam
1056 4083 1212 4141 adhibere.
1237 4081 1402 4154 Noveritis,
1418 4079 1510 4140 nobis

248 4210 306 4270 pro
330 4199 417 4269 parte
440 4199 470 4251 et
493 4207 625 4267 persona
648 4191 836 4250 uenerabilis
858 4191 1000 4262 magistri
1020 4187 1168 4262 Stephani
1192 4185 1344 4259 cruciferi,
1361 4187 1513 4260 prepositi

248 4301 511 4374 Glogonzanensis
534 4315 570 4358 ac
594 4299 732 4356 canonici
755 4297 970 4370 zagrabiensis,
995 4295 1205 4366 ecclesiarum,
1223 4293 1317 4352 fuisse
1333 4293 1512 4366 expositum

248 4408 338 4481 gravi
360 4423 431 4464 curn
454 4406 581 4481 querela
604 4406 635 4464 in
659 4406 740 4463 hunc
763 4403 908 4461 modum:
933 4400 1092 4476 quomodo
1116 4400 1193 4458 alias
1216 4399 1296 4458 inter
1318 4398 1512 4456 venerabiles

249 4513 392 4573 dominos
424 4494 598 4587 capitulum
625 4511 754 4569 ecclesie
784 4508 990 4582 zagrabiensis
1014 4506 1055 4564 ab
1078 4521 1148 4578 una,
1171 4519 1207 4563 ac
1229 4503 1379 4578 providos
1402 4507 1432 4561 et
1455 4504 1512 4562 cir·

249 4625 443 4693 cumspectos
466 4619 558 4692 cives,
581 4617 707 4690 incolas,
731 4615 954 4675 inhabitatores
977 4617 1006 4672 et
1029 4617 1127 4671 totam
1159 4611 1414 4670 communitatem
1437 4607 1513 4668 civi·

248 4727 320 4785 tatis
342 4727 457 4785 montis
480 4725 643 4785 Grecensis
666 4726 707 4782 ab
730 4723 827 4782 altera
851 4720 1001 4796 partibus,
1032 4720 1064 4778 in
1086 4718 1168 4778 iacto
1192 4723 1345 4777 certarum
1369 4715 1513 4774 differen-

249 4833 367 4892 ciarum
391 4839 422 4892 et
444 4847 551 4892 earum
575 4831 734 4890 occasione
757 4835 787 4887 et
802 4828 966 4903 presertim
983 4830 1127 4901 pretextu
1144 4829 1225 4883 certe
1240 4821 1402 4893 sentencie,
1417 4835 1512 4894 quam

248 4939 327 4999 olim
350 4938 538 4998 reverendus
561 4937 706 4996 dominus
727 4937 882 5019 Johannes
905 4934 1070 5009 episcopus
1093 4929 1233 5006 predicte
1256 4927 1383 4987 ecclesie
1406 4941 1511 5000 zagra-

249 5047 363 5105 biensis
387 5049 494 5104 contra
515 5045 600 5119 ipsos
620 5043 703 5101 cives
726 5057 762 5101 ac
784 5055 894 5101 eorum
913 5039 996 5097 filios
1020 5038 1148 5110 tulisset,
1180 5034 1314 5109 quedam
1346 5031 1513 5107 disposicio
