3948 5804
400 533 442 594 94
469 599 471 602 Ι
830 515 903 574 Doc.
925 523 973 592 75.
993 547 1032 558 -
1059 515 1115 573 An.
1139 527 1228 592 1434.

398 730 588 806 exemplum,
612 727 737 788 eosdem
758 726 895 806 judicem
918 746 954 790 ac
977 728 1094 806 juratos
1117 735 1146 788 et
1169 735 1286 788 ceteros
1310 730 1394 788 cives
1416 743 1474 805 pro
1503 730 1665 805 premissis

398 851 506 896 eorum
530 835 651 894 actibus
675 835 879 910 potenciariis,
902 852 960 911 per
981 837 1075 911 ipsos,
1098 833 1194 893 modo
1217 850 1280 909 quo
1302 850 1406 910 supra,
1429 835 1613 906 commissis,
1629 834 1664 894 in

398 940 488 1001 iactis
510 941 659 1018 potencie,
683 956 721 998 ex
752 955 851 1015 eoque
880 943 913 1000 in
947 946 1070 1001 centurn
1101 941 1214 998 marcis
1248 939 1449 999 denariorum
1480 941 1512 1000 in
1543 941 1664 1000 duabus

398 1048 541 1122 partibus
563 1047 663 1118 nobis,
686 1053 716 1104 et
740 1048 835 1106 tercia
857 1055 954 1122 parte,
986 1047 1068 1122 parti
1098 1045 1228 1104 adverse
1257 1045 1482 1120 persolvendis,
1506 1047 1664 1105 convictos

399 1153 466 1212 iore
488 1153 714 1213 committimus
737 1161 830 1226 atque
851 1160 1038 1226 aggravatos
1061 1153 1243 1211 auctoritate
1273 1159 1379 1210 nostra
1407 1149 1568 1227 judiciaria
1600 1167 1664 1210 me·

399 1259 512 1319 diante.
537 1260 653 1318 Datum
675 1258 835 1332 Zagrabie,
858 1259 993 1318 secundo
1016 1257 1066 1317 die
1088 1259 1211 1316 termini
1242 1258 1406 1332 prenotati.
1432 1259 1520 1317 Anno
1544 1258 1664 1318 domini

399 1365 570 1426 millesimo
592 1365 897 1440 quadringentesimo
920 1365 1076 1423 tricesimo
1100 1370 1221 1439 quarto.

504 1499 637 1564 Originale
655 1500 684 1550 in
703 1500 798 1553 charta.
818 1502 850 1550 In
868 1501 983 1564 margine
1001 1499 1117 1550 inferiori
1138 1501 1291 1566 impressum
1317 1509 1363 1565 est,
1383 1501 1505 1566 sigillum.
1532 1501 1565 1550 Iu
1593 1500 1662 1558 arch,

398 1607 458 1644 ven.
478 1589 562 1656 Capit.
581 1589 682 1654 aegrab.
702 1590 764 1642 Act.
785 1590 847 1656 Cap.
867 1597 918 1642 ant.
938 1589 999 1642 fasc.
1021 1601 1062 1640 ιο.
1081 1606 1118 1642 nr.
1142 1602 1181 1642 11.

1003 1801 1063 1870 73.

504 1944 584 1993 Anno
606 1955 680 2007 1434,
700 1943 724 1996 a,
742 1941 817 2008 Juur.
838 1943 986 2008 zambrae.

391 2070 556 2148 johannes,
584 2069 799 2149 Critercensium
821 2069 939 2144 aagrab.
963 2069 1061 2146 abbas,
1097 2069 1282 2148 Rudolphum
1305 2069 1445 2129 Albanum
1469 2090 1489 2128 a
1511 2091 1541 2132 se
1563 2073 1594 2131 in
1608 2070 1666 2152 jus

396 2195 455 2236 csse
477 2185 614 2246 vocatum,
636 2175 707 2251 quia
723 2175 875 2252 Johanm's
897 2175 1003 2234 Albani
1022 2175 1142 2250 episcopi
1173 2176 1296 2250 legatum
1327 2179 1456 2236 ecclesiae
1478 2180 1667 2254 zagrabiensi

663 2299 721 2341 non
743 2283 869 2353 solverit,
900 2281 1028 2356 Georgia
1050 2281 1259 2357 archiepiscrpto
1280 2285 1405 2342 nuntiat.

503 2424 774 2484 Reverendissimo
803 2426 836 2484 in
867 2425 993 2486 Christo
1024 2427 1107 2501 patri
1137 2431 1168 2486 et
1200 2425 1337 2500 domino,
1369 2426 1496 2486 domino
1529 2427 1665 2503 Georgia

397 2533 598 2592 miseracione
621 2531 727 2592 divina
750 2533 984 2608 archiepiscopo
1006 2533 1211 2606 strigoniensi,
1242 2533 1366 2607 locique
1397 2532 1537 2594 eiusdem
1559 2535 1664 2594 comiti

396 2645 558 2715 perpetuo,
581 2640 709 2713 primati
731 2647 762 2698 et
784 2640 955 2714 apostolice
978 2639 1059 2698 sedis
1079 2639 1182 2714 legato
1205 2645 1286 2712 nato,
1308 2639 1435 2698 domino
1451 2645 1482 2699 et
1505 2641 1588 2715 patri
1603 2641 1665 2702 sibi

371 2745 571 2820 'plurimum
593 2745 783 2820 honorando,
807 2745 904 2804 irater
928 2743 1090 2830 Johannes,
1114 2745 1221 2805 divina
1233 2745 1356 2805 favente
1373 2747 1542 2806 clemencia
1565 2748 1675 2806 abbas·

396 2851 577 2911 monasterii
600 2851 690 2910 beate
713 2853 810 2912 Marie
833 2852 964 2926 virginis
987 2852 1025 2910 de
1048 2851 1209 2926 Zagrabia,
1233 2857 1379 2912 executor
1402 2853 1441 2912 ad
1465 2853 1663 2929 infrascripta

396 2959 503 3017 unicus
526 2958 643 3016 electus
666 2961 697 3018 et
720 2957 895 3034 deputatus,
919 2959 1116 3018 oracionibus
1139 2959 1259 3018 devotis
1283 2961 1315 3018 in
1338 2959 1462 3018 Christo
1491 2961 1587 3044 Jhesu
1618 2957 1665 3036 ju·

396 3065 476 3138 giter
498 3065 682 3139 preoblatis.
698 3065 830 3124 litteras
853 3069 956 3124 vestre
977 3066 1012 3125 R.
1035 3065 1068 3124 P.
1093 3067 1250 3126 citatorias
1273 3082 1332 3142 pro
1355 3071 1445 3141 parte
1466 3066 1662 3126 honorabilis

396 3171 525 3244 capituli
548 3169 676 3230 ecclesie
698 3172 906 3245 zagrabiensis
929 3178 1036 3231 contra
1056 3173 1195 3232 nobilem
1210 3171 1384 3232 Rodolium
1408 3172 1447 3230 de
1464 3173 1568 3231 Athen
1585 3173 1664 3232 alias

396 3275 434 3334 de
458 3276 646 3336 Medwewar
668 3277 822 3337 coniectas
845 3285 875 3336 et
898 3283 1055 3337 emanatas
1078 3285 1181 3338 vestre
1204 3279 1239 3337 R.
1265 3279 1295 3337 P.
1318 3279 1425 3352 sigillo
1456 3279 1570 3340 minori
1593 3295 1665 3340 con·

395 3383 539 3457 signatas,
562 3384 719 3458 michique
750 3400 806 3458 per
837 3386 998 3458 egregium
1027 3385 1133 3443 virum
1163 3384 1326 3444 dominum
1347 3383 1522 3468 'Johannem
1561 3387 1665 3446 decre-

395 3495 500 3548 torum
524 3489 693 3563 doctorem,
717 3489 970 3550 archidiaconum
994 3490 1032 3548 de
1056 3491 1215 3550 Vrbowch
1239 3495 1269 3549 et
1292 3493 1474 3551 canonicum
1505 3493 1586 3552 dicte
1616 3509 1665 3552 ra-

395 3596 567 3670 grabiensis
599 3596 738 3672 ecclesie,
771 3597 950 3656 nominibus
980 3602 1012 3654 et
1041 3597 1073 3655 in
1103 3595 1243 3672 personis
1276 3597 1478 3657 dominorum
1513 3598 1551 3656 de
1582 3598 1665 3658 dicto

396 3702 536 3777 capitulo
558 3702 751 3776 aagrahiensi
773 3702 928 3762 exhibitas
960 3709 990 3760 et
1024 3709 1216 3777 presentatas
1249 3719 1320 3762 curn
1353 3705 1439 3763 omni
1469 3720 1531 3778 qua
1563 3704 1665 3764 decuit

394 3807 573 3867 reverencia
607 3816 637 3866 et
672 3808 852 3868 obediencia
886 3810 1005 3883 recepi,
1041 3825 1118 3883 quas
1153 3817 1255 3868 vestre
1283 3811 1317 3869 R.
1342 3811 1372 3870 P.
1406 3812 1439 3869 in
1469 3811 1665 3886 presentibus

395 3915 427 3973 in
458 3915 561 3988 specie
596 3913 672 3973 duxi
707 3915 978 3986 transmittendas;
1002 3931 1136 3990 quarum
1171 3922 1260 3975 tenor
1289 3917 1333 3975 sic
1364 3917 1488 3993 incipit:
1512 3916 1665 3991 Georgius

395 4021 596 4080 miseracione
640 4020 746 4079 divina
788 4021 1041 4096 archiepiscopus
1083 4023 1313 4096 strigoniensis,
1358 4023 1500 4104 locique,
1526 4023 1664 4082 eiusdem

395 4141 499 4186 comes
522 4132 701 4202 perpetuus,
732 4128 851 4200 primas
885 4135 915 4186 et
949 4128 1121 4201 apostolice
1154 4127 1236 4186 sedis
1258 4129 1379 4202 legatus
1407 4134 1506 4188 natus.
1542 4129 1665 4188 Dilecto

394 4235 486 4292 nobis
516 4235 547 4292 in
571 4233 696 4292 Christo
723 4234 895 4292 venerabili
921 4239 951 4292 et
974 4234 1121 4308 religioso
1161 4235 1229 4293 viro
1268 4234 1396 4293 domino
1433 4235 1521 4294 fratri
1556 4236 1665 4295 abbati

396 4341 574 4399 monasterii
598 4341 687 4398 beate
710 4341 840 4414 virginis
868 4340 906 4398 de
936 4340 1088 4414 Zagrabia
1118 4341 1252 4399 salutem
1290 4333 1332 4420 (et
1358 4341 1572 4400 obedienciam
1595 4357 1664 4400 nos·

396 4437 464 4524 tris)
494 4446 593 4506 immo
622 4447 725 4504 verius
757 4447 956 4505 sacratissimi
987 4447 1161 4506 basiliensis
1196 4447 1317 4505 concilii
1342 4447 1503 4506 mandatis.
1533 4447 1665 4506 Litteras

396 4550 533 4610 eiusdem
549 4553 724 4612 basiliensis
740 4548 877 4631 (concilii
889 4569 945 4628 per
957 4545 1187 4630 honorabilem)
1203 4555 1307 4612 virum
1319 4553 1482 4612 dominum
1494 4554 1664 4628 Georgium

396 4655 435 4714 de
472 4657 659 4729 Moravcha,
694 4659 877 4718 canonicum
910 4659 1038 4718 ecclesie
1061 4659 1277 4732 zagrabiensis,
1307 4669 1543 4734 procuratorem
1576 4661 1665 4734 legit·

396 4763 508 4821 timum
540 4765 727 4823 venerabilis
758 4765 888 4838 capituli
921 4765 1128 4838 ragrabiensis
1152 4770 1292 4840 tempore
1315 4773 1345 4824 et
1367 4766 1438 4825 loco
1460 4765 1665 4841 infrascriptis

397 4874 586 4942 presentatas
618 4884 675 4929 nos
696 4864 795 4950 (omni
826 4886 862 4928 ea
892 4865 965 4948 qua)
996 4871 1099 4930 decuit
1128 4873 1305 4930 reverencia
1335 4874 1484 4932 noveritis
1513 4873 1665 4947 recepisse

396 4969 440 5054 (in
463 4975 520 5034 hec
543 4968 666 5054 verbaj:
698 4975 897 5036 sacrosancta
927 4977 1080 5050 generalis
1110 4977 1247 5050 synodus
1279 4977 1462 5049 Basiliensis,
1492 4980 1524 5036 in
1553 4979 1664 5052 spiritu
