3932 5806
559 586 565 598 .
718 543 789 601 Dec.
815 556 882 619 253.
907 577 948 584 -
973 545 1029 600 An.
1055 541 1143 620 1467.
1485 561 1543 619 311

283 758 473 817 beneficiatis
507 757 561 815 sed
592 763 623 816 et
654 757 858 832 presbiteris,
892 758 1044 831 gracianis
1078 758 1327 832 quibuscumque
1360 759 1392 818 in
1425 764 1456 818 et
1488 761 1547 818 sub

283 866 398 924 diocesi
422 871 528 923 nostra
551 865 743 938 zagrabiensi
772 865 907 923 ubilibet
937 865 1110 923 constitutis
1137 869 1166 922 et
1189 866 1454 924 commorantibus
1477 882 1547 940 pre·

282 972 419 1030 sancium
454 972 601 1030 noticiam
636 971 789 1030 habituris
823 971 957 1029 salutem
990 972 1022 1030 in
1057 971 1185 1030 domino
1219 971 1436 1030 benediccione
1476 988 1547 1030 cum

283 1083 419 1151 paterna.
451 1076 556 1150 Quum
590 1081 768 1135 sanctorum
800 1082 927 1152 patrum
958 1078 1104 1136 canonica
1135 1079 1236 1137 sanxit
1269 1078 1436 1136 auctoritas
1469 1079 1547 1144 anti·

281 1184 368 1240 stites
401 1183 585 1255 synodalem
620 1185 704 1241 clero
737 1198 792 1241 sue
825 1183 966 1257 dyocesis
1001 1184 1154 1242 celebrari
1189 1183 1483 1258 congregacionem,
1512 1191 1547 1244 ut

283 1305 338 1363 per
375 1289 516 1347 salubres
555 1289 807 1362 exhortaciones,
845 1290 1082 1348 constituciones
1120 1289 1285 1362 synodales
1323 1295 1353 1347 et
1386 1291 1547 1350 canonicas

282 1395 471 1454 moniciones
502 1396 584 1454 vicia
613 1396 814 1470 extirpentur,
846 1396 976 1454 virtutes
1006 1396 1187 1468 inserantur,
1219 1396 1430 1470 reprimantur
1459 1403 1546 1456 actus

281 1501 367 1560 noxii
397 1507 428 1558 et
458 1501 621 1576 discipline
653 1502 797 1575 equitatis
820 1516 930 1560 norma
959 1501 1130 1575 dirigatur,
1153 1507 1251 1560 status
1281 1501 1481 1561 ecclesiarum
1516 1511 1546 1562 et

283 1621 413 1681 persone
443 1607 648 1666 ecclesiastice
678 1607 896 1667 reformentur.
927 1607 973 1665 Ne
1003 1608 1099 1680 igitur
1121 1607 1160 1666 de
1182 1608 1325 1666 manibus
1345 1610 1467 1682 nostris,
1491 1611 1546 1684 qui

281 1715 313 1772 in
343 1719 466 1788 partem
498 1712 716 1772 sollicitudinis
750 1713 855 1772 divina
885 1715 1087 1773 miseracione
1117 1716 1220 1774 vocati
1248 1731 1372 1787 sumus,
1404 1715 1545 1775 subdito-

281 1835 352 1878 rum
374 1823 553 1880 nostrorum
576 1820 700 1894 sanguis
724 1821 756 1880 in
783 1820 914 1879 districti
936 1819 1043 1880 iudicii
1066 1823 1207 1880 examine
1226 1821 1411 1894 requiratur,
1438 1821 1545 1880 habita

281 1926 447 2000 superinde
476 1942 611 1985 unacum
650 1926 883 1985 venerabilibus
914 1933 944 1985 et
967 1927 1199 2002 circumspectis
1229 1927 1305 1985 viris
1338 1925 1471 1986 dominis
1506 1928 1544 1986 de

281 2033 419 2113 capitulo
441 2032 562 2107 prefate
592 2033 721 2092 ecclesie
743 2033 959 2106 zagrabiensis,
984 2049 1085 2107 quea
1110 2033 1211 2092 multo
1235 2037 1376 2107 tempore
1399 2033 1541 2106 legitimo

281 2137 339 2197 fuit
361 2140 471 2198 orbata
492 2144 625 2216 pastore,
648 2138 769 2196 salubri
790 2144 820 2196 et
843 2144 965 2197 matura
989 2138 1216 2197 deliberacione
1246 2137 1416 2197 indiximus
1447 2147 1478 2197 et
1500 2145 1544 2198 te·

280 2259 356 2303 nore
378 2245 572 2320 presencium
601 2243 767 2303 indicimus
797 2245 1032 2319 promulgantes
1055 2250 1194 2303 sanctam
1216 2243 1400 2317 synodalem
1416 2216 1542 2318 congre·

281 2351 442 2424 gacionem
472 2365 552 2409 anno
582 2351 614 2409 in
644 2353 779 2424 presenti
818 2351 849 2409 in
879 2351 948 2424 ipsa
978 2350 1109 2410 ecclesia
1138 2355 1243 2408 nostra
1274 2350 1464 2423 zagrabiensi
1494 2351 1544 2410 die

282 2457 596 2538 dominicoproximo
611 2465 683 2532 post
704 2457 819 2516 festum
834 2457 917 2516 beati
933 2457 1059 2531 Georgii
1082 2459 1228 2529 martiris,
1244 2457 1387 2531 proxime
1404 2464 1543 2532 venturo,

281 2562 426 2644 videlicet
449 2563 596 2621 vicesima
619 2567 705 2622 sexta
728 2563 778 2621 die
802 2563 915 2622 mensis
937 2563 1047 2637 aprilis
1065 2569 1094 2620 et
1117 2563 1187 2621 aliis
1210 2563 1320 2621 diebus
1344 2563 1382 2622 ad
1404 2563 1436 2621 id
1460 2565 1541 2638 aptis

281 2675 311 2728 et
334 2667 561 2750 sufficientibus
592 2676 744 2728 annuente
768 2669 895 2729 domino
918 2685 974 2744 per
996 2684 1060 2742 nos,
1084 2678 1138 2728 aut
1161 2670 1187 2728 si
1207 2668 1312 2728 arduis
1335 2670 1422 2744 regni
1449 2671 1543 2728 maie·

281 2777 367 2834 statis
390 2774 541 2834 fuerimus
571 2775 727 2850 prepediti
749 2775 894 2848 negociis,
917 2791 974 2849 per
995 2775 1132 2848 ydoneos
1156 2776 1240 2834 viros
1256 2790 1335 2849 quos
1357 2776 1431 2834 illac
1447 2776 1543 2851 depu-

280 2887 346 2940 tare
368 2889 398 2940 et
421 2883 628 2940 transmittere
651 2881 831 2939 curabimus
854 2881 1080 2939 celebrandam.
1104 2881 1344 2942 Universitatem
1368 2883 1472 2956 itaque
1488 2899 1540 2940 ve·

281 2995 378 3046 stram
406 2989 602 3061 requirimus,
633 2987 796 3046 hortamur
826 2993 856 3044 et
879 3003 936 3062 per
958 2987 1015 3044 hec
1038 2987 1155 3061 scripta
1177 3002 1339 3046 monemus
1361 2989 1473 3063 prim0,
1496 3004 1542 3047 se·

277 3093 388 3164 cundo,
412 3095 517 3164 terem,
542 3093 835 3168 perhemptorieque
858 3100 888 3150 et
918 3094 1072 3163 canonice,
1095 3093 1377 3166 nichilominusque
1399 3095 1489 3152 vobis
1513 3101 1542 3152 et

276 3201 404 3258 cuilibet
435 3207 574 3259 vestrum
606 3200 638 3258 in
670 3200 808 3258 solidum
837 3200 870 3257 in
901 3201 1016 3257 virtute
1046 3199 1191 3257 salutaris
1221 3199 1399 3258 obediencie
1423 3206 1452 3258 et
1482 3202 1541 3258 sub

275 3307 363 3380 penis
386 3321 422 3363 ac
451 3307 587 3366 censuris
618 3306 831 3365 ecclesiasticis
861 3307 892 3364 in
916 3305 1035 3378 sinodo,
1070 3320 1158 3364 more
1181 3306 1257 3363 alias
1281 3306 1382 3376 solito,
1405 3307 1436 3365 in
1460 3307 1542 3365 dicta

274 3419 379 3470 nostra
401 3413 530 3471 ecclesia
554 3413 745 3486 zagrabiensi
768 3412 924 3470 celebrata
947 3413 979 3470 in
1002 3412 1144 3470 absentes
1167 3417 1196 3469 et
1221 3417 1416 3470 contumaces
1443 3411 1539 3486 infligi

276 3524 305 3575 et
329 3519 524 3592 promulgari
546 3517 708 3590 consvetis,
732 3517 869 3577 districte
892 3517 1093 3592 precipiendo
1116 3517 1310 3590 mandamus,
1334 3524 1484 3591 quatenus
1500 3520 1540 3577 ad

275 3624 462 3682 veniendum
485 3631 515 3683 et
538 3625 578 3684 ad
593 3624 868 3698 representandum
885 3639 941 3682 vos
964 3625 1171 3698 personaliter
1191 3623 1231 3681 ad
1254 3623 1383 3682 eandam
1401 3631 1539 3683 sanctam

275 3731 429 3803 synodum
460 3731 635 3806 preparetis
665 3737 696 3788 et
724 3731 756 3789 in
786 3729 908 3805 pretato
939 3731 989 3789 die
1020 3729 1175 3789 dominico
1207 3737 1277 3806 post
1307 3729 1422 3789 festum
1455 3732 1539 3791 beati

277 3836 404 3910 Georgii
433 3838 570 3896 martiris
600 3845 629 3894 et
660 3837 730 3894 aliis
763 3837 872 3896 diebus
903 3837 942 3896 ad
965 3837 998 3895 id
1021 3838 1102 3912 aptis
1125 3843 1154 3895 et
1177 3837 1403 3896 sufficientibus
1426 3853 1457 3896 et
1479 3840 1536 3896 im·

274 3943 408 4002 mediate
430 3944 645 4017 sequentibus;
669 3943 890 4017 quemquidem
907 3944 1074 4003 terminum
1091 3943 1181 4006 vobis
1197 3943 1341 4002 omnibus
1358 3949 1388 4004 et
1409 3945 1539 4018 singulis

274 4051 461 4126 supradictis
484 4051 560 4108 viris
583 4050 796 4108 ecclesiasticis
820 4056 849 4107 et
872 4057 1009 4108 vestrum
1035 4049 1163 4107 cuilibet
1179 4051 1399 4124 cuiuscumque
1415 4049 1538 4124 gradus,

274 4157 399 4226 ordinis,
430 4156 627 4227 condicionis,
659 4153 818 4228 dignitatis
849 4161 879 4214 et
914 4155 1140 4230 preeminencie
1172 4155 1303 4214 existant
1334 4171 1392 4229 pro
1426 4157 1537 4230 primo,

273 4263 416 4336 secundo,
441 4264 535 4320 tercio
554 4267 584 4320 et
607 4263 818 4336 peremptorio
841 4263 983 4334 termino,
1006 4262 1213 4335 canonicaque
1236 4262 1410 4322 municione
1425 4263 1455 4320 in
1478 4263 1538 4321 hiis

273 4371 398 4445 scriptis
420 4369 614 4442 assignamus
643 4368 889 4426 celebracionem
913 4367 1051 4428 eiusdem
1074 4373 1178 4426 sancte
1200 4368 1317 4426 sinodis
1339 4369 1485 4426 interesse
1508 4375 1537 4426 et

273 4479 305 4536 in
321 4476 457 4552 propriis
487 4475 627 4549 personis
650 4489 707 4532 vos
729 4481 943 4549 representare
977 4475 1134 4576 studeatis,
1163 4479 1277 4532 statuta
1301 4473 1462 4546 synodalia
1484 4475 1537 4548 pia

273 4583 446 4641 monicione
468 4595 504 4637 ac
538 4579 770 4639 exhortaciones
798 4580 975 4639 salutiferas
1010 4580 1128 4640 ibidem
1153 4578 1371 4654 proponendas
1401 4579 1538 4640 audituri

273 4698 303 4748 et
331 4688 496 4761 diligenter
525 4687 680 4754 attentari,
712 4692 741 4744 et
772 4687 898 4745 tandem
933 4687 1060 4746 domino
1095 4693 1280 4760 cooperante
1308 4692 1338 4743 et
1360 4701 1536 4744 sermonem

273 4784 475 4853 confirmante
499 4791 704 4850 effectualiter
726 4792 944 4867 adimpleturi;
970 4800 999 4852 ct
1020 4810 1057 4852 ne
1080 4795 1194 4867 aliquis
1229 4800 1368 4851 vestrum
1395 4794 1531 4866 ignoran-

273 4904 353 4982 ciam
385 4900 423 4958 de
455 4899 614 4973 premissis
645 4899 868 4972 quoquomodo
900 4900 1037 4973 allegare
1068 4901 1187 4972 valeat,
1226 4905 1382 4974 presentes
1417 4899 1536 4958 litteras

270 5014 392 5068 nostras
424 5006 527 5065 valvis
559 5005 639 5065 dicte
652 5007 790 5065 ¹ecclesie
813 5013 917 5065 nostre
946 5007 1153 5080 zagrabiensis
1176 5006 1303 5080 publice
1327 5004 1423 5078 afiligi
1450 5021 1535 5064 man·
