3736 5826
631 507 701 566 Doc.
724 521 770 564 rr.
794 541 835 550 -
859 507 915 565 An.
939 504 1031 586 1406.
1427 529 1460 570 ιι

128 709 236 769 ciensi
262 715 354 774 sede
384 728 546 794 vacante,
563 723 729 782 fratribus:
751 724 857 780 Densa
884 724 1083 783 chanadiensi
1108 731 1136 782 et
1160 725 1312 798 Hynkone
1327 727 1466 784 nitriensi

127 817 252 878 electis
278 836 323 879 ac
352 823 505 886 Thoma
527 829 679 887 senniensi
701 829 901 887 ecclesiarum
930 831 1034 902 episco
1048 831 1105 903 pis,
1135 832 1280 889 ecclesias
1313 831 1363 890 dei
1398 831 1465 890 teli-

131 923 220 982 citer
246 928 553 999 gubernantibus.
578 935 655 992 item
678 935 851 1009 magnificis
874 936 971 994 viris:
995 935 1125 995 Nicolao
1149 937 1187 994 de
1212 936 1294 995 Gara
1318 937 1464 1012 palatino,

131 1031 297 1112 Johanne
328 1043 368 1095 et
397 1039 531 1121 Jacobo
555 1041 716 1114 wayvodis
747 1043 861 1100 nostris
893 1043 1102 1113 transilvanis,
1126 1043 1241 1100 comite
1265 1043 1374 1114 Frank,
1399 1043 1466 1102 filio

133 1137 291 1196 condam
308 1141 440 1203 Konie
466 1148 550 1219 bani,
572 1146 675 1224 judice
698 1148 781 1206 curie
803 1153 919 1218 nostre,
943 1148 1040 1205 Paulo
1064 1147 1189 1206 Bisseno
1206 1155 1235 1206 et
1251 1149 1350 1206 altero
1367 1150 1463 1208 Paulo

134 1234 179 1300 de
207 1244 301 1304 Peth
331 1249 531 1325 Dalmacie,
554 1253 681 1312 Croacie
703 1259 733 1311 et
756 1254 855 1312 tocius
878 1252 1050 1325 Sclauonie,
1080 1254 1220 1336 Johanne
1251 1255 1289 1312 de
1321 1256 1464 1314 Marouth

137 1351 402 1415 machoviensi
430 1360 531 1430 banis,
554 1360 671 1418 honore
693 1361 825 1418 bonatus
848 1360 1002 1418 zeurensis
1024 1366 1161 1431 vacante,
1185 1360 1314 1418 Nicolao
1336 1361 1465 1419 Trentul

141 1460 432 1522 tavarnicorum
456 1471 486 1523 et
508 1467 622 1523 comite
644 1466 682 1523 de
705 1466 832 1538 Postga,
856 1465 981 1524 Simone
1005 1465 1072 1523 filio
1096 1467 1228 1540 predicti
1260 1467 1358 1524 Konie
1393 1469 1465 1524 bani

141 1559 361 1638 janitorum,
391 1571 532 1628 Martino
554 1572 634 1628 Ders
658 1571 881 1646 dapiferorum,
904 1571 1074 1629 Laurencio
1097 1571 1135 1629 de
1152 1574 1215 1631 Aar
1237 1573 1465 1645 pincernarum,

145 1667 255 1728 Petro
285 1673 400 1734 Cheh
427 1691 598 1749 agazonum
622 1683 801 1735 nostrorum
825 1678 984 1750 magistris
1009 1684 1039 1734 et
1061 1676 1236 1751 Silstrangh
1267 1679 1380 1736 comite
1410 1694 1466 1752 po·

151 1776 323 1851 soniensi‚
355 1782 498 1856 aliisque
520 1798 615 1855 quarn
640 1783 785 1856 pluribus
807 1785 895 1856 regni
928 1784 1027 1842 nostri
1049 1785 1213 1844 comitatus
1237 1786 1412 1842 tenentibus
1436 1791 1465 1842 et

148 1883 322 1945 honores.

282 2076 439 2141 Originale
458 2079 485 2128 in
504 2079 658 2132 membrana.
678 2080 711 2128 In
730 2081 845 2144 margine
872 2081 988 2129 inferiori
1013 2097 1028 2130 a
1046 2095 1110 2130 zoua
1128 2079 1225 2128 sericea
1243 2077 1318 2126 rubra
1336 2078 1466 2142 appendet

158 2161 305 2226 sigillum.
329 2167 371 2215 In
391 2167 486 2217 archiv.
506 2168 544 2216 lib
571 2184 623 2232 reg.
644 2169 690 2219 civ.
714 2169 814 2232 zagrab.

816 2447 861 2516 ll.

293 2593 384 2644 Anno
406 2595 481 2658 1406,
503 2604 541 2657 13.
559 2595 677 2659 januarii.
698 2595 795 2648 Budee.

176 2714 413 2790 Segismundus
433 2723 611 2796 Hungariae
633 2732 684 2782 etc.
704 2742 766 2792 rex,
790 2723 962 2781 Eberhardo
989 2725 1111 2797 epr'stopo
1136 2721 1317 2795 aagrabienst
1333 2719 1463 2793 nrandat,

178 2849 215 2898 ut
248 2845 388 2905 civitatis
418 2849 520 2904 montis
561 2847 711 2906 Grecensis
740 2866 840 2904 curam
871 2855 1013 2921 totamque
1039 2848 1129 2921 ipsius
1159 2845 1379 2902 iurisdictionem
1410 2845 1466 2900 sibi

755 2973 915 3030 committat.

303 3151 519 3226 Sigismundus
553 3152 602 3210 dei
630 3153 734 3226 gracia
765 3169 821 3210 rex
851 3153 1017 3225 Hungarie,
1051 3149 1220 3218 Dalmacie,
1256 3147 1383 3205 Croacie
1405 3154 1462 3205 etc.

187 3260 400 3332 marchioque
424 3259 738 3332 Brandenburgensis,
761 3260 840 3317 sacri
862 3258 984 3316 romani
1007 3257 1131 3330 imperii
1154 3255 1288 3313 vicarius
1310 3253 1463 3326 generalis

191 3368 223 3421 et
245 3367 337 3438 regni
360 3365 509 3423 Bohemie
531 3367 728 3438 guberuator.
752 3365 851 3424 Fideli
883 3380 939 3424 suo
971 3362 1142 3422 reverendo
1178 3362 1209 3419 in
1233 3359 1357 3418 Christo
1382 3361 1463 3435 patri

193 3469 326 3530 domino
361 3469 542 3530 Eberhardo
576 3472 722 3546 episcopo
757 3471 956 3544 zagrabiensi,
992 3469 1124 3543 auteque
1154 3472 1257 3525 nostre
1293 3467 1462 3525 maiestatis

194 3593 345 3653 sumpmo
368 3577 563 3648 cancellario,
586 3577 674 3637 fideli
697 3595 753 3636 nec
776 3593 836 3636 non
861 3577 974 3635 devoto
998 3582 1028 3633 et
1051 3575 1165 3634 dilecto
1188 3575 1321 3632 satutem
1346 3579 1375 3630 et
1391 3587 1462 3644 gra·

195 3683 286 3742 ciam.
309 3682 463 3756 Quamvis
487 3699 542 3742 nos
565 3684 643 3742 alias
667 3686 757 3742 certis
781 3701 819 3742 ex
843 3684 942 3742 causis
966 3687 996 3740 et
1019 3683 1196 3740 racionibus
1220 3687 1292 3737 tunc
1320 3680 1461 3736 animum

196 3795 340 3848 nostrum
363 3789 402 3847 ad
426 3789 459 3848 id
481 3791 680 3848 moventibus
703 3791 862 3850 civitatem
885 3797 1023 3847 nostram
1047 3788 1161 3845 montis
1193 3785 1356 3846 Grecensis
1378 3786 1464 3843 iuxta

197 3895 394 3969 Zagrabiam,
425 3901 585 3969 totamque
616 3897 713 3970 ipsius
736 3896 984 3954 iurisdiccionern
1008 3902 1110 3952 vestre
1133 3893 1277 3950 fidelitati
1301 3891 1463 3949 commise-

196 4003 295 4060 rimus
318 4001 444 4059 nomine
463 4007 569 4059 nostro
602 4001 855 4075 gubernandam,
888 4007 992 4058 tamen
1023 4001 1096 4074 quia
1127 4015 1209 4058 nunc
1232 3998 1363 4055 eandem
1386 3997 1461 4054 civi-

197 4114 304 4180 tatem,
338 4108 497 4182 ipsiusque
532 4108 623 4180 cives,
659 4109 796 4182 hospites
830 4113 860 4166 et
895 4107 1117 4166 inhabitatores
1148 4105 1189 4163 ad
1219 4109 1339 4162 nostras
1362 4103 1463 4175 regias

197 4230 309 4274 manus
331 4213 469 4272 adinstar
489 4219 662 4272 ceterarum
685 4219 865 4274 nostrarum
887 4215 1062 4272 liberarum
1093 4213 1276 4271 civitatuum
1303 4211 1463 4267 viceversa

196 4321 374 4395 recepimus
407 4325 437 4376 et
473 4321 504 4378 in
538 4321 601 4378 suis
635 4321 771 4394 antiquis
806 4322 1020 4379 commisimus
1048 4333 1231 4394 permanere
1255 4316 1462 4386 libertatibus,

197 4401 344 4485 fidelitati
374 4427 468 4499 igitur
501 4432 606 4484 vestre
638 4426 770 4484 firmiter
804 4427 994 4501 precipimus
1025 4433 1055 4483 et
1085 4423 1280 4492 mandamus,
1311 4429 1461 4496 quatenus

198 4548 273 4590 mox
295 4531 427 4606 receptis
449 4533 646 4607 presentibus
670 4531 800 4590 eandem
824 4533 982 4591 civitatem
1005 4538 1144 4590 nostram
1167 4531 1289 4604 penitus
1305 4529 1462 4586 remittere

198 4644 229 4696 et
251 4639 407 4712 resignare
430 4653 466 4696 ac
489 4639 530 4696 ab
553 4639 622 4712 ipsa
646 4645 675 4696 et
699 4639 764 4696 eius
787 4639 1015 4711 gubernacione
1038 4655 1074 4696 ac
1089 4636 1305 4714 jurisdiccione
1322 4634 1462 4708 qualibet

198 4749 316 4802 vestras
340 4759 450 4802 manus
473 4745 596 4819 penitus
620 4746 764 4819 excipere
788 4744 935 4816 debeatis,
960 4745 1128 4818 sinatisque
1150 4742 1280 4801 candem
1304 4742 1460 4798 civitatem

199 4866 235 4908 ac
268 4851 352 4909 cives
386 4857 416 4908 et
446 4851 584 4924 hospites
623 4850 763 4908 eiusdem
786 4851 921 4925 antiquis
952 4857 983 4908 et
1016 4850 1155 4925 pristinis
1178 4850 1241 4906 suis
1265 4847 1462 4905 libertatibus

197 4957 326 5032 pacifice
359 4955 422 5014 frui
457 4962 488 5015 et
522 4956 665 5032 gaudere.
704 4956 797 5015 Secus
832 4971 890 5032 pro
926 4961 1030 5015 nostra
1065 4956 1233 5014 dileccione
1256 4970 1317 5013 non
1343 4952 1461 5010 facturi.
