3932 5806
721 551 792 610 Dec.
816 546 887 608 262.
914 585 952 595 -
980 537 1033 609 An'.
1062 546 1153 628 1468.
1497 551 1558 631 323'

293 768 402 835 tatem,
426 765 585 836 quomodo
608 765 682 823 licet
704 765 781 822 alias
804 763 974 837 Ladislaus‚
991 765 1076 824 filius
1100 767 1231 826 condam
1254 767 1385 839 Nioolai,
1401 767 1461 826 filii
1476 769 1560 826 lwan

294 867 333 927 de
355 867 555 938 Brezowicza,
580 869 847 944 proquibusdam
869 871 1103 929 necessitatibus
1126 873 1198 944 suis,
1222 873 1327 946 ipsum
1350 889 1386 931 eo
1409 879 1483 932 tunc
1509 889 1561 932 ur·

293 976 437 1046 gentibus
460 975 621 1048 evitandis,
638 977 745 1034 decern
770 981 800 1035 et
824 983 895 1034 octo
918 977 1069 1035 sessiones
1092 956 1162 1035 suas
1185 976 1397 1053 jobagionales
1420 979 1452 1037 in
1479 979 1562 1037 dicta

293 1079 462 1154 Brezoycza
485 1086 515 1140 et
536 1059 599 1140 suis
623 1082 819 1156 pertinenciis
842 1083 1014 1154 existentes,
1037 1083 1168 1154 habitas,
1192 1100 1245 1142 are
1270 1090 1430 1158 prenotate
1453 1089 1483 1142 et
1502 1100 1560 1158 per

292 1200 480 1260 consequens
501 1189 614 1246 rectori
629 1187 767 1246 eiusdem
790 1187 936 1246 videlicet
958 1187 1085 1246 domino
1110 1190 1265 1248 Anthonio
1282 1190 1475 1264 exponendo,
1494 1205 1560 1248 me·

294 1289 449 1350 diantibus
469 1293 559 1351 certis
574 1293 685 1352 litteris
701 1293 831 1366 capituli
846 1292 975 1351 ecclesie
990 1295 1198 1368 zagrabiensis
1214 1294 1434 1354 fassionalibus
1453 1311 1562 1369 super·

292 1398 363 1457 inde
386 1397 541 1471 conlectis,
566 1400 625 1456 sub
649 1397 779 1457 diversis
802 1399 950 1472 articulis,
974 1399 1132 1472 clausulis,
1156 1401 1245 1474 penis
1264 1405 1294 1458 et
1311 1401 1559 1474 obligam'mibus

237 1509 240 1514 '
292 1504 324 1562 in
346 1503 463 1562 eisdem
486 1505 668 1578 conscriptis
692 1511 721 1562 et
744 1504 903 1576 denotatis,
926 1503 1028 1562 eidem
1050 1521 1103 1564 are
1126 1511 1157 1565 et
1179 1510 1323 1564 annotato
1346 1504 1474 1564 domino
1497 1509 1562 1565 An·

293 1610 399 1669 thonio
423 1626 483 1684 pro
514 1612 673 1685 sexaginta
704 1609 828 1669 florenis
858 1611 927 1669 auri
951 1611 1022 1685 puri
1044 1612 1162 1670 scilicet
1183 1626 1241 1685 pro
1266 1612 1396 1685 pecunia
1418 1611 1558 1671 eiusdem

291 1731 344 1774 are
368 1733 423 1774 seu
445 1717 553 1775 altaris
578 1723 740 1792 prenotate
763 1717 854 1774 titulo
878 1718 1016 1790 pignoris
1040 1717 1179 1775 duxisset
1201 1716 1394 1790 obligandas.
1417 1717 1559 1776 Tandem

198 1817 199 1820 ’
291 1821 358 1896 ipse
382 1822 544 1881 Iadislaus
578 1821 716 1896 quodam
747 1822 832 1880 malo
864 1821 961 1880 fretus
991 1822 1121 1880 consilio
1151 1822 1275 1880 easdem
1298 1824 1448 1882 sessiones
1471 1823 1559 1882 nulla

291 1929 377 2002 prius
408 1944 502 2004 super
524 1933 663 2002 pretacta
687 1943 834 2002 sumpma
857 1944 910 1986 seu
942 1929 1010 1986 auri
1033 1927 1134 1986 eidem
1157 1929 1323 2002 exponenti
1347 1927 1565 1988 satisfaccione·¹

290 2034 439 2108 impensa,
463 2029 587 2093 easdem
610 2034 761 2092 sessiones
784 2049 843 2108 pro
866 2035 990 2107 seipso
1013 2035 1116 2093 minus
1138 2032 1218 2110 juste
1241 2040 1271 2092 et
1302 2034 1440 2093 indebite
1469 2049 1559 2093 occu·

289 2147 402 2214 passet,
425 2146 652 2215 occupatosque
675 2143 873 2198 conservaret
894 2140 992 2198 eciam
1015 2139 1053 2198 de
1077 2141 1212 2214 presenti
1236 2141 1378 2214 potencia
1400 2140 1556 2198 mediante

284 2247 322 2329 in
346 2247 484 2305 eiusdem
507 2247 688 2321 exponentis
712 2243 789 2320 juris
811 2245 1019 2321 preiudicium
1043 2251 1073 2304 et
1096 2246 1268 2320 dampnum
1292 2246 1385 2304 valde
1400 2260 1558 2319 magnum.

290 2351 360 2425 Qua
382 2352 584 2426 inquisicione
614 2351 702 2422 iacta,
726 2350 810 2408 idem
837 2349 932 2426 judex
961 2335 1117 2410 nobilium
1140 2351 1171 2410 in
1196 2350 1273 2409 testo
1305 2351 1386 2410 beati
1408 2349 1558 2426 Stephani

289 2459 371 2531 regis
394 2459 536 2531 proxime
558 2458 706 2532 preterito
724 2456 764 2514 ad
792 2457 947 2530 prefatum
975 2456 1155 2515 Ladislaum
1182 2457 1367 2528 accessisset,
1391 2457 1558 2531 ipsumque

289 2563 340 2622 hic
362 2563 513 2637 Zagrabie
535 2563 740 2638 personaliter
763 2567 931 2637 repertum,
954 2563 984 2621 in
1009 2577 1053 2634 eo,
1077 2567 1112 2621 ut
1134 2563 1201 2637 ipse
1223 2562 1377 2637 predictas
1408 2564 1558 2622 sessiones

288 2667 500 2744 iobagionales
522 2686 579 2744 per
601 2671 705 2743 ipsum
729 2668 830 2727 eidem
854 2670 1028 2742 exponenti,
1052 2667 1148 2726 modo
1183 2684 1246 2743 quo
1276 2684 1372 2742 supra
1401 2670 1558 2742 impigno-

288 2783 379 2846 ratas‚
396 2775 523 2850 pacifice
546 2783 576 2834 et
599 2775 701 2849 quiete
724 2776 898 2834 remitteret
917 2783 948 2832 et
969 2775 1147 2848 resignaret,
1172 2775 1210 2832 de
1234 2775 1384 2848 penisque
1407 2791 1460 2832 seu
1477 2774 1557 2833 obli-

288 2883 466 2954 gaminibus
486 2883 599 2940 litteris
621 2865 758 2939 annotati
781 2881 912 2955 capituli
935 2881 1158 2954 prenominatis
1181 2879 1283 2938 eidem
1299 2881 1466 2954 exponenti
1486 2895 1556 2938 con·

287 3003 398 3062 gruam
432 2995 463 3046 et
496 2987 711 3046 omnimodam
741 2986 871 3046 reddere
906 2986 1033 3045 deberet
1060 2991 1090 3044 et
1124 2991 1279 3045 teneretur
1312 2985 1557 3045 satisfaccionem

288 3094 511 3152 ammonuisset
519 3111 527 3164 ;
551 3095 604 3166 qui
629 3093 757 3166 quidem
781 3093 943 3150 Ladislaus
966 3107 1022 3150 nec
1052 3096 1207 3165 pretactas
1237 3094 1388 3150 sessiones
1418 3091 1558 3168 jobagio·

287 3200 373 3257 nales
396 3199 498 3258 eidem
520 3200 688 3272 exponenti
710 3199 868 3256 remittere
891 3204 921 3254 et
944 3199 1101 3270 resignare
1124 3203 1155 3255 et
1177 3213 1233 3256 nec
1250 3197 1289 3255 de
1305 3199 1451 3270 pretactis
1470 3197 1556 3270 penis

287 3321 341 3363 seu
365 3305 610 3379 obligaminibus
631 3304 796 3362 memorati
818 3304 1000 3376 exponentis
1023 3305 1163 3376 aliquam
1186 3303 1432 3362 satisfaccionem
1456 3302 1557 3360 facere

288 3412 437 3472 voluisset
467 3421 496 3469 et
526 3427 583 3469 nec
614 3417 760 3480 curasset,
795 3409 848 3467 sed
883 3425 916 3467 se
947 3410 977 3466 in
1005 3409 1122 3466 eisdem
1145 3410 1240 3482 penis·
1256 3416 1286 3467 et
1309 3407 1556 3481 obligaminibus

287 3519 428 3577 convinci
451 3523 482 3576 et
504 3517 670 3590 aggravari
693 3516 885 3589 permittens.
906 3514 1025 3572 Datum
1048 3515 1200 3588 Zagrabie
1223 3515 1318 3572 tercio
1340 3514 1390 3572 die
1406 3513 1468 3571 diei
1490 3528 1557 3570 arn·

287 3625 469 3683 monicionis
492 3626 660 3698 prenotate.
686 3623 776 3680 Anno
800 3619 920 3679 domini
949 3620 1119 3678 millesimo
1143 3620 1447 3694 quadringentesimo
1470 3633 1558 3676 sexa·

286 3731 406 3804 gesimo
429 3737 550 3789 octavo.

391 3867 527 3932 originale
544 3869 573 3918 in
592 3867 688 3918 charta.
706 3867 792 3929 Tergo
810 3865 936 3930 impressa
954 3861 1004 3910 tria
1022 3858 1117 3924 sigilla.
1135 3861 1168 3910 In
1189 3861 1259 3914 arch.
1277 3876 1334 3912 ven.
1354 3861 1431 3925 capit.
1450 3859 1551 3924 zagrab.

285 3956 348 4009 Act.
368 3956 432 4022 Cap.
451 3963 504 4009 ant.
523 3957 585 4007 fasc.
605 3955 648 4020 76.
667 3969 705 4006 nr.
728 3953 768 4006 18.
1513 3941 1518 3954 ⁸

881 4167 967 4233 262.

389 4313 471 4362 Auno
495 4311 571 4375 1468,
593 4324 631 4375 19.
652 4311 814 4377 septembris.
834 4310 983 4375 Zagrabiae.

282 4443 312 4500 A
340 4440 474 4516 capetulo
494 4441 614 4514 zagrab.
645 4441 764 4514 collegio
784 4439 1066 4514 praebendamrum
1087 4436 1195 4495 dectinet
1218 4435 1249 4492 in
1272 4432 1414 4491 Moraule
1436 4430 1552 4490 ceditur.

397 4586 460 4644 Nos
494 4585 669 4660 capitulum
702 4584 830 4643 ecclesie
864 4581 1079 4657 zagrabiensis.
1115 4579 1265 4637 Memorie
1298 4574 1556 4634 commendamus

282 4699 387 4752 tenore
419 4692 616 4766 presencium
639 4689 856 4764 significantes,
887 4688 1002 4762 quibus
1032 4685 1160 4760 expedit
1189 4681 1353 4742 universis.
1384 4679 1476 4754 Quod
1498 4693 1555 4736 nos

282 4813 326 4869 ea,
351 4815 411 4872 que
435 4800 691 4871 inaugmentum
714 4796 817 4854 cultus
845 4794 951 4865 divini,
975 4793 1166 4865 ecclesieque
1188 4796 1219 4849 et
1241 4789 1350 4846 salutis
1372 4790 1477 4844 nostre
1499 4800 1553 4842 au·

281 4905 394 4964 xilium
419 4905 542 4978 disponi
565 4911 703 4976 possunt,
727 4903 831 4974 sagaci
853 4899 1055 4972 indagacione
1078 4895 1360 4955 animadvertentes
1376 4891 1554 4950 nullatenus

282 5011 415 5069 debeant
438 5009 625 5086 protardari,
648 5007 795 5082 quodque
818 5021 855 5064 ea
877 5021 939 5064 non
961 5011 1023 5062 tam
1048 5003 1214 5060 salubriter
1240 5007 1366 5072 tamque
1379 4996 1553 5134 diligenter,
