3804 5858
645 520 719 578 Duc.
736 515 819 596 368.
844 551 884 562 -—
908 519 965 576 An.
989 530 1079 596 1493.
1420 517 1482 594 489

746 621 1477 651 .—.-....-.-—-...—--.7.-

217 733 370 791 Omnibus
393 735 507 794 Christi
531 736 687 806 fidelibus,
711 735 908 809 presentibus
931 736 1048 810 pariter
1071 734 1191 806 tuturis,
1215 733 1409 806 presencium
1431 747 1484 790 no·

216 839 321 897 liciam
344 841 497 900 habituris
528 841 660 900 salutem
692 842 721 900 in
740 841 895 899 omnium
918 841 1081 900 salvatore.
1108 841 1196 897 Laus
1219 845 1265 896 est
1288 840 1319 897 in
1347 839 1486 912 principe

216 952 246 1003 et
276 947 449 1020 plurimum
480 949 623 1006 convenit
654 948 807 1006 maiestati
841 949 984 1021 regentis,
1008 952 1042 1006 ut
1064 945 1206 1005 subditos
1229 961 1301 1003 suos
1324 950 1485 1003 conservet

216 1053 248 1110 in
271 1053 406 1127 antiquis
427 1054 569 1127 ipsorum
593 1053 800 1124 libertatibus,
816 1069 894 1127 quas
917 1053 1038 1127 magnis
1061 1053 1230 1112 virtutibus
1252 1059 1284 1110 et
1306 1051 1445 1110 serviciis
1463 1065 1481 1107 a

216 1159 383 1231 veteribus,
406 1158 550 1234 divisque
571 1159 699 1232 regibus
728 1161 875 1234 consequi
905 1165 1093 1230 meruerunt,
1117 1165 1148 1216 et
1178 1173 1286 1216 eorum
1316 1156 1483 1231 privilegia

216 1281 254 1322 ne
278 1265 336 1323 illa
359 1273 423 1324 etas
448 1266 623 1325 transitoria
647 1273 678 1323 et
700 1271 824 1340 tempus
851 1267 955 1326 omnia
978 1279 1197 1340 consummans
1220 1279 1327 1322 secum
1349 1263 1382 1322 in
1404 1263 1484 1320 obli·

218 1371 342 1429 vionem
369 1387 424 1429 sua
448 1372 655 1430 taciturnitate
679 1371 829 1440 detrahat,
852 1387 934 1430 novo
957 1371 1196 1446 privilegiorum
1219 1369 1392 1444 patrocinio
1415 1385 1485 1444 per·

218 1483 313 1551 petuo
338 1476 488 1537 duraturo
511 1478 638 1538 roboret
654 1484 684 1536 et
700 1477 868 1536 confirmet
886 1478 1018 1536 Proinde
1033 1477 1073 1535 ad
1096 1477 1314 1535 universorum
1336 1475 1483 1534 noticiam

215 1584 327 1641 harum
350 1585 429 1642 serie
457 1585 604 1643 volumus
637 1585 816 1658 pervenire,
840 1583 924 1659 quod
948 1591 1051 1642 nostre
1074 1583 1243 1642 maiestatis
1267 1583 1424 1640 venientes
1447 1581 1479 1639 in

216 1695 416 1764 conspectum
447 1689 557 1748 fideles
590 1691 690 1748 nostri
720 1691 937 1764 circumspecti
967 1689 1089 1764 Gaspar
1125 1689 1296 1761 Kusewyth
1327 1686 1420 1745 iudex
1450 1702 1485 1744 ac

217 1795 341 1854 Domko
365 1797 538 1871 Perowytb,
561 1805 591 1856 et
619 1797 778 1856 Emericus
800 1797 946 1869 notarius,
978 1798 1061 1855 cives
1084 1797 1219 1854 civitatis
1241 1800 1345 1852 nostre
1369 1795 1483 1852 montis

217 1901 389 1976 Grecensis‚
414 1904 446 1962 in
469 1903 533 1960 suis
556 1918 592 1961 ac
616 1902 751 1960 aliorum
773 1903 991 1961 universorum
1014 1903 1138 1973 civium,
1169 1901 1328 1975 hospitum
1353 1907 1382 1957 et
1404 1900 1486 1958 inco·

220 2008 323 2065 larum
349 2010 411 2068 loci
440 2009 579 2067 eiusdem
610 2009 789 2067 nominibus
811 2014 841 2066 et
863 2009 894 2066 iu
918 2009 1066 2082 personis,
1090 2007 1297 2066 exhibuerunt
1319 2012 1349 2064 et
1371 2006 1486 2080 produ·

217 2120 330 2173 xerunt
346 2130 452 2174 coram
468 2115 558 2174 nobis
583 2114 784 2188 privilegium
797 2119 828 2172 et
843 2115 961 2172 litteras
977 2114 1165 2172 serenissimi
1188 2113 1337 2187 principis
1354 2111 1486 2170 condam

217 2220 335 2278 domini
364 2219 555 2294 Sigismundi
586 2220 784 2294 imperatoris
816 2229 846 2278 et
868 2221 950 2294 regis
973 2220 1131 2293 Hungarie
1155 2225 1209 2277 etc.
1242 2218 1274 2276 in
1297 2231 1486 2292 pargameno

216 2327 274 2384 sub
298 2327 441 2401 dupplici
463 2327 616 2385 autentico
639 2341 695 2384 suo
717 2326 822 2399 sigillo
839 2325 1078 2401 privilegialiter
1101 2330 1267 2397 emanatas,
1291 2324 1439 2383 habentes
1454 2323 1487 2381 in
1545 2402 1547 2407 ³

216 2449 248 2490 se
272 2433 487 2492 confirmative
520 2439 641 2490 tenores
664 2432 872 2506 quarumdam
895 2432 1029 2490 aliarum
1053 2432 1229 2490 litterarum
1252 2445 1380 2488 suarum
1402 2429 1487 2487 simi-

216 2540 288 2597 liter
318 2538 571 2613 privilegialium,
605 2537 718 2611 quibus
763 2537 927 2596 confirmat
958 2536 1110 2612 quasdam
1133 2537 1210 2596 alias
1233 2537 1353 2594 litteras
1377 2535 1487 2594 confir·

216 2646 404 2704 macionales
435 2644 566 2703 condam
601 2645 789 2704 serenissimi
819 2643 937 2703 domini
968 2645 1078 2702 Karoli
1107 2645 1199 2718 regis,
1233 2657 1294 2716 que
1317 2657 1356 2701 ex
1377 2655 1483 2700 conse·

216 2752 323 2825 quenti
344 2751 463 2810 litteras
487 2751 564 2809 olim
588 2749 706 2809 domini
723 2749 794 2808 Bele
819 2751 907 2824 regis
931 2766 1026 2824 super
1046 2751 1192 2809 omnibus
1214 2748 1420 2819 libertatibus,
1445 2747 1488 2804 le-

216 2859 317 2932 gibus,
337 2857 445 2916 edictis
479 2863 509 2915 et
539 2857 722 2915 libertatum
752 2857 977 2940 prerogativis,
1004 2871 1039 2914 ac
1071 2856 1240 2914 donacione
1263 2861 1293 2912 et
1316 2853 1486 2912 collacione
1523 2855 1531 2871 ·

218 2963 380 3022 cuiusdam
403 2969 483 3022 terre
507 2961 624 3020 eisdem
647 2961 769 3020 civibus
793 2965 823 3019 et
842 2961 960 3020 civitati
983 2978 1040 3036 per
1063 2962 1168 3036 ipsum
1191 2961 1354 3018 dominum
1377 2959 1485 3017 Belam

215 3085 321 3142 regern
352 3069 504 3128 concessis
534 3074 693 3126 emanatas
727 3067 965 3140 confirmabant,
996 3069 1112 3128 tenoris
1145 3067 1344 3141 infrascripti,
1367 3065 1487 3140 suppli·

215 3182 317 3233 cantes
340 3175 491 3233 maiestati
513 3181 617 3232 nostre
639 3174 807 3245 humiliter,
836 3177 872 3232 ut
894 3173 1019 3232 easdem
1042 3174 1162 3232 litteras
1185 3181 1215 3230 et
1239 3172 1344 3230 omnia
1367 3173 1400 3230 in
1424 3172 1481 3230 eis·

219 3282 291 3340 dem
323 3287 465 3340 contenta
497 3287 589 3354 ratas,
619 3286 723 3354 gratas
753 3287 783 3338 et
805 3279 1106 3354 acceptababendq
1129 3280 1303 3352 litterisque
1326 3278 1487 3352 privilegi-

220 3389 323 3446 alibus
347 3389 535 3446 verbotenus
558 3387 651 3445 inseri
674 3385 824 3458 faciendo,
847 3401 906 3460 pro
935 3387 1003 3461 ipsa
1026 3388 1151 3446 civitate
1174 3391 1204 3444 et
1228 3385 1349 3444 civibus
1372 3385 1485 3443 nostris

216 3493 393 3552 innovando
416 3498 567 3568 perpetuo
591 3493 741 3552 valituras
756 3492 940 3550 confirmare
963 3491 1172 3565 dignaremur.
1188 3490 1330 3564 Quarum
1354 3489 1483 3564 quidem

214 3601 389 3658 litterarum
406 3605 491 3658 tenor
514 3599 585 3658 talis
608 3606 669 3657 est:
682 3593 766 3678 (vide
782 3599 853 3656 Doc.
874 3597 924 3668 87.
948 3599 986 3656 de
1008 3614 1088 3656 anno
1115 3611 1205 3674 1435.
1222 3597 1272 3656 die
1289 3613 1314 3668 7.
1339 3597 1484 3657 octobris.

217 3707 281 3764 Nos
312 3707 417 3780 itaque
452 3707 603 3780 premissa
631 3706 862 3780 supplicacione
895 3705 1091 3779 prelatorum
1125 3703 1281 3779 Gasparis
1316 3703 1487 3777 Kysewyth

217 3811 329 3888 judicis
352 3828 387 3870 ac
409 3811 534 3870 Domino
558 3812 736 3884 Petrowyth
759 3817 790 3870 et
811 3812 945 3871 Emerici
967 3812 1088 3884 notarii,
1111 3812 1226 3870 civium
1247 3810 1327 3871 dicte
1352 3808 1487 3868 civitatis

214 3925 319 3977 nostre
342 3919 457 3978 montis
480 3917 660 3992 Grecensis‚,
674 3919 706 3976 in
729 3919 792 3976 suis
815 3923 846 3976 et
870 3918 1005 3976 aliorum
1028 3932 1163 3992 quorum
1186 3933 1281 3992 supra
1303 3915 1483 3975 nominibus

216 4029 321 4083 nostre
345 4023 439 4082 modo
468 4025 623 4098 premisso
654 4030 798 4099 porrecta
830 4025 982 4083 maiestati
1010 4025 1097 4097 regia
1126 4023 1317 4096 benignitate
1340 4020 1484 4080 exaudita

215 4131 383 4188 clementer
405 4137 435 4190 et
463 4129 607 4201 admissa,
630 4131 818 4210 prescriptas
842 4131 961 4188 litteras
985 4130 1059 4188 dicti
1082 4125 1216 4188 condam
1240 4128 1360 4187 domini
1385 4126 1482 4200 Sigis-

215 4235 323 4295 mundi
337 4235 536 4310 imperatoris
557 4241 587 4294 et
609 4237 691 4308 regis
713 4251 775 4294 non
798 4237 932 4308 abrasas,
950 4251 1012 4295 non
1032 4236 1225 4308 cancellatas,
1242 4251 1297 4294 nec
1320 4236 1352 4294 in
1379 4235 1486 4307 aliqua

216 4344 263 4400 sui
287 4347 376 4416 parte
399 4347 566 4416 suspectas,
593 4342 851 4416 presentibusque
875 4343 986 4400 litteris
1009 4343 1122 4403 nostris
1145 4341 1396 4415 privilegialibus
1419 4355 1487 4398 ver-

214 4451 345 4508 botenus
367 4449 433 4506 siue
455 4448 663 4506 diminucione
686 4453 717 4506 et
738 4453 906 4521 augmento
929 4448 1061 4522 aliquali
1084 4450 1223 4519 insertas,
1248 4447 1354 4520 quoad
1376 4461 1485 4504 ornnes

214 4571 327 4614 earum
349 4554 563 4626 continencias,
587 4554 742 4612 clausulas
766 4566 796 4611 et
818 4555 966 4614 articulos
979 4559 1104 4613 eatenus
1121 4561 1271 4629 quatenus
1296 4551 1404 4610 eedem
1428 4553 1486 4610 rite

214 4668 244 4720 et
274 4661 427 4734 legittime
456 4660 592 4718 existunt
623 4665 763 4718 emanata
794 4660 975 4734 viribusque
1007 4675 1115 4718 earum
1148 4659 1262 4717 veritas
1286 4657 1486 4730 suffragatur,

214 4773 419 4841 acceptamus,
435 4767 656 4840 approbamus,
681 4765 871 4825 ratificamus
894 4782 930 4824 ac
953 4783 1010 4842 pro
1033 4769 1101 4841 ipsa
1116 4767 1241 4824 civitate
1255 4771 1360 4823 nostra
1372 4765 1487 4822 montis

216 4874 387 4944 Grecensis‚
411 4873 595 4946 civibusque
618 4878 649 4930 et
671 4857 781 4931 incolis
804 4872 942 4931 eiusdem
975 4873 1172 4948 presentibus
1195 4877 1225 4930 et
1249 4870 1361 4929 futuris
1400 4872 1484 4929 inno·

217 4980 318 5039 vando
339 4984 492 5056 perpetuo
524 4978 676 5038 valituras
700 4979 930 5052 confirmamus,
954 4980 1049 5038 salvis
1079 4977 1200 5055 iuribus
1224 4975 1342 5050 alienis,
1373 4972 1484 5035 harum
