3930 5802
762 599 836 658 Doc.
860 612 930 676 149.
958 632 993 642 -
1020 611 1110 677 1450.
1503 614 1563 670 207

300 805 500 891 juristiamite
523 815 555 873 in
590 815 716 873 civitate
738 814 838 873 libera
862 817 960 888 possit
982 833 1015 874 se
1036 833 1116 875 unus
1140 815 1225 874 solus
1248 831 1266 873 a
1289 816 1373 874 socio
1402 830 1459 874 suo
1482 814 1569 872 satis·

304 920 476 980 iaccionem
497 935 556 994 pro
578 936 610 978 se
632 919 808 994 inpendere,
831 921 890 980 nisi
909 935 1016 980 coram
1048 919 1150 998 judice
1184 928 1214 979 et
1235 918 1436 996 juristramite
1461 919 1567 977 decre-

302 1031 400 1086 vetur.
435 1026 507 1085 Ideo
542 1042 599 1085 nos
633 1027 763 1085 eundern
801 1041 946 1101 pannum,
981 1043 1037 1102 per
1071 1026 1205 1086 eundem
1239 1027 1293 1100 qui
1341 1027 1501 1101 reciperat,
1536 1025 1569 1082 vi

303 1131 434 1192 fecimus
457 1147 562 1192 coram
585 1133 676 1191 nobis
698 1133 837 1207 aportari
859 1132 994 1192 dicentes
1014 1133 1070 1192 sic:
1101 1132 1256 1214 Johannes
1279 1137 1325 1191 est
1359 1132 1419 1190 hoc
1446 1145 1566 1205 pannus

302 1244 383 1311 tuus,
405 1239 458 1313 qui
481 1238 714 1298 animadvertit:
752 1238 811 1296 hoc
834 1243 881 1298 est
909 1255 1029 1314 pannus
1052 1254 1147 1298 meus.
1177 1238 1241 1297 Nos
1271 1253 1345 1297 vero
1374 1238 1568 1296 econtrario

304 1343 500 1403 dicebamus:
523 1345 550 1403 si
572 1349 618 1404 est
639 1359 760 1420 pannus
790 1350 861 1404 tuus
883 1347 1016 1420 recipias
1038 1361 1111 1404 eum
1133 1350 1164 1403 et
1186 1361 1299 1418 serves,
1323 1349 1357 1404 tu
1373 1348 1458 1404 tanta
1472 1344 1568 1402 habes

304 1451 390 1525 quod
412 1452 529 1527 poteris
551 1452 643 1511 nobis
665 1450 781 1528 judicio
802 1458 919 1522 astare;
943 1449 1128 1526 quiquidem
1142 1451 1322 1526 respondit:
1345 1451 1430 1509 nolo.
1448 1450 1568 1508 lterum

303 1557 401 1616 alium
424 1557 627 1630 aliciavimus,
650 1559 705 1632 qui
727 1557 860 1616 eundem
882 1571 1021 1632 pannum
1043 1557 1203 1631 reciperat,
1227 1557 1374 1616 videlicet
1395 1557 1568 1632 hospitem:

303 1663 435 1738 recipias
457 1662 590 1722 eundem
612 1679 733 1737 pannus
756 1669 786 1722 et
816 1680 921 1724 serves
954 1678 1026 1721 eum
1059 1678 1159 1737 usque
1191 1663 1311 1722 iusticia
1342 1663 1462 1722 venerit
1492 1661 1571 1720 sicut

304 1770 409 1843 primo
431 1770 575 1845 recepisti
597 1773 628 1828 et
650 1785 849 1845 quocumque
871 1785 963 1829 causa
976 1769 1151 1828 discucierit
1166 1769 1223 1828 illo
1236 1774 1377 1844 tempore
1400 1769 1445 1828 ibi
1462 1767 1571 1838 detur;

305 1875 510 1950 quiquidem
533 1877 688 1935 recusavit
721 1892 754 1935 se
777 1877 922 1951 recipere,
957 1876 1073 1934 dicens:
1098 1891 1170 1934 cum
1206 1875 1321 1934 fecistis
1355 1876 1416 1934 huc
1439 1891 1495 1949 per
1518 1889 1570 1932 me

305 1986 437 2055 portare,
461 1982 574 2040 abhinc
596 1997 653 2054 ego
676 1981 750 2040 nolo
773 1982 910 2056 amplius
932 1988 1101 2056 reportare,
1118 1981 1172 2040 sed
1188 1997 1258 2040 mea
1270 1997 1342 2040 cum
1358 1981 1472 2057 quibus
1487 1979 1568 2038 obli-

306 2093 397 2160 gatur
412 2087 489 2146 mihi
505 2089 545 2145 ab
562 2087 672 2146 eodem
690 2087 765 2146 volo
787 2088 945 2158 rehabere;
967 2093 998 2146 et
1019 2089 1126 2146 nullus
1150 2088 1250 2146 voluit
1273 2102 1411 2161 pannum
1426 2100 1569 2160 assump-

305 2207 391 2250 mere
402 2209 456 2251 seu
471 2194 617 2268 recipere.
632 2192 705 2251 ideo
721 2209 776 2252 nos
792 2193 924 2251 eundem
935 2209 1074 2269 pannum
1089 2208 1148 2268 pro
1162 2210 1194 2250 se
1206 2194 1388 2270 recepimus.
1403 2192 1451 2249 De
1463 2191 1572 2249 ceteris

305 2312 381 2356 vero
403 2299 603 2372 querimoniis
625 2300 704 2358 inter
726 2301 811 2374 ipsos
834 2302 876 2359 ita
898 2298 1049 2376 judicium
1072 2298 1293 2372 deiudicamus,
1328 2297 1413 2372 quod
1445 2295 1571 2355 eosdem

305 2401 401 2480 judex
423 2406 565 2480 ipsorum
589 2407 718 2465 haberet
741 2406 925 2480 deiudicare,
948 2412 978 2464 et
1009 2408 1065 2464 hec
1096 2407 1236 2480 queritur
1266 2407 1339 2479 quia
1370 2409 1479 2463 auctor
1508 2417 1570 2461 non

307 2511 538 2570 sustentabatur
560 2509 703 2587 judicem,
728 2513 822 2571 modo
845 2519 950 2572 utrum
972 2514 1052 2574 iuste
1083 2512 1330 2572 deiudicavimus
1361 2517 1391 2570 et
1414 2509 1567 2584 quidquid

310 2616 421 2674 exinde
437 2616 697 2691 deiudicaveritis‚
721 2619 811 2678 nobis
836 2620 946 2678 vestris
969 2620 1000 2678 in
1022 2621 1134 2678 litteris
1157 2619 1365 2678 amicabiliter
1386 2617 1572 2676 rescribatis.

309 2721 432 2798 Scripta
454 2725 486 2782 in
507 2725 723 2800 Kamprancza
747 2725 823 2784 feria
846 2727 940 2784 tercia
963 2727 1108 2801 proxima
1130 2731 1202 2801 post
1229 2725 1417 2784 dominicam
1449 2724 1569 2782 Letare.

309 2831 344 2888 ln
366 2831 453 2889 cuius
476 2831 522 2890 rei
544 2832 730 2890 memoriam
753 2831 894 2905 sigillum
917 2838 1059 2890 nostrum
1093 2831 1240 2890 duximus
1277 2829 1508 2906 apponendum,
1532 2831 1574 2888 ob

309 2937 538 3011 cantellamque
561 2938 713 2996 maiorem
738 2954 809 2996 cum
832 2939 938 3012 sigillo
960 2937 1073 3014 judicis
1096 2937 1227 2996 fecimus
1249 2937 1432 3011 consignari.

414 3044 480 3102 Hec
503 3043 650 3102 Nicolaus
672 3059 708 3102 ac
731 3045 864 3103 Michael
886 3044 1009 3103 nobiles
1032 3045 1093 3103 viri
1115 3045 1345 3104 vicecastellani
1377 3043 1415 3101 de
1446 3043 1568 3116 Kewar‚

310 3150 452 3223 magistri
474 3150 781 3222 vicetavernicorum,
804 3151 898 3209 amici
920 3152 1017 3210 vestri
1039 3152 1071 3210 in
1094 3152 1252 3210 omnibus.

416 3259 460 3324 (A
479 3261 575 3323 tergo).
598 3256 741 3315 Providis
762 3263 793 3315 et
815 3257 1047 3331 circumspectis
1070 3259 1146 3316 viris
1169 3255 1276 3333 judici,
1298 3255 1408 3333 juratis
1441 3273 1477 3315 ac
1505 3259 1570 3316 uni·

312 3362 410 3420 versis
442 3362 566 3420 civibus
600 3375 654 3420 seu
688 3362 866 3438 hospitibus
900 3364 1033 3422 civitatis
1067 3363 1289 3437 Zagrabiensis,
1326 3364 1435 3421 amicis
1463 3365 1576 3422 nostris

310 3465 490 3528 karissimis.

416 3621 550 3687 Originale
576 3622 604 3672 in
631 3622 727 3673 charta.
755 3622 783 3670 A
813 3629 886 3687 tergo
913 3624 1052 3688 vestigium
1079 3623 1168 3687 sigilli.
1205 3623 1238 3672 In
1257 3623 1372 3672 archivio
1392 3623 1437 3676 lib.
1456 3639 1509 3688 reg.
1528 3624 1575 3673 civ.

309 3711 490 3776 aagrablensis.

906 3887 986 3956 149.

416 4031 497 4079 Anno
519 4043 593 4096 1450,
613 4044 636 4092 9.
654 4030 728 4096 Julii.
749 4032 833 4096 Prope
852 4030 996 4082 Zalrolcam.

318 4156 432 4216 wreus
464 4175 552 4214 conces
591 4133 691 4216 ίίἸιιτιΙ
717 4165 746 4216 et
776 4157 881 4227 banus,
911 4159 1106 4217 conemunitan
1139 4158 1266 4216 ciuitatis
1297 4157 1400 4213 montis
1427 4157 1578 4215 Grecensis

312 4261 441 4332 mameae,
463 4270 498 4320 ut
524 4281 570 4321 res
599 4271 627 4321 et
655 4263 729 4320 bona
761 4263 899 4335 Helenae,
928 4283 1003 4338 quae
1032 4263 1126 4323 Sudcl
1142 4261 1215 4322 civis
1237 4281 1315 4320 uxor
1328 4263 1403 4336 ficit,
1433 4263 1578 4342 Gregorio

445 4368 568 4440 cuidam,
590 4371 643 4443 qui
663 4387 692 4426 se
714 4371 776 4445 ejus
798 4376 922 4442 nepotem
937 4371 1064 4446 fatetur,
1087 4368 1318 4427 administrando
1341 4369 1448 4427 tradat.

419 4511 543 4569 Vlricus
578 4511 628 4570 dei
661 4513 766 4585 gracia
801 4512 889 4586 Cilie,
924 4514 1140 4586 Ortemburge‚
1175 4513 1365 4587 Zagorieque
1388 4528 1491 4572 comes
1522 4521 1577 4572 etc.

313 4632 431 4675 necnon
464 4619 551 4690 regni
589 4617 753 4678 Sclauonie
787 4619 895 4676 banus.
930 4618 1065 4692 Providi,
1096 4618 1205 4678 fideles
1236 4619 1327 4677 nobis
1350 4625 1437 4692 grate
1461 4618 1576 4678 dilecti.

313 4721 586 4796 Quemadmodum
611 4724 784 4783 Corardum
806 4725 960 4784 Rausther
982 4733 1036 4784 etc.
1060 4726 1161 4784 civem
1191 4727 1326 4784 civitatis
1357 4726 1470 4783 montis
1501 4725 1577 4783 Gre-

314 4829 411 4886 oensis
434 4836 583 4904 exparte
606 4831 814 4905 quarumdam
835 4847 999 4890 causarum
1023 4831 1286 4891 testamentalium
1309 4831 1522 4890 transmisistis
1538 4829 1577 4889 ad

313 4950 378 5004 nos,
402 4935 489 4993 cuius
512 4935 595 4994 dicta
618 4951 691 4994 sane
713 4936 935 5008 intelleximus,
958 4938 1001 4995 ita
1024 4937 1248 4996 dileccionibus
1271 4937 1382 4995 vestris
1405 4936 1484 4994 serie
1507 4952 1578 5010 pre·

314 5043 451 5100 sensium
474 5043 708 5114 committimus,
733 5044 879 5116 volentes,
903 5048 938 5102 ut
960 5060 1010 5102 res
1033 5049 1063 5102 et
1086 5045 1168 5102 bona
1184 5043 1315 5102 condam
1331 5043 1449 5101 Helene
1470 5043 1578 5101 relicte
