3804 5858
653 504 801 618 'fil-{04
812 515 891 614 27¹·
917 514 982 614 371?-
1007 534 1050 614 ‘J
1074 504 1130 560 14²¹·
1155 515 1362 579 1493-1494·
1422 607 1427 611 -

571 609 652 614 ---
847 608 952 614 -—--
967 608 1020 614 --
1038 607 1178 614 ——n—
1450 606 1653 614 ...ᾑ-

953 713 1030 781 371„

493 841 574 890 Auno
597 851 671 903 1493,
692 851 732 901 30.
752 838 873 888 octobris.
893 837 991 888 Budas.

390 963 569 1036 Vlodislaus,
603 967 703 1039 Hung.
734 973 783 1036 etc,
813 984 874 1022 rex.
899 967 1027 1039 episcopo
1049 964 1242 1038 eagrnhimsr,
1273 965 1476 1039 nonnullisque
1504 966 1654 1024 nobilibus

380 1072 511 1143 menelae,
534 1081 567 1130 ut
570 1074 687 1148 fratres
709 1072 933 1130 Praedicatores
949 1089 1030 1143 sagr.
1043 1072 1074 1126 in
1085 1071 1218 1144 fruenda
1234 1072 1420 1145 possessione,
1435 1089 1512 1146 quae
1525 1079 1654 1130 vocante

862 1176 997 1246 Slouelr'e‘,
1021 1184 1164 1235 tueantur.

483 1319 677 1380 Wladisiaus
704 1321 753 1380 dei
784 1322 888 1395 gracia
919 1337 974 1379 rex
998 1321 1156 1393 Hungarie
1179 1327 1210 1378 et
1233 1320 1380 1378 Bohemie
1403 1327 1458 1378 etc.
1482 1321 1648 1381 Fideiibus

380 1427 491 1485 nostris
521 1427 697 1486 reverendis
730 1429 760 1486 in
783 1427 907 1485 Christo
931 1427 1080 1501 patribus,
1104 1426 1231 1484 domino
1255 1426 1401 1498 osualdo,
1425 1427 1572 1500 episcopo
1596 1444 1648 1484 ec-

359 1533 470 1618 ¹clesie
491 1533 697 1606 zagrabiensis
720 1549 755 1591 ac
778 1533 922 1606 Georgi0‚
946 1533 1092 1606 episcopo
1115 1533 1284 1604 rosonensi,
1304 1533 1369 1590 eius
1392 1533 1588 1604 suffraganeo
1612 1535 1648 1592 in

378 1637 460 1696 dicta
483 1639 612 1696 ecclesia
643 1639 842 1712 zagrabiensi,
867 1653 983 1696 necnon
1008 1637 1180 1711 magnificis
1203 1637 1312 1696 futuris
1336 1653 1500 1711 regnorum
1524 1647 1645 1696 nostro·

376 1759 447 1802 rum
478 1744 647 1816 Daimacie‚
671 1744 798 1803 Croacie
828 1751 858 1802 et
881 1743 1044 1802 Sclauonie
1076 1745 1172 1814 banis,
1189 1760 1225 1801 ac
1250 1744 1393 1818 Ladislao
1416 1744 1455 1802 de
1477 1745 1647 1816 Egerrvara

376 1851 526 1922 magistro
541 1851 792 1909 thavemicorum
811 1855 988 1908 nostrorum
1012 1855 1042 1907 et
1066 1850 1188 1908 Andree
1205 1863 1241 1908 ac
1264 1849 1394 1924 Gaspar‚
1412 1849 1487 1908 filiis
1509 1849 1644 1908 condam

374 1955 522 2038 Johannis
554 1956 729 2030 Hennyngh
760 1955 798 2013 de
822 1955 1048 2026 Zomzedwara‚
1085 1957 1217 2013 salutem
1249 1963 1279 2013 et
1302 1957 1447 2029 graciam.
1479 1955 1561 2028 Quia
1584 1971 1644 2014 nos

375 2061 536 2134 religiosos
566 2061 676 2120 fratres
707 2062 823 2120 ordinis
848 2061 1078 2120 Predicatorum
1111 2064 1142 2120 in
1166 2063 1294 2120 ecclesia
1319 2063 1402 2120 beati
1423 2061 1543 2119 Nicoiai
1566 2077 1641 2120 con·

375 2165 507 2240 sessoris,
531 2167 680 2241 Zagrabie
704 2167 839 2238 fundata,
864 2167 1016 2240 degentes,
1039 2169 1133 2226 simui
1149 2184 1221 2226 cum
1244 2169 1434 2242 possessione
1457 2167 1642 2226 eorumdem

386 2272 606 2346 Slawethychy
630 2290 665 2332 ac
688 2273 826 2332 eiusdem
858 2274 1054 2347 pertinenciis
1077 2275 1109 2332 in
1146 2279 1284 2332 nostram
1315 2273 1433 2346 regiam
1463 2273 1643 2345 recepimus

375 2380 599 2452 protectionem
623 2387 653 2437 et
676 2381 806 2438 tutelam
829 2379 1005 2454 specialem,
1016 2379 1145 2452 viceque
1169 2387 1199 2436 et
1210 2379 1240 2436 in
1265 2393 1396 2452 persona
1418 2385 1523 2436 nostre
1545 2378 1642 2436 maie·

373 2485 459 2542 statis
483 2491 586 2544 vestre
606 2485 820 2544 commisimus
838 2486 963 2544 tuicioni
987 2491 1017 2542 et
1040 2486 1233 2559 proteccioni.
1250 2485 1407 2544 Fidelitati
1428 2483 1524 2557 igitur
1536 2492 1641 2542 vestre

373 2591 484 2648 harum
506 2591 584 2648 serie
607 2591 785 2650 firmissime
807 2570 1029 2649 committimus
1052 2597 1082 2650 et
1106 2591 1299 2663 mandamus,
1323 2597 1474 2664 quatenus
1498 2591 1635 2663 acceptis

372 2697 577 2769 presentibus,
601 2696 740 2770 prefatos
764 2696 875 2756 fratres
898 2699 929 2756 in
953 2697 1034 2756 dicta
1057 2699 1250 2772 possessione
1265 2697 1486 2770 Slawethycby
1506 2702 1536 2755 et
1558 2697 1640 2755 eius-

371 2801 442 2860 dem
463 2803 659 2876 pertinenciis
689 2810 795 2863 contra
822 2804 979 2877 quoslibet
1002 2804 1185 2877 illegitimos
1208 2805 1401 2878 impetitores
1428 2809 1458 2860 et
1480 2803 1639 2876 signanter

371 2914 478 2967 contra
501 2909 622 2966 nobiles
639 2908 819 2982 Georgium,
836 2909 973 2982 Petrum,
997 2910 1129 2968 Paulum
1153 2915 1182 2967 et
1204 2909 1356 2992 Jacobum
1381 2909 1522 2982 Orsychy
1538 2909 1639 2967 dictos

371 3013 410 3072 de
433 3014 582 3088 Gorycza,
606 3013 660 3088 qui
684 3015 807 3074 eosdem
843 3015 954 3074 iratres
977 3017 1008 3073 in
1039 3017 1107 3090 ipsa
1129 3017 1321 3090 possessione
1346 3015 1556 3074 diversimodo
1579 3017 1640 3074 im·

371 3119 512 3194 pedirent
529 3127 558 3179 et
581 3122 802 3194 perturbarent
826 3123 914 3192 tueri,
948 3128 1112 3196 protegere
1134 3129 1165 3180 et
1189 3111 1347 3180 defensare
1371 3137 1406 3180 ac
1429 3121 1638 3197 indempniter

370 3231 570 3286 manutenere
600 3227 702 3285 modis
731 3228 877 3286 omnibus
909 3227 1048 3286 debeatis
1078 3234 1108 3285 et
1131 3228 1304 3299 teneamini,
1327 3229 1509 3286 auctoritate
1530 3235 1637 3286 nostra

370 3335 567 3408 presentibus
590 3333 681 3392 vobis
704 3335 735 3391 in
758 3336 816 3392 hac
840 3341 927 3407 parte
949 3335 1108 3406 attributa,
1131 3350 1166 3392 ac
1188 3332 1256 3410 jure
1279 3341 1309 3392 et
1325 3333 1448 3410 justicia
1471 3333 1636 3394 mediante.

368 3437 463 3496 Secus
496 3454 557 3498 non
589 3440 707 3499 facturi.
739 3441 937 3499 Presentibus
968 3442 1123 3515 perlectis,
1158 3441 1316 3500 exhibenti
1338 3441 1493 3500 restitutis
1518 3441 1635 3499 Datum

368 3543 453 3601 Bude
492 3545 568 3602 seria
599 3553 709 3619 quarta
740 3547 884 3620 proxima
914 3553 984 3604 ante
1015 3546 1128 3605 testum
1162 3547 1309 3606 Omnium
1333 3555 1519 3606 sanctorum.
1543 3549 1635 3605 Anno

369 3649 488 3708 domini
511 3652 681 3710 millesimo
712 3652 1017 3726 quadringentesimo
1039 3655 1238 3725 nonagesimo
1261 3654 1365 3712 tercio.

650 3807 694 3855 Ad
714 3806 868 3856 relacionem
888 3808 1023 3856 Laureucii
1043 3808 1160 3856 Bradoch
1186 3809 1337 3858 cubicularii
1357 3811 1427 3873 regie
1445 3811 1597 3864 maiestatis.

472 3983 604 4045 Originole
629 3983 656 4032 in
674 3983 768 4034 charta.
789 3985 820 4032 Iu
840 3985 954 4048 margine
973 3984 1089 4034 inferiori
1107 3985 1259 4049 impressum
1278 3993 1316 4033 est
1336 3985 1446 4048 sigilum.
1467 3988 1498 4036 In
1517 3988 1633 4038 archivio

366 4069 411 4120 lib.
432 4086 483 4132 reg.
504 4071 553 4119 civ.
572 4073 672 4135 zagrab.

965 4250 1049 4319 372.

472 4390 546 4436 rinno
570 4401 643 4451 1494,
663 4403 687 4451 4.
708 4390 842 4440 februarii.

364 4505 391 4560 Α
421 4506 547 4577 capitulo
579 4507 693 4580 eogrob.
728 4508 759 4563 in
793 4507 957 4566 Fobrnuurn
979 4507 1014 4566 de
1039 4508 1154 4582 Zernpe'e
1177 4513 1345 4569 canonicum
1362 4521 1484 4586 propter
1500 4515 1629 4586 perditos

779 4615 870 4653 errores
885 4605 982 4669 poeno
1004 4598 1193 4656 consereretur.

471 4741 547 4798 item
569 4738 645 4797 seria
669 4741 761 4798 tercia
782 4741 924 4814 proxima
949 4749 1018 4813 post
1035 4740 1148 4800 festum
1172 4743 1395 4816 purificationis
1419 4745 1508 4803 beate
1532 4747 1629 4804 biario

353 4839 501 4918 'virginis
525 4846 600 4903 hora
624 4847 790 4905 terciarum
814 4862 911 4919 mane,
935 4847 973 4905 de
989 4862 1069 4906 anno
1093 4848 1210 4906 domini
1234 4849 1401 4908 millesimo
1418 4850 1628 4924 quadringen-

364 4952 476 5010 tesimo
498 4954 698 5026 nonagesimo
722 4961 841 5027 quart0,
858 4953 992 5012 dominis
1015 4960 1045 5012 et
1062 4955 1201 5029 personis
1216 4953 1420 5029 infrascriptis
1436 4957 1468 5014 in
1490 4957 1629 5016 sacristia
