3932 5806
345 535 404 604 2‘78
746 531 824 589 Doce
843 525 914 588 218.
940 563 979 572 -
1003 531 1060 587 An.
1083 525 1173 607 1461.

342 748 439 822 ipsius
463 753 493 805 et
514 762 704 806 successores
728 747 857 804 abbates
877 760 936 820 pro
959 751 1101 818 tempore
1124 746 1288 804 existentes
1310 743 1381 821 juro
1404 751 1559 819 perpetuo
1579 751 1610 804 et

342 853 590 912 irrevocabiliter
612 851 841 928 possidendam,
872 851 1037 910 tenendam
1060 853 1177 925 pariter
1200 857 1231 910 et
1252 851 1438 924 habendam,
1461 851 1508 910 nil
1530 849 1609 927 juris

342 960 428 1018 nilve
450 960 651 1034 proprietatis
668 1003 914 1019 .........
937 958 1036 1029 nobis,
1059 957 1233 1030 nostrisque
1255 957 1423 1016 heredibus
1445 957 1478 1015 in
1501 956 1611 1016 eadem

342 1066 476 1124 sessione
490 1063 681 1141 jogabionaii
705 1065 916 1136 reservientes,
936 1063 990 1122 sed
1014 1079 1105 1121 omne
1121 1061 1169 1139 jus
1196 1069 1227 1121 et
1249 1064 1425 1137 quamlibet
1450 1063 1526 1121 iuris
1556 1078 1610 1121 seu

342 1171 471 1230 dominii
484 1171 537 1230 vel
552 1173 752 1246 proprietatis
764 1171 1005 1246 prerogativam,
1029 1185 1090 1243 que
1108 1170 1199 1228 nobis
1210 1171 1385 1243 nostrisque
1397 1169 1565 1228 heredibus
1577 1169 1610 1228 in

341 1277 451 1335 eadem
469 1279 637 1336 habuimus
652 1283 683 1336 et
704 1278 864 1349 habemus,
879 1275 1038 1350 nostrique
1053 1274 1183 1334 heredes
1198 1275 1356 1347 haberent,
1373 1276 1404 1334 in
1420 1274 1550 1333 eandem
1563 1291 1611 1333 ec·

342 1383 469 1440 clesiam
482 1383 572 1442 beate
587 1383 683 1442 Marie
706 1383 835 1456 virginis
858 1388 888 1441 et
910 1382 1133 1440 monasterium
1157 1396 1193 1439 ac
1215 1381 1345 1439 abbates
1368 1386 1398 1438 et
1421 1387 1608 1440 conventum

340 1488 517 1568 predictum
539 1488 734 1547 retundimus
750 1493 781 1547 et
796 1488 976 1547 derivamus
990 1503 1027 1544 ac
1043 1502 1153 1545 manus
1178 1493 1208 1544 et
1220 1491 1407 1562 potestatem
1425 1493 1548 1545 nostras
1572 1485 1611 1544 de

343 1593 452 1653 eadem
475 1595 599 1669 penitus
622 1595 706 1653 etin
729 1599 794 1653 toto
810 1593 992 1667 excipiendo
1015 1598 1045 1650 et
1069 1639 1075 1651 .
1099 1638 1105 1652 .
1129 1639 1134 1650 .
1158 1608 1194 1650 ac
1212 1592 1416 1666 exonerando
1430 1593 1473 1652 ita
1496 1598 1611 1660 tamen,

343 1699 428 1775 quod
451 1701 590 1776 predicta
612 1702 708 1760 sessio
729 1699 936 1778 jobagionalis
967 1701 1008 1758 ab
1030 1699 1140 1758 eadem
1174 1700 1303 1758 ecclesia
1333 1715 1388 1758 seu
1422 1699 1612 1758 monasterio

344 1807 434 1864 beate
456 1807 553 1866 Marie
575 1808 706 1882 virginis
729 1813 759 1866 et
775 1812 927 1865 conventu
943 1807 1121 1865 nullatenus
1138 1821 1194 1879 per
1217 1805 1347 1863 abbates
1370 1810 1401 1863 et
1423 1809 1612 1862 conventum

345 1914 419 1973 dicti
445 1907 650 1993 (monasterii)
680 1913 809 1974 alienari
841 1914 940 1988 possit
962 1929 1019 1972 nec
1047 1913 1151 1971 valeat
1174 1911 1269 1970 modo
1292 1911 1430 1984 aliquali.
1466 1909 1502 1969 ln
1526 1912 1612 1969 cuius

344 2022 390 2081 rei
412 2021 608 2092 memoriam,
624 2020 869 2093 firmitatemque
885 2025 1070 2094 perpetuam
1090 2017 1286 2092 presentibus
1308 2017 1448 2090 sigillum
1471 2023 1612 2076 nostrum

345 2126 492 2186 duximus
516 2126 765 2210 appendendum.
787 2127 905 2184 Datum
928 2126 960 2183 in
983 2125 1065 2183 dicta
1080 2121 1231 2183 Rakonok
1253 2123 1286 2182 in
1308 2121 1386 2181 festo
1402 2122 1611 2181 Exaltacionis

345 2237 449 2290 sancte
473 2233 581 2290 crucis.
612 2234 703 2291 Anno
726 2230 845 2290 domini
867 2231 1038 2290 millesimo
1067 2229 1372 2304 quadringentesimo
1390 2273 1611 2287 ........

449 2419 472 2484 *)
491 2421 664 2486 Wynnandus
682 2420 762 2469 abbas
780 2418 891 2484 praefuit
909 2419 1045 2468 conventui
1064 2417 1125 2468 huic
1143 2418 1176 2468 ab
1194 2435 1261 2469 anno
1283 2421 1465 2485 1458-1479.

451 2579 585 2644 Originale
609 2579 638 2629 in
656 2578 804 2629 membrana
822 2577 885 2628 satis
902 2577 1023 2630 lacerum.
1043 2579 1069 2628 A
1089 2593 1153 2628 zona
1172 2579 1268 2628 sericea
1285 2579 1362 2627 rubra
1380 2584 1406 2627 et
1430 2576 1544 2626 violacea
1567 2592 1611 2641 ap·

348 2668 444 2734 pendet
463 2666 585 2732 sigillum.
604 2668 638 2715 In
655 2667 826 2721 archimen
848 2666 931 2732 Capit.
949 2667 1050 2731 zagreb.

942 2948 1022 3014 218.
1085 2995 1088 3000 -

452 3126 533 3176 Auno
554 3125 629 3188 1461.
650 3135 691 3177 21.
708 3124 827 3189 januarii.
848 3087 1013 3188 Zagrabiae.¹

346 3256 375 3314 Α
405 3255 530 3330 capitula
560 3252 746 3327 zagrabicnsi
772 3253 971 3312 communitati
998 3256 1123 3312 civitatis
1149 3256 1282 3330 precanti
1309 3256 1442 3315 clausula
1471 3257 1612 3331 quaedam

338 3361 561 3437 privilegiorum
584 3360 613 3417 ei
633 3378 652 3416 a
677 3357 860 3433 Sagismuudo
887 3379 952 3434 rege
974 3378 1173 3432 concessorum,
1197 3362 1299 3420 lri‘tert's
1321 3361 1490 3435 consignata
1512 3362 1613 3425 editur.

451 3505 516 3562 Nos
536 3503 711 3578 capitulum
735 3503 863 3562 ecclesie
882 3505 1097 3578 zagrabiensis.
1121 3506 1271 3564 Memorie
1287 3505 1543 3565 commendamus
1558 3523 1615 3582 per

237 3623 240 3630 ’
347 3615 512 3686 presentes,
537 3609 621 3684 quod
645 3609 770 3684 providi
794 3616 824 3668 et
846 3611 1063 3686 circumspecti
1086 3612 1148 3670 viri
1169 3611 1317 3670 Nicolaus
1339 3615 1441 3670 sartor
1456 3618 1487 3670 et
1502 3613 1614 3672 Deme·

347 3717 426 3776 trius
455 3713 549 3793 jurati
580 3717 663 3774 cives
698 3717 832 3775 civitatis
863 3718 978 3775 montis
1008 3715 1170 3776 Grecensis
1193 3717 1231 3776 de
1253 3715 1339 3795 juxta
1363 3718 1556 3792 Zagrabiam,
1579 3721 1612 3778 in

347 3824 498 3896 ipsorum,
521 3837 640 3880 necnon
662 3819 782 3897 judicis,
806 3820 989 3898 jnratorum,
1006 3823 1256 3882 consiliariorum
1278 3839 1314 3882 ac
1336 3825 1554 3883 universorum
1574 3827 1615 3884 ci·

345 3929 434 3986 vium
465 3933 495 3985 et
525 3928 624 3986 tocius
655 3928 886 3986 communitatis
916 3928 1049 3988 civitatis
1080 3928 1219 4004 predicte
1240 3929 1419 3989 nominibus
1438 3935 1467 3989 et
1490 3931 1523 3989 in
1546 3947 1615 4006 per-

345 4034 429 4092 sonis
458 4038 597 4093 nostram
628 4035 786 4092 venientes
809 4035 841 4093 in
871 4036 1072 4110 presenciam,
1104 4036 1311 4094 exhibuerunt
1340 4036 1431 4094 nobis
1455 4036 1615 4110 quoddam

347 4140 551 4215 privilegium
574 4155 627 4199 seu
651 4140 771 4199 litteras
801 4141 1013 4215 privilegiales
1047 4140 1179 4200 condam
1202 4141 1391 4201 serenissimi
1412 4143 1563 4218 principis
1586 4147 1616 4202 et

347 4246 474 4319 domini,
499 4246 616 4305 domini
641 4246 840 4320 sigismundi,
872 4247 922 4306 dei
945 4249 1049 4320 gracia
1078 4249 1246 4321 Hungarie‚
1276 4249 1446 4321 Dalmacie,
1479 4247 1615 4322 Croacie,

345 4354 454 4424 Rame‚
477 4351 592 4425 Seruie,
616 4351 748 4411 Gallicie
771 4353 959 4426 Ladamerie,
985 4354 1143 4426 Cumanis,
1176 4355 1381 4428 Bulgarieque
1412 4355 1503 4430 regis,
1533 4372 1615 4415 mar-

346 4459 464 4518 chionis
495 4457 814 4532 Brandemburgensis
847 4473 882 4518 ac
912 4461 993 4518 sacri
1022 4461 1155 4518 Romani
1188 4461 1313 4536 imperii
1346 4463 1614 4536 archyoamerarii‚

345 4580 464 4624 necnon
475 4563 621 4624 Bohemie
632 4569 662 4624 et
675 4565 953 4640 Lucemburgensis
969 4565 1099 4639 heredis,
1123 4566 1224 4626 felicis
1240 4567 1470 4626 reminiscencie
1492 4567 1612 4628 domini

345 4671 443 4730 nostri
466 4671 625 4744 naturalis,
649 4671 754 4746 sigillo
779 4671 920 4730 eiusdem
943 4687 1026 4732 novo
1057 4672 1208 4748 dupplici,
1239 4674 1285 4732 uti
1316 4687 1396 4747 pura
1418 4673 1496 4733 facie
1518 4689 1615 4750 appa·

344 4779 435 4836 rebat
458 4777 490 4836 in
502 4778 649 4852 pendenti
665 4779 870 4852 consignatas,
894 4783 1031 4853 petentes
1047 4793 1104 4838 nos
1120 4779 1224 4838 debita
1243 4795 1315 4838 cum
1338 4779 1487 4839 instancia
1502 4786 1537 4839 ut
1559 4795 1615 4840 nos

345 4882 464 4943 eisdem
487 4899 526 4942 ex
543 4891 648 4943 tenore
669 4884 809 4942 eiusdem
825 4885 986 4958 privilegii
1001 4885 1159 4960 quandam
1176 4886 1352 4945 clausulam
1368 4901 1422 4946 seu
1438 4887 1615 4959 articulum,

346 4991 490 5066 excipere
523 5005 559 5050 ac
591 4991 630 5050 de
662 4991 761 5050 verbo
793 4989 832 5048 ad
864 4991 996 5050 verbum
1020 4992 1186 5052 transsumi
1209 5000 1239 5052 et
1262 4993 1428 5054 transcribi
1450 4999 1482 5052 et
1503 4993 1615 5052 litteris
