3764 5924
649 562 723 620 θοι·
739 557 818 639 396·
843 595 879 607 -
907 563 963 622 An·
988 575 1072 641 1499
1431 584 1493 644 sas

229 779 334 836 monio
356 778 538 838 litterarum
572 776 735 836 mediante.
757 777 875 836 Datum
897 777 983 838 Bude
1006 777 1056 837 die
1079 776 1233 836 dominico
1256 769 1401 850 proximo
1424 773 1495 844 post

229 883 343 942 testum
375 882 561 943 ascensionis
601 881 739 942 Domini.
770 883 860 942 Anno
888 883 1026 943 eiusdem
1055 882 1227 942 millesimo
1258 876 1495 954 quadringente-

226 991 308 1049 simo
338 991 539 1064 nonagesimo
573 1005 663 1050 nono.
699 991 882 1064 Regnorum
914 996 1094 1050 nostrorum
1124 987 1285 1062 Hungarie
1324 989 1380 1043 etc.
1413 995 1494 1040 anno

226 1110 317 1172 nono,
339 1095 486 1156 Bohemie
509 1111 584 1155 vero
606 1097 759 1170 vigesimo
782 1111 873 1156 nono.

332 1213 466 1279 originale
489 1215 518 1264 in
542 1215 697 1268 membrana.
727 1213 849 1279 Sigillum
877 1215 957 1267 deest.
985 1216 1019 1264 Iu
1043 1215 1114 1266 arch.
1134 1231 1192 1266 ven.
1212 1213 1289 1280 capit.
1310 1209 1412 1275 aagreb.
1431 1205 1493 1259 Aet

226 1301 291 1368 Cap.
309 1309 365 1358 unt.
383 1302 438 1352 fasc
457 1303 499 1368 78.
518 1319 556 1352 nr.
568 1315 609 1366 33.

818 1479 905 1547 396.

332 1585 413 1634 Anno
435 1595 509 1648 1499,
533 1585 572 1636 18.
590 1585 672 1650 Junii.
691 1583 790 1636 Budee.

235 1675 399 1732 Vladislaas
430 1675 607 1750 Hungarrae
646 1684 694 1734 etc.
724 1695 786 1734 rex.
818 1675 1028 1736 archidiaconis
1050 1678 1180 1736 ecclesiae
1201 1675 1322 1752 sagrab.
1337 1670 1494 1750 praeceptat,

225 1781 318 1838 utet
354 1780 480 1839 Osaaldi
499 1782 621 1856 episcopi
640 1783 801 1840 testamenti
819 1783 1014 1841 executoribus
1028 1784 1195 1857 pensionem
1218 1789 1383 1858 quartanae
1405 1784 1491 1852 expo·

738 1890 849 1946 stulare
869 1889 1008 1950 decebant.

931 2011 1085 2062 Commissio
1105 2012 1210 2078 propris
1227 2009 1326 2062 domini
1343 2007 1420 2072 regis.

330 2119 524 2180 Wladlslaus
547 2121 597 2181 del
620 2123 724 2196 gracia
745 2138 801 2182 rex
823 2119 992 2198 Hungarie,
1016 2123 1163 2182 Bohemie
1178 2129 1233 2182 etc.
1258 2111 1419 2180 Fidelibus
1432 2129 1484 2174 no·

224 2228 297 2286 stris
326 2229 582 2300 venerabilibus,
603 2226 756 2288 universis
780 2235 811 2288 et
833 2229 964 2303 singulis
987 2229 1212 2288 archidiaconis
1235 2228 1267 2286 in
1291 2223 1421 2285 ecelesia
1443 2235 1502 2282 aar

224 2333 381 2407 grabiensi
409 2335 592 2409 constitutis,
613 2335 746 2394 salutem
777 2343 807 2394 et
837 2335 985 2408 graciam.
1016 2334 1219 2402 Declaratum
1251 2339 1297 2392 est
1317 2329 1409 2390 nobis
1433 2341 1491 2404 pro

224 2443 314 2514 parte
343 2439 484 2500 fidelium
516 2448 695 2500 nostrorum
724 2441 926 2500 executorum
956 2441 1132 2500 testamenti
1164 2437 1327 2502 reverendi
1358 2435 1491 2496 condam

224 2546 344 2605 domini
374 2525 514 2606 orvaldi
543 2539 683 2622 episcopi
709 2548 838 2606 ecclesie
868 2547 1085 2621 zagrabiensis,
1119 2547 1252 2622 qualiter
1285 2560 1343 2604 vos
1364 2541 1506 2604 eosdem¹

159 2731 163 2736 Ι
223 2651 346 2712 racione
379 2659 409 2711 et
441 2658 585 2728 pretextu
607 2654 791 2712 retencionis
814 2653 976 2713 cuiusdam
998 2658 1116 2728 quarte,
1141 2657 1351 2740 proventuum
1373 2648 1491 2708 scilicet

227 2764 413 2830 vestrorum,
436 2774 515 2834 quos
539 2775 596 2834 per
619 2759 722 2835 ipsum
746 2759 878 2820 condam
902 2760 1065 2820 dominum
1083 2759 1274 2834 episcopum,
1293 2757 1368 2816 dum
1384 2754 1487 2814 adhuc

223 2865 255 2924 in
286 2865 431 2924 humanis
463 2872 577 2939 ageret,
609 2866 742 2924 avobis
764 2872 932 2941 occupatos
953 2873 983 2925 et
1006 2872 1142 2925 retentos
1166 2864 1231 2924 lore
1254 2853 1490 2942 dicitisfldiver·

223 2971 343 3030 simode
365 2972 535 3032 turbaretis
547 2979 578 3031 et
599 2972 804 3048 impediretis,
827 2989 864 3032 ac
887 2973 1014 3032 eosdem
1036 2972 1076 3032 ad
1099 2971 1330 3032 restitucionem
1351 2983 1486 3044 proven·

222 3084 312 3138 tuum
345 3079 591 3153 prescriptorum
626 3084 728 3138 artare
753 3085 783 3138 et
816 3081 987 3154 astringere
1019 3079 1202 3138 niteremini.
1226 3077 1307 3154 Quia
1332 3090 1406 3134 vero
1428 3088 1485 3133 nos

223 3185 371 3242 nolumus
393 3185 479 3258 ipsos
509 3191 690 3244 executores
712 3186 771 3244 hac
793 3187 917 3246 racione
939 3203 996 3261 per
1020 3200 1076 3244 vos
1099 3185 1228 3264 turbari,
1253 3199 1327 3242 nam
1349 3179 1486 3241 conside·

221 3305 292 3348 rare
315 3290 451 3364 potestis,
475 3290 560 3364 quod
584 3291 610 3350 si
631 3297 724 3365 prout
737 3293 882 3365 asseritis,
905 3293 972 3366 ipse
997 3291 1131 3352 condam
1155 3289 1300 3350 dominus
1323 3287 1488 3364 episcopus

220 3396 379 3469 aliquibus
412 3397 617 3470 proventibus
651 3411 709 3455 vos
740 3399 901 3472 privasset,
933 3413 996 3458 non
1020 3398 1301 3472 impresentiarum,
1329 3410 1401 3453 cum
1431 3393 1487 3452 sci·

221 3501 295 3560 licet
324 3502 365 3559 ab
387 3502 446 3560 hac
477 3503 547 3560 luce
577 3503 725 3576 discessit,
749 3503 803 3563 sed
828 3505 893 3563 vita
916 3504 1055 3564 eiusdem
1079 3505 1192 3563 comite
1215 3503 1288 3562 illos
1312 3504 1485 3578 proventus

223 3608 263 3664 ab
286 3607 356 3681 ipso
387 3608 546 3684 requirere
576 3608 776 3682 debuissetis;
799 3609 881 3670 unde
903 3610 1049 3670 fidelitati
1070 3617 1173 3669 vestre
1196 3611 1309 3668 harum
1331 3607 1410 3666 serie
1432 3607 1486 3665 fir·

223 3713 363 3772 missime
386 3715 578 3788 precipimus
590 3720 620 3774 et
642 3716 836 3789 mandamus,
858 3725 1010 3791 quatenus
1025 3717 1159 3790 acceptis
1183 3715 1386 3790 presentibus,
1410 3729 1482 3790 pre·

225 3819 306 3878 fatos
328 3825 507 3880 executores
528 3825 701 3881 testamenti
724 3824 849 3882 racione
870 3823 1058 3883 detencionis
1079 3821 1258 3882 huiusmodi
1274 3826 1485 3898 proventuum

224 3930 399 3984 vestrorum
429 3941 487 4002 per
517 3927 621 4001 ipsum
645 3928 776 3986 condam
801 3928 964 3988 dominum
987 3931 1177 4004 episcopum,
1200 3935 1235 3987 ut
1258 3927 1371 3987 dicitur
1395 3925 1483 3998 tacte,

211 4031 347 4090 turbare
371 4039 402 4090 et
431 4033 584 4106 impedire
607 4033 659 4092 vel
682 4034 808 4094 eosdem
831 4035 872 4094 ad
895 4037 1134 4108 restitucionem,
1158 4035 1412 4108 solutionemque
1435 4045 1485 4091 eo·

218 4137 364 4196 rumdem
397 4144 499 4196 artare
528 4145 559 4197 et
589 4140 780 4214 compellere
809 4141 987 4201 nullatenus
1020 4141 1217 4216 presumatis,
1238 4140 1291 4199 sed
1315 4141 1372 4198 hac
1395 4137 1428 4197 in
1449 4153 1484 4196 re

218 4243 397 4302 omnimode
419 4245 610 4319 pacienciam
643 4247 791 4319 habeatis,
815 4247 971 4321 quoniam,
994 4254 1029 4307 ut
1050 4249 1258 4323 premisimus,
1282 4260 1344 4305 uon
1367 4247 1485 4320 impre-

217 4349 390 4408 senciarum
420 4349 474 4408 sed
499 4351 562 4410 vita
586 4351 724 4410 eiusdem
749 4351 882 4412 condam
906 4353 1025 4414 domini
1048 4354 1187 4429 episcopi
1210 4354 1331 4424 comite,
1356 4353 1383 4410 si
1407 4349 1482 4426 quid

218 4461 325 4514 contra
354 4455 445 4514 illum
477 4471 569 4530 agere
595 4458 749 4517 habuistis
779 4461 929 4534 prosequi
961 4459 1165 4535 debuissetis;
1189 4458 1276 4518 aliud
1298 4459 1393 4532 igitur
1417 4473 1480 4517 non

218 4559 344 4639 faciatis.
380 4549 579 4622 presentibus
609 4564 764 4638 perlectis,
789 4567 949 4626 exhibenti
971 4569 1132 4628 restitutis.
1155 4568 1271 4626 Datum
1294 4565 1380 4624 Bude
1404 4563 1482 4624 teria

139 4649 141 4652 ¹
218 4667 313 4724 tercia
337 4669 483 4740 proxima
505 4675 576 4744 post
589 4669 703 4729 festum
728 4672 892 4730 beatorum
909 4673 980 4732 Viti·
997 4679 1028 4732 et
1050 4673 1182 4732 Modesti
1195 4673 1360 4731 martirum
1393 4673 1482 4730 Anno

216 4769 334 4830 domini
358 4773 527 4833 millesimo
549 4775 855 4849 quadringentesimo
877 4779 1078 4851 nonagesimo
1101 4795 1192 4838 nono.

319 4890 652 4954 Originaleincharta.1n
665 4896 780 4958 margine
799 4897 874 4946 interi
894 4897 1047 4962 impressum
1066 4905 1104 4947 est
1123 4897 1227 4961 sigilnm
1255 4899 1287 4947 In
1307 4899 1404 4956 archiv,
1418 4913 1476 4949 ven.

216 4977 293 5042 capit.
312 4979 414 5042 eagrab.

718 5103 983 5134 —·-*·<¹—-—-
