3948 5804
394 538 452 600 ¹04
821 520 893 578 Doc.
918 514 969 576 80.
993 553 1036 562 -
1060 521 1116 578 An.
1142 533 1231 597 1434.

390 739 480 797 vobis
503 744 533 796 et
556 738 638 812 parti
661 735 791 794 adverse
814 735 1024 795 satisfacturos
1056 742 1162 795 contra
1192 736 1376 795 honorabile
1411 736 1583 812 capitulum
1608 754 1654 796 ec·

389 845 481 904 clesie
503 843 709 918 zagrabiensis
730 843 769 901 ad
793 847 917 902 octavas
949 843 1019 900 festi
1052 845 1136 902 beati
1171 819 1332 901 Michaelis
1363 844 1541 918 archangeli
1575 859 1656 902 nunc

388 957 543 1024 venturas,
567 956 668 1010 vestre
704 951 876 1008 serenitatis
899 956 1057 1008 evocasset
1080 951 1112 1008 in
1135 949 1335 1025 presenciam.
1358 949 1475 1008 Datum
1497 955 1585 1008 sexto
1604 949 1653 1008 die

389 1059 451 1118 diei
473 1058 664 1116 evocacionis
688 1056 848 1116 antedicte.
874 1059 963 1115 Anno
997 1057 1115 1115 domini
1145 1055 1315 1114 millesimo
1350 1054 1651 1130 quadringentesimo

389 1167 546 1224 tricesimo
569 1169 690 1238 quarto.
1451 1153 1456 1160 '

495 1267 539 1336 (A
566 1267 662 1330 tergo).
685 1270 820 1328 Domino
844 1270 919 1342 regi,
942 1285 1001 1342 pro
1024 1267 1202 1328 honorabili
1225 1269 1363 1343 capitulo
1388 1268 1517 1328 ecclesie
1549 1282 1653 1341 zagra-

389 1378 513 1450 biensis,
537 1380 644 1435 contra
665 1373 865 1450 Stephanum,
890 1375 992 1434 filium
1015 1374 1175 1432 Michaelis
1199 1374 1384 1434 modernum
1413 1372 1548 1452 judicem
1577 1375 1652 1432 civi·

389 1485 460 1543 tatis
484 1485 596 1542 montis
619 1482 781 1541 Grecensis
805 1481 843 1539 de
874 1481 960 1557 juxta
985 1481 1171 1554 Zagrahiam
1202 1487 1231 1539 et
1262 1482 1341 1540 alios
1372 1483 1585 1556 intrascriptos
1608 1478 1666 1538 ad·

387 1596 513 1649 octavas
537 1589 607 1648 testi
630 1589 714 1647 beati
737 1589 897 1646 Michaelis
920 1587 1099 1661 archangeli
1119 1587 1312 1646 evocacionis
1334 1588 1452 1647 relatio.

493 1742 626 1807 Originale
643 1743 671 1792 in
689 1742 784 1793 charla.
804 1744 831 1791 A
851 1749 923 1806 tergo
942 1743 1079 1806 vestigium
1097 1741 1216 1808 impressi
1234 1741 1323 1806 sigilli.
1342 1743 1375 1791 In
1400 1741 1469 1795 arch.
1488 1757 1544 1793 ven.
1563 1739 1648 1806 Capit.

389 1831 452 1883 eccl.
470 1831 571 1897 zagrab.
593 1831 654 1883 A'ct.
675 1831 737 1896 Cap.
757 1837 809 1882 ant.
829 1831 889 1882 fasc.
910 1831 934 1884 6,
954 1846 991 1882 nr.
1012 1842 1053 1896 25.

983 2060 1047 2128 80.

493 2151 575 2200 Anno
599 2162 673 2214 1434.

455 2277 589 2354 lnjun'ae
610 2295 630 2333 a
653 2277 776 2351 capimlo
798 2277 914 2350 ragrab.
938 2276 1045 2334 cibibus
1074 2272 1264 2335 Grecensibus
1286 2276 1398 2348 illatae,
1420 2277 1595 2352 rescmnmr.

490 2421 576 2494 item,
592 2423 624 2480 in
639 2436 719 2480 anno
735 2420 853 2480 domini
870 2421 1040 2480 millesimo
1057 2420 1252 2479 CCCCXXX
1267 2425 1388 2496 quarto,
1413 2426 1553 2496 tempore
1573 2420 1652 2480 iudi·

385 2531 472 2586 catus
490 2528 548 2586 viri
571 2527 697 2602 providi
720 2531 750 2586 et
772 2528 990 2602 circumspecti
1004 2527 1162 2612 Johannis,
1192 2526 1252 2585 filii
1274 2527 1361 2600 Pero,
1383 2523 1580 2586 ‘honorabilis
1603 2527 1653 2586 vir

387 2632 532 2692 dominus
555 2633 664 2692 Petrus
686 2633 920 2693 archidiaconus
943 2633 1118 2692 dubicensis
1143 2650 1181 2692 er
1204 2634 1282 2692 scitu
1305 2639 1336 2690 et
1358 2633 1520 2692 voluntate
1551 2634 1649 2692 tocius

385 2740 515 2813 capituli
537 2740 664 2799 ecclesie
679 2740 896 2814 zagrabiensis,
913 2740 1082 2814 quemdam
1105 2741 1207 2798 civem
1223 2740 1356 2798 civitatis
1374 2739 1501 2814 prefate,
1525 2741 1650 2798 nomine

383 2845 557 2928 Johannem
579 2847 698 2916 Plusar‚
721 2847 840 2920 absque
875 2848 960 2905 omni
989 2846 1083 2920 culpa
1114 2861 1169 2904 sua
1199 2846 1379 2905 crudelibus
1410 2852 1440 2905 et
1470 2847 1650 2905 enormibus

382 2951 549 3012 vulnerum
573 2953 675 3027 plagis
698 2953 858 3026 affecisset,
882 2955 987 3027 ipsum
1003 2954 1191 3012 semivivum
1206 2953 1431 3028 relinquendo;
1447 2955 1502 3028 qui
1523 2951 1650 3012 taudem

383 3063 453 3132 post
477 3060 642 3134 paululum
666 3061 816 3135 temporis
840 3077 878 3118 ex
901 3060 1010 3118 eadem
1034 3061 1217 3135 plagacione
1240 3061 1407 3119 vulnerum
1431 3061 1529 3119 vitam
1563 3075 1652 3119 suam

383 3162 486 3224 finivit
516 3167 730 3240 temporalem.
761 3167 828 3225 Lite
864 3171 967 3225 tamen
1006 3169 1085 3225 inter
1120 3169 1203 3226 cives
1232 3167 1389 3242 predictos
1417 3173 1447 3227 et
1480 3167 1652 3243 capitulum

385 3273 545 3349 pendente.

490 3380 576 3450 item,
600 3377 710 3436 eodem
733 3394 813 3449 anno
837 3385 867 3438 et
890 3379 1035 3450 iudicatu,
1065 3378 1215 3438 discretus
1250 3382 1299 3438 vir
1330 3379 1474 3438 dominus
1503 3379 1649 3439 Nicolaus

383 3484 615 3560 prebendarius,
639 3485 819 3559 capellanus
843 3486 1035 3544 honorabilis
1058 3488 1119 3544 viri
1143 3485 1261 3545 domini
1290 3487 1401 3569 Jacobi
1431 3486 1469 3546 de
1495 3486 1647 3546 Zerdahel

384 3592 521 3651 canonici
544 3591 672 3649 ecclesie
694 3593 901 3666 zagrabiensis
924 3597 1093 3666 prenotate,
1125 3609 1163 3651 ex
1186 3595 1263 3652 scitu
1287 3599 1317 3652 et
1339 3593 1500 3652 voluntate
1535 3592 1650 3668 prefati

382 3697 501 3756 domini
522 3697 632 3781 Jacobi
654 3712 691 3755 ac
713 3699 809 3771 ipsius
833 3699 931 3756 tocius
953 3699 1091 3772 capituli,
1118 3685 1286 3773 quemdam
1313 3701 1414 3758 civem
1430 3701 1563 3758 civitatis
1579 3717 1649 3774 pre·

383 3803 472 3874 dicte,
507 3805 631 3861 nomine
665 3805 843 3876 Martinum,
877 3809 1024 3876 sutorem,
1058 3807 1091 3863 in
1122 3808 1277 3864 territorio
1312 3807 1442 3882 capituli
1476 3812 1647 3880 repertum,

382 3911 501 3984 absque
524 3911 609 3968 omni
632 3911 725 3984 eulpa
740 3925 796 3968 sua
812 3910 878 3969 dire
902 3918 931 3969 et
947 3911 1114 3970 crudeliter
1133 3914 1311 3972 verberavit
1335 3919 1365 3971 ei
1389 3913 1531 3988 plagavit
1546 3929 1643 3987 usque

381 4016 420 4076 ad
444 4018 600 4090 sanguinis
631 4017 822 4090 effusionem,
853 4020 996 4092 potencia
1030 4018 1193 4078 mediante.
1226 4021 1292 4078 Lite
1324 4026 1427 4078 tamen
1463 4021 1541 4078 inter
1565 4021 1648 4079 cives

382 4128 412 4180 et
434 4123 607 4195 capitulum
630 4122 789 4198 pendente.

487 4229 574 4302 Item,
597 4231 630 4288 in
652 4243 733 4287 anno
756 4229 873 4288 domini
905 4232 1074 4290 millesimo
1097 4231 1290 4290 CCCCXXX
1314 4238 1433 4306 quarto,
1457 4247 1538 4290 nunc
1572 4247 1644 4306 pro·

382 4338 466 4394 xime
488 4336 604 4410 elapsa,
629 4341 770 4410 ternpore
792 4337 946 4395 iudicatus
974 4338 1085 4414 Judicis
1114 4339 1270 4424 Johannis,
1301 4339 1360 4398 filii
1391 4339 1477 4411 Pero,
1510 4340 1650 4398 homines

381 4447 411 4501 et
434 4442 604 4501 familiares
627 4442 745 4502 domini
761 4442 904 4518 Gregorii
919 4445 1055 4503 custodis
1078 4451 1108 4504 et
1124 4448 1262 4505 canonici
1282 4447 1409 4504 ecclesie
1429 4447 1645 4519 zagrabiensis,

382 4551 463 4608 circa
486 4549 599 4608 festum
623 4551 720 4608 sancti
743 4552 902 4609 Michaelis
918 4553 1096 4624 archangeli
1113 4569 1184 4610 curn
1200 4554 1270 4610 aliis
1286 4552 1495 4610 familiaribus
1511 4552 1646 4611 aliorum

380 4655 580 4714 dominorum
604 4657 734 4731 capituli
756 4659 918 4731 prenotati,
943 4660 1027 4717 clara
1043 4658 1105 4718 diei
1122 4661 1198 4732 luce,
1215 4659 1367 4733 quosdam
1383 4663 1484 4718 certos
1507 4660 1648 4718 concives

379 4769 409 4820 et
432 4762 660 4822 cohabitatores
683 4769 813 4836 nostros,
836 4765 996 4823 videlicet:
1021 4765 1219 4824 Benedictum
1249 4765 1416 4839 Dudinych
1453 4781 1524 4824 cum
1555 4767 1647 4825 certis

379 4869 469 4926 sociis
492 4870 555 4926 suis
579 4869 609 4926 in
633 4883 744 4942 campo
767 4875 796 4926 et
820 4871 976 4929 territorio
999 4873 1130 4930 civitatis
1153 4874 1184 4930 in
1208 4873 1329 4946 pascuis
1352 4871 1490 4930 eiusdem
1516 4873 1648 4930 civitatis

379 4975 597 5032 communibus
621 4981 769 5049 repertos,
794 4977 912 5050 absque
935 4979 1019 5035 omni
1044 4977 1136 5052 culpa
1160 4993 1278 5050 eorum,
1310 4977 1385 5036 diris
1417 4979 1584 5036 verberum
1618 4984 1648 5036 et
