3930 5802
769 499 841 556 Doc.
867 495 1027 574 126.127.
1053 527 1092 542 -
1118 499 1173 559 An.
1198 511 1288 574 1439·

982 709 1064 775 126.

499 855 579 904 Auno
601 867 675 917 1439,
696 865 737 917 27.
755 853 838 918 Junii.
858 851 1005 916 Zagrabiae.

386 966 553 1044 johannes,
581 964 697 1023 cisterc.
719 962 950 1038 sagrabiensium
973 962 1071 1029 abbas,
1093 963 1290 1020 cmnmunitati
1310 962 1438 1021 civitatis
1459 963 1562 1020 montis
1584 959 1658 1021 Gre-

607 1070 699 1132 censis
721 1071 871 1146 exemplar
891 1070 1055 1144 diplomatis
1077 1068 1261 1144 Sigismundi
1280 1070 1358 1144 regis
1379 1069 1443 1127 edit.

498 1214 562 1272 Nos
586 1214 683 1274 irater
706 1215 863 1297 Johannes
886 1215 986 1271 abbas
1008 1215 1188 1272 monasterii
1210 1215 1301 1272 beate
1331 1214 1428 1271 Marie
1459 1213 1589 1286 virginis
1620 1211 1659 1269 de

392 1320 553 1394 Zagrabia‚
576 1320 693 1378 ordinis
715 1320 850 1378 fratrum
873 1319 1143 1392 Cyctercieusium.
1165 1318 1384 1393 significamus
1407 1324 1513 1376 tenore
1535 1333 1659 1392 presen-

393 1428 476 1485 cium
508 1428 622 1500 quibus
645 1426 772 1501 expedit
794 1427 954 1484 universis.
979 1425 1070 1499 Quod
1093 1427 1144 1484 vir
1163 1425 1315 1500 providus
1338 1432 1369 1483 et
1398 1427 1543 1482 honestus
1578 1423 1659 1482 Bric-

391 1533 466 1604 cius,
489 1532 574 1590 filius
597 1532 761 1606 Benedicti,
786 1531 911 1606 pridem
925 1531 1029 1604 iudex,
1045 1533 1184 1606 civisque
1207 1533 1343 1590 civitatis
1359 1532 1473 1589 montis
1496 1529 1659 1589 Grecensis

392 1639 431 1697 de
452 1640 538 1698 iuxta
561 1638 754 1712 Zagrabiam
777 1655 836 1713 pro
859 1655 892 1696 se
914 1645 944 1697 et
966 1654 1025 1712 pro
1047 1637 1149 1715 judice
1172 1653 1207 1696 ac
1230 1636 1348 1715 juratis,
1364 1652 1482 1697 necnon
1503 1636 1657 1695 universis

393 1746 516 1803 civibus
538 1760 574 1802 ac
597 1759 655 1820 pro
676 1751 740 1804 tota
764 1746 987 1803 communitate
1009 1745 1125 1803 civium
1149 1744 1289 1802 eiusdem
1304 1745 1439 1803 civitatis
1454 1743 1494 1800 ad
1516 1749 1657 1800 nostram

393 1851 585 1925 presenciam
606 1851 741 1922 veniens,
765 1851 906 1908 exhibuit
928 1850 1018 1908 nobis
1041 1850 1195 1924 quasdam
1218 1851 1337 1908 litteras
1360 1855 1502 1924 patentes
1525 1849 1658 1907 condam

392 1955 645 2014 excellentissimi
668 1957 818 2030 principis
840 1955 959 2014 domini
981 1954 1182 2028 sigismundi,
1212 1956 1263 2014 dei
1285 1957 1388 2028 gracia
1423 1956 1502 2013 olim
1545 1955 1659 2012 Roma·

392 2077 505 2120 norum
528 2061 737 2136 imperatoris,
760 2077 885 2136 semper
908 2062 1040 2133 augusti,
1065 2076 1101 2118 ac
1124 2062 1291 2135 Hungarie‚
1317 2061 1471 2132 Bohemie‚
1488 2061 1658 2134 Dalmacie,

393 2167 523 2228 Croacie
547 2174 603 2226 etc.
626 2168 716 2240 regis,
740 2167 818 2225 olim
852 2168 950 2225 nostri
972 2173 1003 2226 et
1025 2159 1165 2243 ipsorum
1182 2167 1302 2226 domini
1316 2168 1467 2226 naturalis
1483 2167 1659 2241 plurimum

394 2273 555 2331 metuendi
577 2277 608 2330 et
622 2274 772 2346 generosi,
788 2273 888 2331 felicis
904 2274 1143 2345 reminiscencie,
1160 2274 1266 2347 sigillo
1288 2274 1386 2347 ipsius
1409 2289 1463 2330 sue
1486 2273 1659 2330 serenitatis

392 2381 424 2440 in
454 2377 595 2436 inferiori
617 2380 756 2452 margine
778 2380 982 2452 consignatas,
1004 2387 1112 2454 petens
1134 2394 1191 2437 nos
1214 2379 1320 2437 debita
1352 2394 1423 2436 cum
1446 2380 1604 2452 instancia,
1624 2383 1658 2436 ut

394 2491 533 2544 tenorem
570 2484 753 2542 earumdem
786 2486 885 2559 ipsius
918 2485 1051 2544 condam
1085 2486 1205 2544 domini
1238 2486 1336 2544 nostri
1369 2485 1451 2558 regis
1474 2485 1658 2556 litterarum,

394 2592 589 2666 presentibus
612 2591 723 2650 litteris
753 2593 867 2652 nostris
899 2593 1077 2667 patentibus
1111 2593 1205 2652 inseri
1234 2598 1265 2649 et
1287 2591 1392 2664 sigillo
1426 2598 1532 2650 nostro
1565 2592 1659 2650 solito

394 2698 568 2770 consignari
590 2696 735 2755 facientes
758 2697 860 2756 eidem
882 2699 924 2756 ob
955 2699 1085 2758 tutelam
1116 2700 1256 2773 ipsarum
1292 2698 1469 2756 litterarum
1502 2698 1657 2770 regalium

393 2804 572 2862 uberiorem
607 2803 682 2862 dare
716 2803 925 2878 dignaremur.
957 2804 1228 2880 Quarumquidem
1262 2805 1437 2864 litterarum
1473 2811 1563 2863 tenor
1586 2805 1658 2862 talis

394 2915 458 2968 est:
482 2903 566 2988 (vide
587 2909 664 2969 Doc.
689 2909 741 2986 98.
765 2909 804 2968 de
826 2925 906 2968 anno
933 2911 1024 2986 1436.
1048 2912 1097 2970 die
1123 2927 1172 2988 14.
1198 2903 1351 2988 Augusti).
1375 2911 1438 2968 Nos
1460 2913 1564 2986 itaque
1582 2913 1659 2985 peti-

394 3015 535 3074 cionibus
558 3015 689 3089 predicti
723 3017 833 3075 Briccii
858 3016 978 3090 iudicis,
1000 3015 1088 3093 justis
1111 3023 1222 3092 utputa
1253 3023 1283 3076 et
1312 3017 1373 3076 iuri
1406 3018 1547 3075 consonis
1563 3033 1657 3076 annu·

394 3128 488 3190 entes,
511 3121 666 3196 predictas
689 3123 808 3180 litteras
823 3123 922 3198 ipsius
945 3123 1064 3182 domini
1080 3123 1272 3197 Sigismundi
1294 3124 1376 3196 regis
1399 3137 1489 3180 veras
1512 3129 1542 3180 et
1575 3123 1659 3182 omni

394 3243 524 3302 prorsus
544 3229 719 3302 suspicione
741 3235 886 3301 carentes,
910 3231 1106 3304 presentibus
1129 3231 1241 3288 litteris
1263 3230 1377 3286 nostris
1411 3230 1589 3302 patentibus
1620 3227 1659 3286 de

393 3335 493 3392 verbo
515 3335 556 3392 ad
579 3335 713 3392 verbum
736 3336 802 3394 sinc
824 3335 1032 3396 diminucione
1055 3343 1085 3394 et
1107 3335 1319 3394 additamento
1351 3335 1482 3408 aliquali
1512 3335 1606 3393 inseri
1629 3339 1659 3392 et

394 3439 492 3514 sigilli
515 3442 614 3499 nostri
630 3441 715 3500 soliti
738 3443 928 3516 inpressione
944 3444 1118 3515 consignari
1133 3441 1287 3514 facientes,
1304 3439 1405 3500 eidem
1421 3441 1542 3500 Briccio
1564 3439 1658 3516 judici

360 3603 364 3610 ,
395 3553 425 3604 et
447 3548 526 3620 aliis,
549 3547 665 3620 quibus
687 3563 791 3622 supra,
814 3549 856 3605 ob
892 3549 1077 3621 premissam
1111 3549 1267 3606 racionem
1302 3553 1332 3604 et
1354 3547 1486 3605 tutelam
1519 3548 1660 3621 ipsorum

398 3652 545 3711 duximus
567 3652 789 3712 concedendas.
813 3654 929 3712 Datum
952 3656 983 3712 in
1006 3654 1085 3712 sesto
1106 3655 1189 3713 beati
1213 3654 1350 3712 Ladislai
1381 3655 1463 3728 regis
1484 3659 1514 3712 et
1541 3653 1659 3712 conses-

394 3759 483 3818 soris.
508 3758 658 3832 Zagrabie
682 3763 851 3833 prenotata.
876 3761 965 3818 Anno
996 3761 1115 3820 domini
1148 3762 1318 3820 millesimo
1350 3761 1657 3834 quadringentesimo

398 3865 553 3922 tricesimo
576 3881 666 3924 nono,

500 4000 634 4064 Originale
652 4001 680 4050 in
696 4001 791 4062 charta,
811 4003 838 4052 in
857 4003 972 4054 inferiori
991 4005 1105 4068 margine
1123 4005 1277 4070 impressum
1295 4011 1334 4053 est
1353 4003 1476 4068 sigillum.
1495 4005 1528 4052 ln
1546 4003 1661 4054 archivio

394 4088 441 4139 lib.
461 4105 514 4154 reg.
533 4090 581 4142 civ.
601 4091 700 4154 zagrab.

991 4265 1066 4338 127.

503 4389 583 4438 Anno
606 4402 680 4453 1439,
701 4391 929 4456 3.Jn1ii.13udae.

395 4495 539 4567 Albcrtits,
561 4498 738 4572 Hungarr'ac
759 4507 807 4558 etc.
831 4520 894 4570 rex,
917 4503 1042 4574 capinclo
1072 4503 1211 4560 lasmensi
1237 4503 1365 4574 mandat,
1400 4513 1434 4561 ut
1463 4505 1661 4564 communiisti

394 4605 520 4662 civitatis
541 4606 644 4663 monri's
662 4604 822 4684 Cretensis,
845 4627 919 4682 quoe
942 4609 973 4667 in
996 4610 1072 4682 regis
1087 4610 1232 4684 judiciam
1266 4629 1323 4667 non
1353 4611 1439 4683 venit,
1471 4611 1544 4670 diem
1575 4612 1661 4670 dicat.

502 4749 651 4809 Albertus
675 4751 725 4810 dei
748 4755 853 4825 gracia
875 4755 1088 4814 Romanorum
1110 4772 1174 4828 rex,
1196 4773 1320 4830 semper
1342 4761 1499 4830 augustus,
1524 4771 1559 4816 ac
1574 4758 1662 4816 Hun-

396 4857 492 4930 garie‚
516 4856 670 4930 Bohemie‚
701 4858 871 4932 Dalmacie,
895 4861 1023 4919 Croacie
1046 4867 1102 4920 etc.
1125 4879 1182 4920 rex
1205 4868 1235 4921 et
1257 4862 1321 4921 dux
1346 4865 1470 4922 Austrie
1493 4869 1548 4922 etc.
1572 4863 1662 4922 Fide·

396 4963 480 5020 libus
503 4964 616 5021 nostris
639 4965 778 5039 capitulo
806 4967 934 5024 ecclesie
966 4968 1155 5027 chasmensis
1178 4969 1311 5028 salutem
1335 4975 1365 5027 ct
1388 4971 1536 5044 graciam.
1560 4969 1664 5029 Nove·
