3804 5858
646 528 719 586 Doc.
737 522 815 604 358.
840 559 882 572 ·-
907 527 963 587 An.
988 540 1077 604 1491.
1415 541 1477 603 4⁷9

212 745 404 819 degencium,
427 745 552 802 nomine
576 748 607 802 et
621 745 653 803 in
670 757 803 818 persona
818 747 988 801 conventus
1005 742 1187 802 eorumdem
1203 743 1336 800 fratrum
1351 742 1480 800 claustri

211 851 349 910 eiusdem
371 856 511 910 nostram
534 849 739 926 personaliter
760 849 887 908 veniens
920 848 952 906 in
969 849 1168 922 presenciam,
1194 847 1335 907 exhibuit
1352 853 1382 906 et
1409 862 1478 922 pre·

211 958 344 1016 sentavit
373 957 464 1015 nobis
498 955 650 1030 quasdam
682 956 801 1014 litteras
830 953 993 1030 judiciales
1024 954 1183 1029 magnifici
1216 953 1336 1013 domini
1363 953 1479 1012 Mathie

211 1063 315 1123 Gereb
338 1063 376 1121 de
399 1063 561 1136 Vingarth,
585 1063 663 1121 alias
693 1077 861 1136 regnorum
894 1062 1065 1134 Dalmacie,
1094 1062 1222 1120 Croacie
1255 1066 1286 1120 et
1316 1058 1480 1118 Sclauonie

210 1170 293 1241 bani,
316 1170 429 1243 sigillis
451 1169 648 1242 egregiorum
671 1167 755 1226 Petri
777 1166 922 1239 Bochlray
954 1167 993 1225 de
1023 1167 1326 1240 Razynakerezthwr
1358 1171 1390 1225 et
1422 1166 1480 1224 Mi·

211 1276 327 1335 chaelis
350 1275 474 1358 Kerhen
498 1275 536 1334 de
560 1275 751 1347 Belosowch,
776 1289 835 1348 pro
858 1279 931 1331 tunc
954 1264 1178 1332 vicebanornm
1209 1288 1338 1332 suorum
1369 1279 1399 1331 et
1429 1287 1479 1330 co·

211 1382 324 1440 mitum
342 1381 544 1454 crisiensium,
568 1381 681 1453 clause,
703 1385 739 1438 ut
761 1380 865 1455 prima
887 1377 965 1437 facie
997 1380 1170 1454 apparebat
1203 1379 1405 1452 consignatas,
1436 1385 1479 1437 te·

211 1488 297 1545 noris
333 1485 532 1560 infrascripti,
560 1492 668 1560 petens
698 1500 755 1544 nos
785 1484 890 1542 dehita
921 1499 992 1542 cum
1023 1485 1181 1556 instancia,
1214 1490 1248 1542 ut
1271 1484 1397 1543 easdem
1420 1501 1478 1560 pro

212 1592 302 1650 dictis
326 1591 474 1650 fratribus
497 1596 528 1650 et
550 1597 709 1668 conventu,
735 1591 847 1650 litteris
877 1590 992 1649 nostris
1023 1591 1199 1665 patentibus
1230 1593 1416 1650 transummi
1448 1596 1481 1649 et

210 1698 375 1757 transcribi
398 1696 548 1770 faciendo,
572 1698 631 1755 sub
654 1697 760 1770 sigillo
782 1701 889 1756 nostro
920 1701 1058 1754 tenorem
1082 1709 1135 1754 seu
1159 1701 1405 1772 transsumptum
1429 1713 1479 1756 ea·

211 1803 356 1862 rumdem
379 1803 496 1862 eisdem
519 1803 670 1862 fratribus
692 1809 723 1862 et
745 1803 911 1862 conventui
927 1801 1002 1860 dare
1024 1807 1055 1860 et
1077 1803 1244 1861 concedere
1279 1804 1479 1878 dignaremur

209 1907 286 1985 juris
309 1910 451 1983 ipsorum
484 1909 524 1967 ad
553 1910 733 1969 uberiorem
768 1909 933 1968 cautelam.
971 1909 1114 1983 Quarum
1145 1916 1234 1968 tenor
1256 1909 1295 1969 de
1318 1911 1416 1969 verbo
1440 1910 1479 1969 ad

210 2017 343 2073 verbum
382 2016 523 2089 sequitur
556 2021 584 2074 et
621 2021 666 2074 est
705 2017 793 2074 talis:
828 2009 913 2095 (vide
953 2017 1027 2076 Doc.
1061 2031 1132 2094 347.
1173 2032 1253 2076 anno
1297 2017 1388 2094 1488.
1428 2017 1480 2077 die

214 2137 239 2179 1.
262 2113 432 2199 februarii).
465 2121 530 2180 Nos
565 2123 671 2197 itaque
705 2122 912 2196 peticionibus
943 2125 1151 2198 prenominati
1181 2123 1287 2184 fratris
1318 2123 1479 2184 Michaelis
1534 2174 1537 2180 ,

214 2227 329 2300 prioris
359 2227 450 2286 nobis
480 2243 539 2302 per
569 2243 650 2300 eum,
682 2227 776 2286 modo
807 2243 870 2302 quo
900 2245 1003 2304 snpra,
1035 2232 1187 2304 porrectis
1210 2236 1386 2304 annuentes,
1409 2247 1479 2306 pre·

213 2334 324 2392 missas
347 2333 468 2392 litteras
491 2333 566 2393 dicti
588 2334 707 2393 domini
728 2335 843 2393 Mathie
865 2335 943 2394 alias
965 2337 1039 2394 bani
1069 2336 1108 2394 de
1142 2337 1241 2395 verbo
1274 2337 1316 2395 ad
1346 2338 1477 2396 verbum

213 2441 279 2499 sine
302 2440 509 2500 diminucione
532 2447 572 2520 et·
585 2448 752 2515 augmento
774 2442 906 2517 aliquali
927 2443 1123 2516 presentibus
1153 2443 1266 2502 litteris
1289 2444 1402 2502 nostris
1425 2458 1479 2518 pa·

214 2547 349 2605 tentibus
384 2551 611 2622 transsumptas
642 2553 672 2606 et
704 2549 914 2622 transcriptas,
948 2549 1118 2623 sigilloque
1147 2555 1254 2607 nostro
1276 2549 1478 2622 consignatas,

213 2653 362 2727 predictis
384 2653 534 2712 tratribus
556 2659 585 2712 et
608 2654 771 2713 conventui
794 2655 921 2713 claustri
943 2656 1038 2713 sancti
1064 2655 1186 2714 Nicolai
1210 2656 1347 2731 episcopi
1370 2671 1478 2730 supra·

214 2758 297 2831 dicti,
320 2759 361 2816 ad
390 2759 570 2818 uberiorem
604 2757 681 2835 juris
711 2760 853 2834 ipsorum
887 2761 1041 2818 cautelam
1078 2761 1224 2819 duximus
1260 2761 1478 2820 concedendas.

212 2865 329 2922 Datum
353 2865 429 2923 feria
453 2866 548 2924 tercia
569 2867 715 2940 proxima
738 2871 808 2924 ante
832 2865 944 2924 festum
969 2868 1052 2926 beati
1093 2866 1239 2941 Gregorii
1261 2881 1353 2941 pape.
1389 2869 1480 2926 Anno

213 2970 332 3030 domini
354 2971 525 3030 millesimo
548 2970 854 3045 quadringentesimo
876 2974 1078 3045 nonagesimo
1103 2974 1215 3047 primu.

319 3094 453 3173 Originale
471 3109 499 3158 in
519 3109 615 3161 charta.
635 3111 668 3158 In
686 3110 801 3174 margine
819 3109 935 3158 inferiori
947 3109 1101 3174 impressum
1113 3116 1153 3159 est
1169 3109 1292 3174 sigillum.
1312 3111 1345 3159 In
1363 3107 1479 3159 archivio

213 3197 258 3249 lib.
278 3213 324 3261 reg
351 3197 421 3249 civit.
442 3198 542 3262 zagrab.

806 3409 890 3476 358.

318 3551 400 3600 Anno
421 3561 496 3613 1491,
516 3550 557 3603 28.
577 3550 670 3600 martii.
690 3551 837 3615 Zagrabiae.

218 3675 322 3734 Coram
344 3677 470 3734 civitatr's
492 3676 633 3750 deputatu
655 3676 803 3735 dimidium
833 3677 932 3752 opium
955 3697 976 3738 a
1000 3679 1136 3738 Martiae
1167 3679 1275 3754 Kunic‘,
1298 3681 1368 3760 cive,
1390 3681 1480 3740 Eliac

722 3783 825 3859 fratri
840 3785 958 3847 ceditur.

318 3928 382 3986 Nos
404 3929 549 4012 Jacobus,
572 3928 657 3988 iilius
681 3929 788 4001 Vlriei,
810 3926 915 4006 judex,
939 3929 1130 4004 Valentinus,
1146 3931 1312 4004 Fabianus,
1335 3930 1478 4002 Michael,

212 4035 397 4108 Anthonius,
421 4035 612 4108 Valentinus,
635 4034 814 4109 Bolfangus,
836 4036 920 4094 Elias
942 4042 972 4095 et
995 4037 1179 4095 Benedictus
1193 4034 1296 4112 jurati,
1312 4036 1480 4095 consiliarii

213 4148 244 4200 et
265 4141 403 4199 universi
427 4142 510 4200 cives
534 4142 667 4200 civitatis
690 4142 805 4200 montis
836 4140 1007 4201 Grecensis.
1039 4143 1191 4200 Memorie
1222 4142 1479 4200 commendamus

213 4253 319 4306 tenore
342 4248 537 4322 presencium
561 4247 778 4322 significantes,
802 4248 916 4321 quibus
947 4247 1074 4321 expedit
1105 4248 1266 4320 universis,
1302 4248 1387 4322 quod
1418 4249 1478 4306 viri

213 4353 338 4428 providi
361 4359 391 4412 et
414 4353 534 4412 honesti
557 4355 708 4412 Martinus
730 4359 839 4427 sartor,
862 4355 964 4413 senior
985 4352 1106 4429 juratus
1129 4360 1159 4412 et
1175 4355 1311 4412 concivis
1326 4358 1432 4412 noster
1448 4359 1478 4412 et

213 4459 307 4532 Elyas
331 4459 478 4532 agricola,
501 4459 558 4518 filii
583 4459 735 4518 Benkonis
758 4460 901 4532 Kwnych
924 4459 998 4518 dicti
1022 4460 1060 4520 de
1084 4458 1235 4530 Klolroch
1267 4459 1307 4518 ad
1339 4466 1479 4518 nostram

213 4566 419 4639 personaliter
441 4565 600 4624 venientes
625 4567 816 4638 presenciam
841 4565 973 4624 confessi
996 4573 1067 4624 sunt
1089 4567 1121 4625 in
1136 4567 1218 4624 hunc
1234 4565 1379 4624 modum:
1403 4581 1480 4638 quo·

213 4670 308 4728 modo
342 4671 409 4745 ipse
445 4672 595 4730 Martinus
630 4677 753 4729 matura
784 4672 870 4746 prius
898 4672 978 4729 intra
1001 4688 1034 4728 se
1057 4669 1286 4730 deliberacione
1310 4672 1476 4746 prehabito

213 4779 304 4834 certis
326 4778 425 4836 eciam
448 4778 512 4835 suis
534 4793 573 4835 ex
596 4778 695 4835 causis
711 4782 741 4835 et
757 4777 934 4835 racionibus
950 4777 1082 4835 eundem
1099 4777 1304 4849 moventibus,
1323 4777 1479 4852 prefatum

213 4884 314 4942 Eliam
337 4884 517 4956 agricolam,
541 4883 731 4958 fratremque
755 4899 845 4942 suum
868 4885 1032 4955 uterinum,
1057 4883 1095 4941 ad
1121 4884 1250 4942 totalem
1281 4883 1478 4942 medietatem

213 4991 430 5050 universarum
453 4992 684 5066 possessionum
708 5006 835 5050 suarum
860 4990 891 5047 in
915 4989 997 5048 dicta
1021 4992 1146 5050 civitate
1170 4997 1199 5049 et
1231 4992 1296 5048 eius
1321 4990 1479 5048 territorio
