3804 5858
362 512 425 572 490
779 495 852 552 Doc.
870 491 948 571 369.
976 529 1013 538 -
1039 495 1095 553 An.
1119 510 1209 574 1493.

359 731 543 798 nostrarum,
568 727 682 800 quibus
714 731 866 785 secretum
901 728 1042 801 sigillum
1065 735 1215 801 nostrum,
1243 746 1305 804 quo
1329 736 1363 788 ut
1386 748 1442 790 rex
1465 733 1624 806 Hungarie

360 834 484 904 utimur,
508 839 553 890 est
570 849 752 908 appensum,
770 835 875 907 vigore
891 841 921 892 et
937 835 1113 893 testimonio
1129 836 1304 895 litterarum
1322 837 1483 897 mediante.
1509 839 1626 898 Datum

359 956 416 1014 per
429 955 537 998 manus
553 939 715 998 reverendi
732 940 763 998 in
786 939 909 998 Christo
933 941 1030 1013 patris
1046 940 1164 999 domini
1179 943 1300 1000 Thome
1325 945 1464 1018 episcopi
1498 947 1628 1004 ecclesie

358 1043 519 1121 jauriensis
541 1061 577 1103 ac
600 1047 689 1104 electi
711 1047 868 1119 agriensis,
891 1048 1006 1104 summi
1029 1054 1059 1104 et
1081 1050 1237 1106 secretarii
1261 1049 1437 1107 cancellarii
1470 1057 1500 1108 et
1525 1051 1630 1109 fidelis

357 1152 455 1210 nostri
477 1151 590 1211 dilecti.
607 1152 691 1209 Bude
717 1153 867 1224 vigesima
889 1153 1022 1226 septima
1042 1153 1092 1211 die
1113 1152 1253 1228 januarii.
1277 1157 1367 1213 Anno
1390 1155 1508 1214 domini
1526 1158 1630 1215 mille·

359 1258 439 1314 simo
468 1257 770 1330 quadringentesimo
787 1259 987 1331 nonagesimo
1010 1261 1112 1319 tercio.
1136 1261 1314 1334 Regnorum
1338 1269 1516 1321 nostrorum
1540 1265 1627 1321 Hun-

360 1363 446 1434 garie
470 1369 524 1422 etc.
548 1377 628 1420 anno
645 1364 747 1435 tercio,
764 1364 910 1422 Bohemie
935 1380 1009 1423 vero
1032 1366 1184 1438 vigesimo
1207 1367 1350 1425 secundo.

464 1517 597 1580 Originale
623 1519 651 1566 in
676 1519 829 1568 membrana.
859 1521 886 1568 A
914 1536 977 1569 aona
996 1521 1091 1569 sericea
1115 1521 1168 1570 albi
1187 1531 1211 1570 et
1238 1522 1345 1571 violacei
1365 1523 1459 1572 coloris
1488 1524 1627 1588 appendet·

357 1606 482 1669 sigillum.
503 1608 535 1656 ln
554 1607 649 1659 archiv.
669 1607 714 1658 lib.
735 1624 786 1671 reg.
807 1609 875 1660 civit.
900 1608 1081 1672 aagrabiensis.

954 1841 1041 1906 369.

461 1941 542 1990 Anno
564 1954 638 2004 1493,
658 1942 682 1994 6.
700 1943 816 2006 januarii.
842 1945 939 1996 Budae.

363 2049 568 2108 Coomtunitote
589 2051 714 2108 civitatis
743 2061 863 2126 rogante
903 2054 1080 2124 Vlodisluus,
1102 2057 1280 2129 Hungarioe
1301 2063 1349 2115 etc,
1386 2074 1449 2124 rex,
1471 2056 1617 2114 libertates

612 2177 631 2214 o
653 2159 839 2216 decessoribus
861 2161 1058 2217 communitati
1077 2162 1170 2234 dotas,
1195 2162 1362 2235 comprobat.

1061 2311 1215 2358 commissio
1235 2311 1337 2373 propria
1357 2309 1454 2358 domini
1475 2311 1548 2372 regis.

460 2437 651 2498 Wladislaus
682 2439 730 2498 dei
765 2440 868 2513 gracia
892 2456 946 2496 rex
970 2439 1128 2511 Hungarie
1152 2444 1181 2496 et
1206 2439 1351 2496 Bohemie
1374 2447 1431 2496 etc.
1456 2437 1616 2496 Fidelibus

357 2543 471 2600 nostris
507 2545 658 2603 universis
690 2551 719 2604 et
742 2546 871 2618 singulis
905 2546 1065 2603 nobilibus
1097 2551 1127 2603 et
1150 2545 1278 2602 alterius
1308 2545 1442 2602 cuiusvis
1472 2549 1569 2601 status
1592 2549 1623 2601 et

354 2648 540 2708 condicionis
564 2651 751 2722 hominibus,
774 2652 878 2708 ubivis
902 2667 958 2724 per
982 2666 1075 2724 regna
1093 2656 1197 2708 nostra
1220 2650 1387 2722 Hungarie,
1411 2647 1577 2706 Sclauonie
1591 2653 1622 2705 et

355 2754 482 2813 Croacie
506 2756 620 2813 tributa
645 2757 838 2827 habentibus,
862 2758 1036 2814 tenentibus
1068 2772 1121 2815 seu
1144 2756 1337 2828 exigentibus
1360 2760 1516 2828 presentes
1540 2755 1622 2810 visu·

352 2863 403 2932 ris,
420 2862 552 2919 salutern
574 2870 603 2919 et
626 2865 772 2935 graciam.
797 2863 877 2920 Cum
900 2863 1009 2920 fideles
1039 2863 1136 2920 nostri
1160 2861 1326 2934 prudentes
1350 2866 1380 2917 et
1404 2861 1620 2934 circumspecti

353 2965 455 3042 judex,
478 2965 579 3042 jurati,
603 2969 757 3041 ceterique
781 2970 863 3026 cives
887 2975 916 3026 et
932 2967 1031 3025 incole
1047 2967 1179 3024 civitatis
1191 2977 1295 3024 nostre
1320 2967 1433 3024 montis
1457 2965 1619 3024 Grecensis

352 3073 479 3146 antiqua
503 3073 657 3132 libertatis
681 3076 821 3149 ipsorum
858 3074 1055 3148 prerogativa
1085 3073 1262 3146 requirente
1285 3073 1325 3130 ab
1349 3073 1434 3129 omni
1458 3071 1620 3130 tributaria

350 3180 506 3238 solucione
530 3180 663 3238 ubilibet
679 3196 734 3254 per
758 3181 912 3237 ambitum
940 3179 1095 3236 dictorum
1125 3194 1292 3251 regnorum
1316 3185 1494 3236 nostrorum
1517 3193 1619 3235 exem·

352 3286 399 3359 pti
432 3286 492 3343 sint
526 3291 555 3343 et
589 3287 763 3359 supportati
808 3285 988 3357 habeantur,
1023 3285 1217 3358 velimusque
1252 3285 1378 3342 eosdem
1412 3291 1442 3340 et
1477 3285 1618 3357 ipsorum

351 3391 524 3465 quemlibet
557 3392 674 3466 ubique
697 3407 752 3465 per
787 3393 853 3466 ipsa
886 3407 980 3465 regna
1003 3398 1115 3462 nostra,
1145 3397 1310 3465 partesque
1334 3389 1449 3448 eisdem
1484 3397 1513 3447 et
1535 3405 1621 3447 sacre

351 3513 464 3556 corone
497 3498 659 3570 subiectas,
697 3515 789 3572 penes
827 3498 1005 3556 huiusmodi
1038 3499 1179 3571 ipsorum
1213 3497 1372 3554 libertates
1395 3497 1521 3554 omnino
1537 3501 1620 3553 tutos

353 3619 419 3662 esse
442 3604 621 3678 liberosque
641 3611 671 3661 et
694 3620 826 3678 securos,
849 3603 993 3662 fidelitati
1017 3604 1111 3677 igitur
1134 3608 1235 3661 vestre
1275 3608 1306 3660 et
1329 3603 1456 3661 cuilibet
1481 3611 1619 3660 vestrum

352 3711 463 3768 harum
493 3711 571 3767 serie
601 3710 733 3768 firmiter
762 3710 967 3784 precipientes
997 3709 1190 3780 mandamus,
1215 3713 1365 3782 quatenus
1399 3707 1512 3766 amodo
1551 3723 1619 3780 pre·

351 3815 431 3874 fatos
452 3813 597 3891 judicem,
621 3817 712 3886 cives,
736 3817 852 3875 incolas
875 3824 905 3873 et
931 3821 1115 3874 mercatores
1139 3815 1218 3873 dicte
1242 3815 1375 3872 civitatis
1405 3819 1508 3872 nostre
1533 3827 1618 3871 mon·

350 3923 389 3979 tis
420 3921 581 3980 Grecensis
612 3921 650 3980 ad
685 3922 875 3980 solucionem
908 3921 1119 3995 predictorum
1143 3920 1331 3978 tributorum
1355 3935 1408 3976 seu
1432 3919 1618 3977 teloniorum

350 4034 526 4086 vestrorum
549 4033 654 4086 contra
678 4027 811 4086 formam
848 4029 996 4101 premisse
1020 4029 1159 4102 ipsorum
1184 4027 1335 4084 libertatis
1358 4033 1388 4084 et
1410 4027 1618 4100 exempcionis

350 4141 451 4192 artare
475 4139 505 4192 et
536 4134 733 4207 compellere,
757 4141 809 4191 aut
832 4149 884 4191 eos
909 4136 958 4191 vel
982 4135 1122 4207 ipsorum
1146 4133 1279 4191 alterum
1302 4139 1468 4206 propterea
1492 4133 1523 4189 in
1546 4148 1615 4204 per·

350 4241 440 4312 sonis,
465 4241 620 4313 rebusque
642 4247 695 4298 aut
718 4241 880 4314 quibusvis
897 4241 985 4299 bonis
1009 4239 1191 4298 eorumdem
1216 4239 1376 4312 impedire,
1402 4238 1529 4296 turbare
1566 4238 1615 4295 vel

350 4345 571 4420 quoquomodo
595 4345 816 4419 dampnificare
832 4361 986 4418 nusquam
1010 4352 1040 4403 et
1052 4360 1248 4419 nequaquam
1266 4345 1452 4418 presumatis
1476 4359 1532 4402 nec
1547 4345 1613 4402 sitis

350 4453 417 4510 ausi
450 4451 544 4509 modo
568 4452 706 4525 aliquali.
728 4451 883 4524 Quoniam
905 4452 1045 4524 alioquin
1075 4451 1288 4509 commisimus
1318 4449 1466 4508 fidelibus
1502 4450 1616 4508 nostris

350 4559 439 4616 banis
463 4558 515 4615 vel
537 4558 695 4615 vicebanis
718 4556 886 4615 eorundem
917 4571 1083 4629 regnorum
1107 4564 1284 4616 nostrorum
1308 4555 1470 4613 Sclauonie
1487 4562 1517 4613 et
1540 4556 1615 4614 Cro·

349 4667 423 4736 acie,
447 4665 620 4736 ceterisque
655 4665 821 4722 comitibus
856 4665 908 4721 vel
943 4664 1179 4722 vicecomitibus
1213 4669 1244 4720 et
1276 4659 1432 4738 judicibus
1461 4662 1615 4720 nobilium

350 4787 620 4846 quorumcumque
652 4772 854 4830 comitatuum
885 4770 1067 4829 eorumdem
1091 4777 1121 4829 et
1144 4771 1275 4845 predicti
1298 4770 1386 4842 regni
1409 4769 1505 4827 nostri
1530 4769 1615 4826 Hun-

348 4880 443 4952 garie,
466 4879 668 4953 parciumque
699 4877 759 4936 sibi
789 4878 1006 4951 subiectarum,
1029 4879 1060 4936 in
1084 4879 1198 4951 quibus
1220 4877 1337 4936 scilicet
1361 4877 1451 4933 huius
1475 4874 1613 4934 mandati

348 4985 447 5046 nostri
471 5000 526 5063 per
550 4985 731 5060 quempiam
754 5001 792 5042 ex
815 4985 906 5042 vobis
929 4985 1116 5043 contrarium
1141 4988 1341 5042 attentaretur
1366 4987 1396 5039 et
1421 4981 1614 5055 presentibus
