3804 5858
650 565 723 622 Doc.
742 577 817 641 343.
841 597 884 607 -
907 564 965 623 An.
989 561 1082 642 1487.

231 669 630 676 m—————-—
637 669 847 676 --...--.

818 809 907 875 343.

334 951 415 1000 Auno
438 953 512 1014 1487,
532 964 556 1014 7.
576 952 673 1016 aprilis.
695 953 805 1002 Romae.

233 1059 279 1117 nt
300 1061 463 1117 Innocentio
488 1059 570 1121 VIII.
588 1068 681 1136 papo,
699 1061 824 1134 capitulo
845 1061 961 1132 aograb.
969 1067 1136 1134 praecunte,
1151 1069 1324 1120 statutorum
1347 1066 1491 1139 cumgen-

539 1166 648 1242 dorrnn,
673 1163 933 1240 mutandornmque
945 1167 1078 1240 facultas
1100 1167 1195 1229 datur.

333 1309 530 1366 Innocencius
553 1310 718 1384 episcopus
741 1325 849 1368 servus
880 1324 1044 1369 servorum
1067 1308 1124 1369 dei.
1156 1311 1285 1370 Dilectis
1309 1312 1384 1372 filiis
1407 1317 1491 1392 capi·

228 1414 295 1472 tulo
318 1415 518 1488 zagrabiensi,
541 1416 673 1474 salutem
698 1423 727 1474 et
750 1415 955 1490 apostolicam
978 1416 1232 1476 benedictionem.
1263 1418 1325 1477 Piis
1348 1419 1492 1482 fidelium

228 1521 308 1578 votis
329 1538 367 1579 ex
391 1523 504 1595 quibus
527 1522 701 1580 animarum
725 1522 857 1579 salutem
874 1527 905 1580 et
920 1522 1181 1580 conscienciarum
1205 1523 1341 1596 quietem
1365 1527 1492 1600 prodire

228 1627 436 1701 conspicimus
459 1627 592 1686 libenter
615 1628 779 1686 annuimus
803 1635 897 1701 atque
928 1627 1089 1686 favoribus
1122 1630 1342 1703 prosequimur
1373 1647 1489 1708 oppor-

229 1734 320 1792 tunis.
344 1733 423 1793 Sane
446 1749 505 1808 pro
528 1739 617 1808 parte
640 1738 744 1792 vestra
767 1735 858 1792 nobis
881 1750 981 1808 nuper
1004 1735 1143 1793 exhibita
1167 1736 1280 1810 peticio
1303 1739 1488 1814 continebat,

228 1839 312 1912 quod
334 1841 361 1898 si
382 1845 495 1899 statuta
519 1840 646 1899 ecclesie
667 1845 769 1898 vestre
792 1841 999 1914 zagrabiensis
1023 1840 1155 1900 decursu
1177 1842 1240 1900 iam
1263 1844 1350 1902 annis
1367 1850 1490 1905 centum

228 1946 452 2019 quinquaginta
475 1947 526 2005 vei
550 1947 631 2004 circa
654 1946 737 2004 edita
760 1952 791 2005 et
814 1947 993 2021 compilata,
1017 1952 1130 2006 extunc
1147 1949 1348 2022 postmodum
1362 1952 1490 2012 minime

228 2051 391 2110 immutata
415 2068 451 2110 ac
475 2057 661 2126 temporum,
686 2068 900 2126 personarum,
924 2067 1092 2125 rerumque
1107 2053 1347 2128 condicionibus,
1364 2059 1490 2118 mutatis

228 2159 491 2232 oportunitatibus
514 2159 595 2217 dicte
618 2159 745 2217 ecclesie
769 2173 826 2232 pro
857 2173 969 2230 magna
998 2162 1086 2232 parte
1119 2159 1245 2218 minime
1272 2159 1489 2238 deserviencia,

228 2279 362 2338 quorum
386 2265 491 2339 aliqua
513 2265 543 2336 ii,
568 2265 675 2339 quiin
699 2264 808 2323 eadem
831 2263 960 2322 ecclesia
983 2263 1123 2322 obtinent
1146 2281 1204 2338 pro
1226 2272 1368 2342 tempore
1391 2269 1490 2342 digni·

228 2377 312 2442 tates,
336 2373 531 2430 canonicatus
554 2377 584 2430 et
607 2371 781 2445 prebendas
804 2371 972 2429 observare
995 2371 1159 2429 commode
1181 2378 1346 2446 nequeunt,
1370 2377 1486 2435 exami-

227 2483 383 2549 narentur,
406 2479 634 2551 corrigerentur
657 2483 688 2536 et
710 2479 737 2535 si
759 2493 838 2550 opus
859 2476 940 2534 foret
962 2493 1001 2534 ex
1024 2481 1088 2535 toto
1112 2485 1304 2537 cassarentur
1327 2489 1357 2538 et
1380 2483 1486 2541 abole-

227 2589 335 2642 rentur
356 2589 387 2642 et
409 2585 471 2642 alia
494 2583 703 2642 convenienda
725 2583 897 2655 ederentur,
921 2599 959 2640 ex
982 2582 1053 2640 inde
1077 2583 1215 2657 prefecto
1246 2584 1328 2643 dicta
1358 2588 1488 2646 ecclesia

227 2690 259 2747 in
280 2689 497 2763 spiritualibus
520 2695 550 2748 et
573 2689 800 2765 temporalibus
823 2689 992 2762 susciperet
1016 2689 1241 2749 incrementum
1272 2697 1302 2750 et
1325 2694 1394 2765 paci
1417 2710 1488 2752 con·

226 2797 434 2868 scientiarum,
458 2796 630 2870 dignitates,
654 2796 850 2854 canonicatus
873 2799 903 2854 et
933 2795 1109 2868 prebendas
1138 2796 1316 2856 huiusmodi
1348 2799 1489 2858 obtinen-

226 2903 319 2975 cium,
354 2904 408 2977 qui
443 2902 481 2961 de
515 2903 580 2962 illis
610 2901 814 2961 observandis
844 2901 876 2960 in
900 2917 1009 2960 eorum
1031 2891 1212 2976 recepcione
1234 2905 1435 2978 prestiterunt
1458 2912 1489 2966 et

226 3014 365 3084 prestant
399 3023 457 3084 pro
487 3013 629 3083 tempore
660 3007 823 3083 corporale
851 3009 1071 3083 iuramentum,
1099 3009 1172 3082 quia
1202 3011 1352 3068 nonnulla
1382 3027 1420 3069 ex
1444 3013 1488 3070 eis

226 3132 350 3175 servare
372 3116 527 3188 omittunt,
550 3121 659 3190 utpote
682 3115 810 3174 ecclesie
833 3115 936 3173 minus
958 3115 1048 3174 utilia
1071 3119 1303 3198 ettemporum
1315 3116 1489 3176 condicioni

225 3224 379 3282 contraria
412 3227 443 3281 et
476 3221 692 3294 adversancia,
723 3225 877 3297 oportune
908 3221 1128 3279 consuleretur,
1164 3219 1268 3294 Quare
1304 3237 1362 3296 pro
1398 3229 1487 3297 parte

225 3335 327 3387 vestra
349 3329 439 3387 nobis
462 3327 521 3386 suit
543 3328 703 3386 humiliter
726 3327 946 3402 supplicatum,
979 3331 1013 3385 ut
1036 3342 1092 3386 vos
1115 3342 1132 3384 a
1155 3325 1328 3403 juramento
1352 3344 1409 3402 per
1433 3343 1488 3388 vos

223 3436 351 3509 prestito
374 3451 468 3508 super
489 3435 644 3494 dictorum
666 3440 852 3494 statutorum
869 3436 1083 3494 observatione
1104 3435 1268 3493 absolvere
1288 3441 1318 3494 et
1341 3451 1414 3494 cum
1437 3452 1487 3494 ve-

221 3542 356 3600 nerabili
391 3540 486 3600 fratre
517 3547 623 3600 nostro
653 3541 800 3615 episcopo
831 3541 1023 3615 zagrabiensi
1047 3541 1149 3599 omnia
1174 3546 1205 3599 et
1227 3542 1350 3615 singula
1373 3548 1487 3601 statuta

223 3647 401 3706 huiusmodi
424 3649 517 3707 etiam
541 3649 714 3706 iuramento
744 3654 773 3706 et
804 3648 975 3722 apostolica
998 3648 1179 3706 auctoritate
1203 3647 1386 3706 confirmata
1410 3663 1480 3707 exa·

223 3754 349 3825 minare,
372 3756 535 3828 corrigere,
559 3761 689 3826 mutare,
710 3753 882 3812 reformare
905 3761 935 3812 et
958 3755 1107 3813 innovare
1131 3769 1166 3810 ac
1200 3754 1335 3812 totaliter
1366 3769 1487 3813 cassare

223 3865 252 3918 et
275 3861 337 3917 alia
360 3861 509 3936 personis,
532 3860 609 3918 locis
632 3865 662 3918 et
685 3860 880 3935 temporibus
903 3858 1071 3918 accomoda
1094 3859 1185 3917 edere
1208 3859 1307 3918 libere
1340 3867 1371 3919 et
1401 3861 1486 3920 licite

223 3967 361 4041 valeatis,
384 3967 541 4026 licentiam
564 3973 595 4026 et
625 3967 805 4025 facultatem
829 3967 919 4024 vobis
942 3965 1118 4038 concedere,
1142 3973 1171 4023 et
1195 3982 1255 4039 que
1278 3967 1322 4024 sic
1343 3966 1420 4038 fieri,
1440 3967 1487 4026 in·

223 4074 333 4131 novari
356 4079 385 4131 et
408 4073 573 4132 reformari
603 4075 800 4147 contingeret,
836 4074 997 4131 observari
1021 4073 1177 4144 mandare,
1201 4073 1339 4146 aliasque
1363 4073 1393 4130 in
1416 4089 1486 4147 pre·

223 4181 325 4238 missis
348 4181 439 4239 vobis
462 4188 493 4239 et
515 4180 596 4240 dicte
619 4182 746 4240 ecclesie
769 4185 920 4255 oportune
944 4179 1111 4256 providere
1140 4178 1178 4237 de
1201 4179 1389 4252 benignitate
1412 4192 1486 4253 apo·

221 4287 331 4344 stolica
354 4286 561 4360 dignaremur.
585 4288 648 4345 Nos
664 4289 777 4362 itaque,
794 4288 849 4361 qni
864 4287 1065 4345 ecclesiarum
1082 4286 1302 4360 quarumlibet,
1321 4285 1486 4359 presertim

222 4392 449 4452 cathedralium
472 4401 502 4451 et
525 4409 727 4468 personarum
758 4393 939 4452 earumdem
970 4392 1124 4451 laudabili
1153 4392 1297 4465 regimini
1328 4398 1360 4450 et
1389 4391 1486 4450 resor-

222 4494 351 4558 mritioni
366 4499 501 4560 libenter
513 4501 713 4568 consulimus,
725 4500 904 4558 huiusmodi
917 4499 1197 4574 supplicationibus
1221 4497 1368 4571 inclinati,
1385 4497 1484 4570 vobis,

220 4613 254 4664 ut
277 4621 348 4664 cum
372 4606 454 4664 dicto
477 4608 624 4681 episcopo
640 4607 744 4666 omnia
767 4612 797 4664 et
819 4607 942 4679 singula
965 4611 1079 4663 statuta
1102 4605 1290 4677 huiusmodi,
1320 4605 1414 4662 etiam
1437 4601 1484 4680 ju·

220 4717 360 4770 ramento
395 4719 425 4770 et
459 4714 630 4786 apostoliea
666 4713 848 4771 auctoritate
880 4711 1071 4782 confirmata,
1103 4711 1289 4782 examinare,
1321 4711 1484 4783 corrigere,

222 4822 351 4890 mutare,
383 4819 555 4878 reformare
586 4825 617 4878 et
645 4821 792 4878 innovare
823 4834 858 4876 ac
888 4818 1024 4876 totaliter
1055 4832 1174 4876 cassare
1197 4821 1228 4875 et
1250 4817 1312 4875 alia
1335 4817 1484 4890 personis,

221 4923 297 4982 locis
321 4930 351 4983 et
373 4925 569 5000 temporibus
593 4925 740 5000 predictis
763 4924 931 4984 accomoda
955 4924 1046 4984 edere
1078 4925 1178 4982 libere
1201 4930 1231 4982 et
1253 4923 1337 4981 licite
1360 4923 1485 4996 possitis
1532 4943 1536 4951 ·

222 5046 257 5088 ac
280 5032 421 5106 valeatis²
458 5033 614 5091 licentiam
649 5040 678 5091 et
714 5031 892 5090 facultatem
928 5031 1135 5103 concedimus,
1159 5045 1256 5104 eaque
1280 5029 1324 5087 sic
1348 5044 1403 5102 per
1428 5043 1483 5086 vos
