3930 5802
401 572 458 630 19²
810 554 883 610 Dor.
907 548 976 629 136.
1002 586 1042 595 —
1066 553 1123 612 An.
1147 565 1239 629 1443.

396 767 588 827 duodecimo.
611 768 808 828 Presentibus
831 767 949 826 ibidem
971 767 1148 826 honorabili
1177 771 1208 825 et
1238 766 1378 824 discretis
1400 765 1485 837 viris,
1517 767 1662 840 dominis,

396 873 546 931 Michaele
569 872 608 930 de
630 873 802 946 Thasaych,
825 871 972 932 canonico
984 890 991 943 ;
1015 888 1051 931 ac
1073 873 1189 932 Mathia
1213 872 1251 932 de
1275 872 1426 945 macellis,
1458 873 1589 932 Nicolao
1623 872 1662 931 de

395 979 477 1050 Bela,
501 979 600 1051 Petra,
624 971 792 1038 Valentino
815 979 854 1037 de
876 960 1099 1037 Cherzthvvech
1122 985 1152 1036 et
1186 978 1285 1036 altero
1320 978 1486 1038 Valentino
1519 982 1559 1037 de
1591 978 1662 1037 Bes-

396 1101 506 1157 senew,
530 1085 617 1143 chori
640 1085 768 1144 ecclesie
791 1085 998 1158 zagrabiensis
1021 1083 1159 1159 predicte
1181 1083 1405 1158 prebendariis,
1435 1085 1566 1144 testibus
1586 1083 1662 1143 iide-

396 1191 505 1264 dignis,
528 1190 568 1249 ad
589 1191 742 1266 premissa
764 1190 940 1264 specialiter
962 1191 1088 1261 vocatis,
1110 1189 1266 1262 requisitis
1288 1195 1318 1248 et
1340 1190 1465 1263 rogatis.

422 1379 529 1443 Signum

424 1469 527 1521 notarii.

501 1597 539 1655 Et
561 1611 618 1671 ego
642 1597 750 1656 Petrus
774 1597 893 1656 Thome
917 1597 955 1657 de
977 1599 1103 1671 Ratcha,
1135 1598 1266 1657 clericus
1286 1595 1425 1656 eiusdem
1455 1597 1662 1671 zagrabiensis

396 1702 544 1776 dyocesis,
568 1703 713 1775 publicus
736 1718 825 1762 sacra
845 1704 1003 1779 imperiali
1024 1705 1206 1764 auctoritate
1228 1703 1374 1776 notarius,
1398 1704 1471 1777 quia
1502 1704 1661 1778 premissis

396 1808 494 1881 dictis,
517 1809 650 1867 accionis
672 1825 725 1868 seu
748 1811 975 1884 proposicionis
998 1816 1028 1868 et
1051 1810 1273 1869 declaracionis
1296 1809 1371 1868 dicti
1394 1809 1512 1868 domini
1534 1808 1661 1882 Georgii

396 1915 599 1990 predicatoris
621 1917 775 1990 premisso
798 1915 894 1974 modo
917 1915 1005 1976 iactis
1027 1931 1167 1976 necnon
1199 1917 1325 1974 testium
1357 1915 1570 1990 predictorum
1593 1960 1600 1974 .
1624 1961 1629 1973 .
1654 1961 1660 1973 .

396 2065 403 2080 .
427 2065 433 2080 .
457 2065 463 2079 .
487 2065 493 2080 .
517 2065 524 2093 ,
548 2066 554 2079 .
580 2064 587 2080 .
613 2065 620 2086 ,
643 2021 851 2095 acceptacioni
872 2065 879 2077 .
903 2067 909 2082 .
934 2067 941 2081 .
962 2023 1104 2096 ipsorum
1127 2021 1337 2080 enunciacioni
1352 2025 1445 2094 atque
1461 2020 1661 2092 attestacioni,

396 2127 529 2200 aliisque
550 2133 581 2184 et
601 2127 731 2200 singulis
754 2128 897 2202 superius
919 2129 951 2188 in
973 2129 1085 2188 litteris
1114 2128 1190 2187 dicti
1218 2127 1336 2186 domini
1366 2126 1515 2210 Johanais
1547 2127 1657 2184 vicarii

396 2233 550 2305 expressis
582 2238 613 2290 et
646 2233 839 2306 specificans,
873 2250 935 2294 una
957 2251 1029 2294 cum
1051 2235 1172 2294 notario
1195 2235 1339 2293 similiter
1362 2234 1491 2308 publico
1514 2233 1660 2307 proximo

395 2337 601 2413 infrascripto,
624 2338 770 2398 videlicet
793 2339 962 2415 Clemente,
985 2341 1052 2399 filio
1088 2340 1182 2399 Blasii
1204 2340 1357 2413 Zolarych
1391 2338 1430 2398 de
1466 2339 1660 2413 Kapruncza,

395 2443 491 2504 modo
513 2445 609 2504 simili
632 2445 745 2504 clerico
769 2445 910 2518 dyocesis
929 2447 1136 2520 zagrabiensis
1151 2461 1277 2521 presens
1293 2445 1427 2518 interfui,
1443 2460 1540 2519 eaque
1556 2447 1661 2504 omnia

396 2556 426 2608 et
449 2551 571 2624 singula
594 2551 639 2609 sic
660 2551 729 2610 fieri
751 2551 817 2610 vidi
840 2557 871 2612 et
893 2553 1008 2624 audivi,
1031 2552 1101 2611 ideo
1117 2558 1274 2626 presentes
1290 2552 1410 2610 litteras
1425 2568 1479 2610 seu
1495 2551 1659 2625 publicum

395 2655 644 2729 instrumentum,
667 2672 718 2714 me
738 2657 809 2716 aliis
833 2659 969 2732 negociis
992 2663 1152 2732 occupato,
1165 2674 1222 2732 per
1245 2659 1343 2716 alium
1365 2657 1501 2716 fideliter
1523 2657 1657 2734 scriptas

394 2776 449 2819 seu
471 2763 623 2836 scriptum
653 2763 814 2837 publicavi
843 2771 873 2821 et
907 2765 939 2822 in
968 2765 1048 2822 banc
1079 2764 1241 2838 publicam
1266 2763 1401 2822 formam
1424 2763 1531 2838 redegi
1553 2769 1584 2829 et
1607 2763 1658 2822 hic

395 2883 445 2926 me
469 2883 562 2926 manu
585 2869 714 2943 propria
737 2869 915 2944 subscripsi,
939 2870 1088 2943 signoque
1111 2875 1141 2927 et
1163 2871 1288 2928 nomine
1313 2871 1389 2928 meis
1412 2871 1512 2928 solitis
1534 2876 1566 2928 et
1588 2885 1660 2928 con·

394 2973 489 3032 svetis
512 2975 699 3048 consignavi,
722 2980 850 3048 rogatus
873 2981 904 3033 et
926 2977 1091 3050 requisitus
1114 2976 1146 3034 in
1168 2975 1264 3034 fidem
1288 2981 1318 3033 et
1349 2975 1562 3034 testimonium
1594 2991 1659 3033 om-

394 3079 481 3137 nium
504 3084 534 3138 et
556 3081 751 3154 singulorum
769 3083 1009 3160 premissorum.

501 3267 634 3332 Originale
646 3269 673 3318 in
686 3269 841 3328 membrana,
852 3277 891 3319 sat
904 3269 1022 3322 lacerum.
1043 3271 1071 3320 A
1090 3286 1153 3320 zona
1172 3273 1270 3321 sericea
1288 3269 1396 3321 violacei
1415 3276 1440 3319 et
1454 3269 1544 3320 viridis
1557 3269 1658 3329 coloris,

394 3357 523 3423 appendat
542 3355 665 3422 sigillum.
683 3359 715 3407 In
734 3359 802 3410 arch.
823 3375 879 3410 ven.
899 3360 976 3424 capit.
995 3360 1095 3425 zagrab.
1115 3360 1170 3412 Act.
1191 3361 1253 3426 Cap.
1274 3367 1325 3412 ant.
1345 3361 1407 3411 fasc.
1430 3369 1469 3411 10.
1489 3375 1526 3411 nr.
1550 3370 1589 3422 13.

986 3638 1064 3708 136.

499 3799 580 3848 Anno
601 3810 675 3864 1443.
695 3813 720 3864 4.
740 3799 838 3865 aprilis.
857 3801 1005 3866 Zagrabiae.

398 3909 503 3969 0110111
536 3909 734 3968 commum'tatc
767 3909 892 3969 civitatis
925 3913 1028 3970 montis
1068 3909 1227 3981 Grecensis,
1258 3911 1381 3981 Helena,
1406 3909 1559 3988 Johanm's
1588 3909 1659 3970 cr'uis

505 4015 645 4074 insitiens
666 4023 755 4074 mone
778 4016 910 4094 viduata,
933 4036 1024 4097 agros
1043 4035 1110 4075 suos
1138 4016 1275 4075 Clementi
1295 4017 1429 4092 camtfici
1448 4017 1551 4078 vendit.

498 4161 562 4219 Nos
578 4159 768 4232 Benedictus,
782 4158 867 4218 filius
882 4160 1052 4232 Michaelis,
1063 4159 1167 4238 judex,
1180 4162 1334 4235 Vrbanus,
1350 4161 1518 4234 Emericus,
1533 4161 1658 4234 Paulus,

391 4265 598 4340 Sebastianus,
621 4267 740 4338 Petrus,
764 4267 950 4340 Demetrius,
975 4268 1107 4326 Michael
1131 4275 1161 4326 et
1183 4267 1335 4341 Georgius
1355 4267 1457 4345 jurati,
1489 4267 1658 4327 consiliarii

392 4379 421 4432 et
443 4373 581 4432 universi
604 4375 686 4432 cives
711 4373 845 4431 civitatis
869 4374 984 4433 montis
1018 4374 1188 4433 Grecensis.
1225 4376 1374 4434 Memorie
1397 4373 1653 4432 commendamus

391 4496 448 4554 per
470 4484 636 4554 presentes,
660 4479 745 4552 quod
779 4479 914 4554 provida
936 4485 967 4538 et
1000 4481 1128 4538 honesta
1164 4481 1278 4539 mulier
1300 4480 1396 4538 Elena
1431 4485 1550 4552 vocata,
1573 4479 1655 4537 Rosa

390 4585 614 4658 cognominata,
637 4584 704 4644 filia
726 4584 858 4644 condam
882 4585 1040 4644 Valentini
1062 4584 1163 4662 jurati,
1187 4586 1295 4646 relicta
1311 4601 1386 4644 vero
1409 4587 1470 4644 viri
1493 4583 1651 4659 quondam

390 4813 465 4856 vero
488 4813 614 4857 consors
635 4798 787 4872 legittima
808 4797 869 4856 viri
891 4797 1037 4856 similiter
1051 4797 1177 4872 providi
1201 4805 1231 4855 et
1247 4797 1367 4856 honesti
1383 4797 1510 4870 Georgii
1525 4796 1654 4868 clientis,

363 4903 525 4964 'concivis
559 4905 705 4964 similiter
737 4905 844 4976 nostri,
878 4903 937 4962 filii
973 4903 1106 4975 Andree,
1138 4908 1244 4962 nostra
1267 4904 1411 4962 similiter
1443 4903 1588 4972 concivis,
1612 4901 1653 4960 ad
1699 4953 1703 4961 .

388 5019 528 5070 nostram
544 5013 749 5086 personaliter
766 5010 918 5070 veniendo
930 5011 1123 5084 presenciam
1139 5009 1278 5069 contessa
1301 5015 1349 5068 est
1364 5011 1396 5070 in
1411 5011 1492 5068 hunc
1508 5007 1657 5066 modum:
