3736 5826
409 581 422 622 a
837 563 909 620 Doc.
934 575 961 617 2.
988 593 1023 603 -
1050 559 1106 616 An.
1130 572 1218 636 1401.

401 794 534 852 cumque
557 779 723 835 voluerunt
740 775 976 849 disponendum.
1000 775 1034 833 In
1047 775 1133 832 cuius
1149 775 1193 832 rei
1210 773 1403 844 memoriam,
1421 772 1703 840 firmitatemque

401 890 584 958 perpetuam
610 888 767 956 presentes
790 883 909 939 litteras
932 887 1038 939 nostro
1061 882 1220 938 communi
1243 879 1350 952 sigillo
1367 879 1540 937 roboratas
1562 874 1703 935 eisdem

400 990 525 1048 domine
549 993 636 1048 Anne
660 995 689 1046 et
720 989 810 1046 Petro
839 988 985 1046 duximus
1020 986 1239 1046 concedendas.
1274 986 1393 1044 Datum
1419 985 1501 1044 feria
1540 980 1702 1043 secunda

400 1097 543 1171 proxima
578 1100 648 1153 ante
683 1093 796 1153 festum
831 1095 919 1152 beate
954 1094 1049 1152 Eleae
1083 1094 1197 1166 regine.
1232 1093 1322 1150 Anno
1355 1091 1474 1150 domini
1498 1089 1702 1150 millesimo

401 1201 692 1274 quadrigentesimo.

506 1353 639 1418 Originale
657 1355 684 1402 in
704 1354 858 1405 membrana.
879 1355 949 1401 Zona
967 1353 1063 1401 sericea
1080 1351 1134 1402 albi
1153 1359 1179 1400 et
1201 1351 1309 1400 violacei
1321 1351 1414 1400 coloris
1426 1349 1564 1415 appendet
1581 1347 1699 1408 absque

401 1443 495 1508 sigillo.
515 1445 547 1492 In
566 1443 660 1494 archiv.
680 1442 726 1494 lib.
747 1459 799 1506 reg.
819 1443 867 1492 civ.
887 1441 988 1505 zagrab.

1018 1637 1051 1701 2.

508 1762 589 1810 Anno
612 1773 686 1824 1401,
706 1772 729 1824 7.
748 1761 866 1826 januarii.
887 1760 1034 1823 Zagrabiae.

402 1889 596 1948 Eberhardus
630 1889 709 1962 episc
743 1889 867 1961 zograb.
903 1888 1074 1944 decessorum
1101 1905 1219 1945 suorum
1253 1889 1411 1961 exemplum
1444 1888 1501 1946 sibi
1532 1887 1578 1944 ad
1614 1887 1686 1943 t'rrti-

402 1997 521 2054 tandum
547 2004 731 2070 proponens,
774 1995 903 2052 ecclesiae
936 1993 1110 2051 cathedralis
1135 1993 1359 2066 praebendariis
1397 1995 1461 2050 oriri
1484 1991 1688 2069 frugumque

882 2100 1017 2157 decimam
1041 2099 1187 2157 coardeant.

507 2261 571 2319 Nos
593 2261 793 2320 Eberhardus
817 2260 867 2318 dei
890 2267 919 2318 et
943 2261 1113 2335 apostolice
1137 2260 1219 2318 sedis
1242 2261 1347 2332 gracia
1374 2260 1541 2333 episcopus
1563 2275 1681 2334 zagra-

404 2368 527 2426 biensis.
551 2368 702 2425 Memorie
725 2367 976 2426 commendantes
992 2371 1097 2426 tenore
1113 2368 1310 2441 presencium
1325 2367 1537 2440 significamus
1554 2367 1681 2440 quibus

404 2474 530 2547 expedit
564 2474 727 2535 universis.
763 2474 853 2547 Quod
889 2474 1014 2533 discreti
1036 2481 1066 2532 et
1088 2475 1210 2532 honesti
1241 2475 1302 2532 viri
1326 2473 1443 2532 domini
1466 2473 1676 2548 prebendarii

408 2581 536 2638 ecclesie
559 2588 663 2640 nostre
686 2582 894 2654 zagrabiensis
917 2586 1055 2640 nostram
1079 2581 1259 2640 accedentes
1289 2581 1321 2639 in
1343 2581 1545 2655 presenciam,
1577 2580 1677 2639 nobis

403 2687 518 2744 humili
541 2703 612 2746 cum
636 2689 783 2746 instancia
807 2687 950 2760 detegere
974 2699 1128 2760 curarunt,
1152 2687 1311 2762 quomodo
1334 2687 1470 2746 universi
1492 2693 1523 2744 et
1547 2686 1669 2760 singuli

403 2794 501 2852 nostri
524 2794 756 2868 predecessores
780 2795 918 2868 episcopi
952 2793 1088 2852 decimas
1122 2809 1231 2852 eorum
1262 2793 1300 2851 de
1332 2793 1462 2865 singulis
1491 2793 1590 2851 vineis
1623 2793 1673 2866 ip-

403 2913 509 2957 sorum
533 2915 569 2958 ac
593 2901 682 2959 terris
706 2901 842 2974 propriis
865 2900 906 2958 ad
929 2901 1070 2974 ipsorum
1093 2901 1211 2959 scilicet
1235 2899 1410 2974 prebendas
1433 2898 1471 2956 de
1495 2896 1564 2975 jure
1581 2903 1613 2957 et
1630 2899 1673 2956 ab

405 3006 533 3078 antiquo
556 3008 743 3080 pertinentes
763 3016 794 3064 et
815 3013 989 3081 spectantes
1012 3009 1281 3081 imposterumque
1303 3006 1342 3064 ad
1367 3005 1494 3064 eosdem
1517 3006 1671 3080 pertineri

404 3111 570 3184 debendae,
595 3113 820 3186 provenientes,
844 3128 973 3186 prorsus
996 3119 1026 3171 et
1049 3129 1106 3188 per
1128 3114 1233 3172 omnia
1260 3114 1337 3188 ipsis
1368 3112 1527 3170 duxissent
1560 3114 1671 3170 remit-

404 3217 513 3274 tendas
547 3224 578 3274 et
612 3219 805 3290 relaxandas,
840 3219 882 3276 ob
916 3220 983 3292 hoc,
1008 3221 1081 3292 quia
1103 3219 1249 3278 videlicet
1272 3219 1438 3278 memorati
1458 3218 1578 3278 domini
1600 3234 1672 3292 pre·

405 3322 548 3381 bendarii
570 3323 608 3381 ad
630 3323 757 3382 laudem
780 3325 876 3384 divini
900 3325 1044 3396 numinis,
1069 3326 1260 3400 virginisque
1283 3325 1508 3398 gloriosissime
1524 3331 1554 3382 et
1570 3326 1670 3382 tocius

405 3429 527 3486 celestis
551 3429 634 3486 curie
658 3429 788 3502 singulis
812 3445 965 3490 annorum
986 3431 1149 3490 curriculis
1172 3432 1299 3488 missam
1323 3431 1457 3490 sollenni
1485 3447 1558 3488 cum
1575 3431 1671 3489 devo·

405 3536 491 3592 cione
527 3535 668 3608 qualibet
704 3534 781 3593 feria
815 3543 924 3609 quarta
956 3537 987 3595 in
1021 3539 1194 3612 septimana
1218 3552 1276 3611 pro
1300 3538 1420 3595 honore
1443 3537 1526 3595 beati
1550 3537 1671 3595 Nicolai

403 3642 542 3715 episcopi
564 3647 594 3698 et
617 3641 801 3699 confessoris
824 3649 853 3700 et
876 3643 1042 3715 superinde
1062 3643 1237 3702 litterarum
1265 3643 1474 3717 graciosarum
1496 3643 1671 3701 munimina

403 3748 546 3822 ipsorum
569 3753 748 3805 nostrorum
771 3748 1026 3823 predecessorum
1049 3765 1111 3808 non
1143 3749 1265 3807 modica
1299 3750 1488 3822 obtulerunt,
1522 3757 1670 3824 rogantes

403 3869 459 3911 nos
483 3870 575 3928 prece
598 3855 780 3925 subiectiva,
804 3861 838 3912 ut
862 3855 1062 3928 dignaremur
1084 3856 1200 3914 habere
1217 3863 1283 3914 rata
1299 3865 1392 3929 atque
1408 3863 1496 3930 grata
1511 3871 1568 3930 per
1585 3857 1671 3930 ipsos

405 3959 639 4032 predecessores
662 3965 783 4017 nostros
807 3961 973 4034 episcopos
997 3977 1091 4035 super
1116 3962 1275 4034 premissis
1299 3976 1450 4020 concessa.
1481 3961 1544 4019 Nos
1575 3963 1672 4034 igitur

404 4071 562 4124 cernentes
585 4070 612 4122 et
638 4065 669 4123 in
692 4066 790 4124 nostri
813 4067 939 4124 archani
963 4068 1083 4126 consilii
1106 4068 1247 4141 ipsorum
1271 4067 1471 4126 dominorum
1493 4067 1670 4142 prebenda-

403 4172 523 4229 riorum
558 4172 803 4244 postulacionem
838 4179 867 4230 et
902 4172 1126 4245 flagitacionem
1157 4175 1271 4232 iustam
1293 4179 1386 4246 atque
1409 4189 1579 4248 congruam
1602 4173 1671 4232 fore

404 4283 603 4350 agnoscentes
626 4283 656 4336 et
679 4292 808 4352 prorsus
831 4279 971 4336 nolentes
995 4279 1162 4352 infringere
1193 4281 1334 4354 ipsorum
1357 4287 1536 4340 nostrorum
1560 4279 1671 4354 prede·

404 4399 561 4441 cessorum
585 4385 779 4442 sanccionem
803 4383 841 4442 ad
866 4385 1049 4458 preconium
1085 4387 1232 4444 creatoris
1264 4387 1404 4445 omnium
1438 4385 1561 4460 iactam,
1595 4401 1670 4444 nam

403 4489 486 4546 bona
509 4505 605 4562 opera
627 4490 792 4562 gloriosius
815 4497 954 4549 mutatur
977 4491 1084 4564 factus,
1109 4491 1179 4551 ideo
1199 4509 1257 4567 per
1280 4493 1390 4551 harum
1414 4499 1592 4552 nostrarum
1616 4493 1669 4551 lit·

404 4601 543 4654 terarum
571 4596 713 4668 vigorem
743 4603 834 4670 atque
863 4597 976 4655 seriem
1010 4597 1165 4671 predictas
1195 4599 1355 4658 universas
1379 4599 1515 4658 decimas
1538 4599 1671 4672 singulis

405 4701 492 4759 annis
515 4701 554 4758 de
578 4703 676 4759 vineis
712 4717 747 4759 ac
777 4703 867 4760 terris
898 4702 1111 4776 sepefatorum
1145 4704 1345 4763 dominorum
1379 4705 1670 4780 prebendariorurn,

406 4805 500 4863 modo
523 4807 569 4864 uti
593 4807 791 4880 premittitur,
816 4810 981 4882 provenire
1005 4809 1169 4883 debendus,
1194 4811 1353 4885 perpetuis
1385 4811 1579 4884 temporibus
1612 4810 1670 4868 du·

405 4913 508 4970 ximus
532 4912 732 4971 remittendas
756 4919 786 4970 et
809 4915 1002 4988 relaxandas,
1025 4917 1123 4974 immo
1147 4917 1258 4976 harum
1282 4919 1361 4976 serie
1383 4917 1522 4991 plenarie
1537 4932 1573 4974 ac
1593 4917 1670 4975 inte·

404 5019 533 5092 graliter
549 5020 736 5078 remittimus
752 5028 783 5078 et
798 5021 985 5095 relaxamus,
1001 5023 1205 5097 ipsorumque
1221 5033 1398 5082 nostrorum
1414 5023 1669 5099 predecessorum
