<?xml version="1.0" encoding="UTF-8"?>
<!DOCTYPE html PUBLIC "-//W3C//DTD XHTML 1.0 Transitional//EN"
    "http://www.w3.org/TR/xhtml1/DTD/xhtml1-transitional.dtd">
<html xmlns="http://www.w3.org/1999/xhtml" xml:lang="en" lang="en">
 <head>
  <title>
</title>
<meta http-equiv="Content-Type" content="text/html;charset=utf-8" />
  <meta name='ocr-system' content='tesseract 3.04.00' />
  <meta name='ocr-capabilities' content='ocr_page ocr_carea ocr_par ocr_line ocrx_word'/>
</head>
<body>
  <div class='ocr_page' id='page_1' title='image "./monumentahistor20laszgoog_0238.png"; bbox 0 0 3736 5826; ppageno 0'>
   <div class='ocr_carea' id='block_1_1' title="bbox 733 579 1471 657">
    <p class='ocr_par' dir='ltr' id='par_1_1' title="bbox 733 579 1471 657">
     <span class='ocr_line' id='line_1_1' title="bbox 733 579 1471 657; baseline 0 -21"><span class='ocrx_word' id='word_1_1' title='bbox 733 580 926 657; x_wconf 74' lang='lat' dir='ltr'><em>Argumenta.</em></span> <span class='ocrx_word' id='word_1_2' title='bbox 1330 579 1471 640; x_wconf 87' lang='lat' dir='ltr'>CCXXV</span> 
     </span>
    </p>
   </div>
   <div class='ocr_carea' id='block_1_2' title="bbox 202 874 1366 1557">
    <p class='ocr_par' dir='ltr' id='par_1_2' title="bbox 202 874 1366 1200">
     <span class='ocr_line' id='line_1_2' title="bbox 202 874 1364 940; baseline 0.006 -23"><span class='ocrx_word' id='word_1_3' title='bbox 202 879 253 932; x_wconf 82' lang='lat'><strong>92.</strong></span> <span class='ocrx_word' id='word_1_4' title='bbox 287 874 383 922; x_wconf 80' lang='lat' dir='ltr'><strong>Anno</strong></span> <span class='ocrx_word' id='word_1_5' title='bbox 421 887 498 940; x_wconf 82' lang='lat'><strong>1435,</strong></span> <span class='ocrx_word' id='word_1_6' title='bbox 532 875 570 927; x_wconf 90' lang='grc'><strong>16.</strong></span> <span class='ocrx_word' id='word_1_7' title='bbox 599 876 759 926; x_wconf 82' lang='lat' dir='ltr'>Decembris.</span> <span class='ocrx_word' id='word_1_8' title='bbox 786 875 1364 932; x_wconf 58' lang='grc' dir='ltr'>11131οά1111.Μ11111111Τ110111111111,</span> 
     </span>
     <span class='ocr_line' id='line_1_3' title="bbox 283 961 1363 1028; baseline 0.004 -20"><span class='ocrx_word' id='word_1_9' title='bbox 283 961 430 1012; x_wconf 86' lang='lat' dir='ltr'><strong>omnibus</strong></span> <span class='ocrx_word' id='word_1_10' title='bbox 452 963 601 1012; x_wconf 89' lang='lat' dir='ltr'><strong>hominibus</strong></span> <span class='ocrx_word' id='word_1_11' title='bbox 620 965 825 1028; x_wconf 86' lang='lat' dir='ltr'><strong>possessionatis‚</strong></span> <span class='ocrx_word' id='word_1_12' title='bbox 851 963 896 1026; x_wconf 91' lang='lat' dir='ltr'><strong>qui</strong></span> <span class='ocrx_word' id='word_1_13' title='bbox 915 963 1010 1012; x_wconf 86' lang='lat' dir='ltr'><strong>tributa</strong></span> <span class='ocrx_word' id='word_1_14' title='bbox 1029 970 1124 1020; x_wconf 88' lang='lat' dir='ltr'><strong>teuent,</strong></span> <span class='ocrx_word' id='word_1_15' title='bbox 1144 963 1256 1027; x_wconf 86' lang='lat' dir='ltr'><strong>mandat,</strong></span> <span class='ocrx_word' id='word_1_16' title='bbox 1274 977 1307 1012; x_wconf 88' lang='lat' dir='ltr'><strong>ne</strong></span> <span class='ocrx_word' id='word_1_17' title='bbox 1325 963 1363 1012; x_wconf 92' lang='lat' dir='ltr'><strong>Sl·</strong></span> 
     </span>
     <span class='ocr_line' id='line_1_4' title="bbox 282 1049 1366 1115; baseline 0.002 -17"><span class='ocrx_word' id='word_1_18' title='bbox 282 1049 440 1110; x_wconf 84' lang='lat' dir='ltr'><strong>gismundi</strong></span> <span class='ocrx_word' id='word_1_19' title='bbox 467 1051 534 1114; x_wconf 86' lang='lat' dir='ltr'><strong>regis</strong></span> <span class='ocrx_word' id='word_1_20' title='bbox 558 1052 631 1115; x_wconf 86' lang='lat' dir='ltr'><strong>jussu</strong></span> <span class='ocrx_word' id='word_1_21' title='bbox 656 1069 671 1101; x_wconf 87' lang='lat' dir='ltr'><strong>a</strong></span> <span class='ocrx_word' id='word_1_22' title='bbox 698 1052 798 1101; x_wconf 87' lang='lat' dir='ltr'><strong>civibus</strong></span> <span class='ocrx_word' id='word_1_23' title='bbox 825 1051 1034 1115; x_wconf 83' lang='lat' dir='ltr'><strong>zagrabiensibns</strong></span> <span class='ocrx_word' id='word_1_24' title='bbox 1058 1052 1139 1100; x_wconf 87' lang='lat' dir='ltr'><strong>ullum</strong></span> <span class='ocrx_word' id='word_1_25' title='bbox 1156 1049 1288 1104; x_wconf 88' lang='lat' dir='ltr'><strong>,tributum</strong></span> <span class='ocrx_word' id='word_1_26' title='bbox 1313 1052 1366 1100; x_wconf 84' lang='lat' dir='ltr'><strong>exi·</strong></span> 
     </span>
     <span class='ocr_line' id='line_1_5' title="bbox 284 1145 1361 1200; baseline 0.002 -14"><span class='ocrx_word' id='word_1_27' title='bbox 284 1145 361 1200; x_wconf 87' lang='lat' dir='ltr'><strong>gant</strong></span> <span class='ocrx_word' id='word_1_28' title='bbox 382 1165 1361 1180; x_wconf 46' lang='lat'><strong>·······················································</strong></span> 
     </span>
    </p>

    <p class='ocr_par' dir='ltr' id='par_1_3' title="bbox 203 1228 1366 1557">
     <span class='ocr_line' id='line_1_6' title="bbox 203 1228 1366 1291; baseline 0.003 -17"><span class='ocrx_word' id='word_1_29' title='bbox 203 1236 253 1288; x_wconf 82' lang='lat'><strong>93.</strong></span> <span class='ocrx_word' id='word_1_30' title='bbox 289 1229 487 1291; x_wconf 83' lang='lat' dir='ltr'><strong>Anno&#39;1436,</strong></span> <span class='ocrx_word' id='word_1_31' title='bbox 514 1230 539 1278; x_wconf 87' lang='grc'><strong>8.</strong></span> <span class='ocrx_word' id='word_1_32' title='bbox 564 1229 696 1280; x_wconf 86' lang='lat' dir='ltr'><strong>februarii.</strong></span> <span class='ocrx_word' id='word_1_33' title='bbox 724 1231 756 1278; x_wconf 89' lang='lat' dir='ltr'><strong>In</strong></span> <span class='ocrx_word' id='word_1_34' title='bbox 781 1229 897 1280; x_wconf 69' lang='lat' dir='ltr'><strong>Draielc.</strong></span> <span class='ocrx_word' id='word_1_35' title='bbox 925 1228 1060 1277; x_wconf 87' lang='lat' dir='ltr'><strong>Mathaeus</strong></span> <span class='ocrx_word' id='word_1_36' title='bbox 1086 1228 1199 1278; x_wconf 85' lang='lat' dir='ltr'><strong>Talovac</strong></span> <span class='ocrx_word' id='word_1_37' title='bbox 1222 1229 1312 1285; x_wconf 85' lang='lat' dir='ltr'><strong>banus,</strong></span> <span class='ocrx_word' id='word_1_38' title='bbox 1338 1236 1366 1278; x_wconf 89' lang='grc'><strong>111</strong></span> 
     </span>
     <span class='ocr_line' id='line_1_7' title="bbox 289 1317 1366 1382; baseline 0.003 -19"><span class='ocrx_word' id='word_1_39' title='bbox 289 1318 490 1367; x_wconf 78' lang='lat' dir='ltr'><strong>communitati</strong></span> <span class='ocrx_word' id='word_1_40' title='bbox 519 1317 632 1366; x_wconf 86' lang='lat' dir='ltr'><strong>civitatis</strong></span> <span class='ocrx_word' id='word_1_41' title='bbox 660 1317 782 1367; x_wconf 76' lang='lat' dir='ltr'><strong>victualia</strong></span> <span class='ocrx_word' id='word_1_42' title='bbox 809 1334 855 1381; x_wconf 90' lang='lat' dir='ltr'><strong>per</strong></span> <span class='ocrx_word' id='word_1_43' title='bbox 882 1319 985 1366; x_wconf 82' lang='lat' dir='ltr'><strong>fratrem</strong></span> <span class='ocrx_word' id='word_1_44' title='bbox 1010 1331 1084 1365; x_wconf 89' lang='lat' dir='ltr'><strong>suum</strong></span> <span class='ocrx_word' id='word_1_45' title='bbox 1111 1317 1281 1382; x_wconf 85' lang='lat' dir='ltr'><strong>hominesque</strong></span> <span class='ocrx_word' id='word_1_46' title='bbox 1306 1333 1366 1366; x_wconf 86' lang='lat' dir='ltr'><strong>suos</strong></span> 
     </span>
     <span class='ocr_line' id='line_1_8' title="bbox 289 1406 1366 1470; baseline 0.003 -17"><span class='ocrx_word' id='word_1_47' title='bbox 289 1413 474 1470; x_wconf 81' lang='lat' dir='ltr'><strong>comsumpta</strong></span> <span class='ocrx_word' id='word_1_48' title='bbox 501 1407 629 1463; x_wconf 84' lang='lat' dir='ltr'><strong>restituat,</strong></span> <span class='ocrx_word' id='word_1_49' title='bbox 655 1407 832 1456; x_wconf 89' lang='lat' dir='ltr'><strong>residuitatem</strong></span> <span class='ocrx_word' id='word_1_50' title='bbox 860 1406 1022 1470; x_wconf 76' lang='lat' dir='ltr'><strong>pecuniariae</strong></span> <span class='ocrx_word' id='word_1_51' title='bbox 1046 1413 1120 1454; x_wconf 81' lang='lat' dir='ltr'><strong>taxas</strong></span> <span class='ocrx_word' id='word_1_52' title='bbox 1147 1407 1218 1470; x_wconf 86' lang='lat' dir='ltr'><strong>regio</strong></span> <span class='ocrx_word' id='word_1_53' title='bbox 1245 1407 1366 1456; x_wconf 83' lang='lat' dir='ltr'><strong>mandato</strong></span> 
     </span>
     <span class='ocr_line' id='line_1_9' title="bbox 288 1491 1362 1557; baseline 0.002 -15"><span class='ocrx_word' id='word_1_54' title='bbox 288 1491 457 1557; x_wconf 81' lang='lat' dir='ltr'><strong>impositae,</strong></span> <span class='ocrx_word' id='word_1_55' title='bbox 475 1493 573 1542; x_wconf 84' lang='lat' dir='ltr'><strong>relaxat</strong></span> <span class='ocrx_word' id='word_1_56' title='bbox 592 1495 768 1544; x_wconf 86' lang='lat' dir='ltr'><strong>communitati</strong></span> <span class='ocrx_word' id='word_1_57' title='bbox 785 1519 1362 1534; x_wconf 83' lang='lat'>·································</span> 
     </span>
    </p>
   </div>
   <div class='ocr_carea' id='block_1_3' title="bbox 209 1599 1366 2000">
    <p class='ocr_par' dir='ltr' id='par_1_4' title="bbox 209 1599 1366 2000">
     <span class='ocr_line' id='line_1_10' title="bbox 209 1599 1364 1666; baseline 0.003 -19"><span class='ocrx_word' id='word_1_58' title='bbox 209 1609 257 1658; x_wconf 83' lang='lat'><strong>94.</strong></span> <span class='ocrx_word' id='word_1_59' title='bbox 292 1601 386 1648; x_wconf 78' lang='lat' dir='ltr'><strong>Anno</strong></span> <span class='ocrx_word' id='word_1_60' title='bbox 409 1600 486 1663; x_wconf 80' lang='grc'>1436,</span> <span class='ocrx_word' id='word_1_61' title='bbox 506 1612 542 1648; x_wconf 89' lang='lat'><strong>12.</strong></span> <span class='ocrx_word' id='word_1_62' title='bbox 564 1599 693 1651; x_wconf 83' lang='lat' dir='ltr'><strong>februarii.</strong></span> <span class='ocrx_word' id='word_1_63' title='bbox 714 1600 861 1664; x_wconf 85' lang='lat' dir='ltr'><strong>Zagrabiae.</strong></span> <span class='ocrx_word' id='word_1_64' title='bbox 881 1601 1021 1650; x_wconf 87' lang='lat' dir='ltr'><strong>Exactores</strong></span> <span class='ocrx_word' id='word_1_65' title='bbox 1040 1607 1114 1649; x_wconf 85' lang='lat' dir='ltr'><strong>taxas</strong></span> <span class='ocrx_word' id='word_1_66' title='bbox 1133 1601 1278 1664; x_wconf 80' lang='lat' dir='ltr'><strong>praedictae</strong></span> <span class='ocrx_word' id='word_1_67' title='bbox 1297 1601 1327 1666; x_wconf 91' lang='lat' dir='ltr'><strong>(i.</strong></span> <span class='ocrx_word' id='word_1_68' title='bbox 1343 1617 1364 1652; x_wconf 91' lang='lat' dir='ltr'><strong>e.</strong></span> 
     </span>
     <span class='ocr_line' id='line_1_11' title="bbox 298 1688 1366 1752; baseline 0.002 -16"><span class='ocrx_word' id='word_1_69' title='bbox 298 1698 338 1750; x_wconf 78' lang='lat'><strong>34</strong></span> <span class='ocrx_word' id='word_1_70' title='bbox 360 1688 435 1752; x_wconf 86' lang='lat' dir='ltr'><strong>flor.)</strong></span> <span class='ocrx_word' id='word_1_71' title='bbox 454 1689 630 1738; x_wconf 88' lang='lat' dir='ltr'><strong>communitati</strong></span> <span class='ocrx_word' id='word_1_72' title='bbox 650 1689 761 1737; x_wconf 86' lang='lat' dir='ltr'><strong>civitatis</strong></span> <span class='ocrx_word' id='word_1_73' title='bbox 780 1691 875 1738; x_wconf 89' lang='lat' dir='ltr'><strong>montis</strong></span> <span class='ocrx_word' id='word_1_74' title='bbox 894 1689 1030 1738; x_wconf 86' lang='lat' dir='ltr'><strong>Grecensis</strong></span> <span class='ocrx_word' id='word_1_75' title='bbox 1055 1689 1207 1752; x_wconf 85' lang='lat' dir='ltr'><strong>exigendam</strong></span> <span class='ocrx_word' id='word_1_76' title='bbox 1231 1697 1256 1738; x_wconf 89' lang='lat' dir='ltr'><strong>et</strong></span> <span class='ocrx_word' id='word_1_77' title='bbox 1278 1690 1366 1738; x_wconf 88' lang='lat' dir='ltr'><strong>debita</strong></span> 
     </span>
     <span class='ocr_line' id='line_1_12' title="bbox 294 1775 1365 1839; baseline 0.003 -16"><span class='ocrx_word' id='word_1_78' title='bbox 294 1775 469 1834; x_wconf 80' lang='lat' dir='ltr'><strong>victualium,</strong></span> <span class='ocrx_word' id='word_1_79' title='bbox 489 1791 554 1839; x_wconf 88' lang='lat' dir='ltr'><strong>quae</strong></span> <span class='ocrx_word' id='word_1_80' title='bbox 573 1777 667 1826; x_wconf 80' lang='lat' dir='ltr'><strong>Petrus</strong></span> <span class='ocrx_word' id='word_1_81' title='bbox 686 1777 798 1826; x_wconf 86' lang='lat' dir='ltr'><strong>Talovac</strong></span> <span class='ocrx_word' id='word_1_82' title='bbox 826 1793 883 1826; x_wconf 88' lang='lat' dir='ltr'><strong>curn</strong></span> <span class='ocrx_word' id='word_1_83' title='bbox 908 1793 954 1828; x_wconf 91' lang='lat' dir='ltr'><strong>sua</strong></span> <span class='ocrx_word' id='word_1_84' title='bbox 978 1776 1077 1827; x_wconf 82' lang='lat' dir='ltr'><strong>familia</strong></span> <span class='ocrx_word' id='word_1_85' title='bbox 1101 1778 1128 1826; x_wconf 91' lang='lat' dir='ltr'><strong>in</strong></span> <span class='ocrx_word' id='word_1_86' title='bbox 1153 1777 1243 1826; x_wconf 86' lang='lat' dir='ltr'><strong>eadem</strong></span> <span class='ocrx_word' id='word_1_87' title='bbox 1261 1779 1365 1827; x_wconf 88' lang='lat' dir='ltr'><strong>civitate</strong></span> 
     </span>
     <span class='ocr_line' id='line_1_13' title="bbox 296 1863 1366 1930; baseline 0.004 -20"><span class='ocrx_word' id='word_1_88' title='bbox 296 1863 422 1921; x_wconf 86' lang='lat' dir='ltr'><strong>fecisset,</strong></span> <span class='ocrx_word' id='word_1_89' title='bbox 442 1865 620 1914; x_wconf 86' lang='lat' dir='ltr'><strong>communitati</strong></span> <span class='ocrx_word' id='word_1_90' title='bbox 639 1864 820 1914; x_wconf 83' lang='lat' dir='ltr'><strong>exsolvendam</strong></span> <span class='ocrx_word' id='word_1_91' title='bbox 845 1879 901 1914; x_wconf 87' lang='lat' dir='ltr'><strong>sese</strong></span> <span class='ocrx_word' id='word_1_92' title='bbox 924 1866 1083 1914; x_wconf 87' lang='lat' dir='ltr'><strong>commisisse</strong></span> <span class='ocrx_word' id='word_1_93' title='bbox 1107 1866 1135 1914; x_wconf 89' lang='grc'><strong>11</strong></span> <span class='ocrx_word' id='word_1_94' title='bbox 1160 1865 1265 1929; x_wconf 86' lang='lat' dir='ltr'><strong>publico</strong></span> <span class='ocrx_word' id='word_1_95' title='bbox 1291 1864 1366 1930; x_wconf 84' lang='lat' dir='ltr'><strong>profi-</strong></span> 
     </span>
     <span class='ocr_line' id='line_1_14' title="bbox 298 1957 1362 2000; baseline 0.003 -1"><span class='ocrx_word' id='word_1_96' title='bbox 298 1957 397 2000; x_wconf 87' lang='lat' dir='ltr'><strong>tentur</strong></span> <span class='ocrx_word' id='word_1_97' title='bbox 409 1977 1362 1993; x_wconf 68' lang='lat'><em>······················································</em></span> 
     </span>
    </p>
   </div>
   <div class='ocr_carea' id='block_1_4' title="bbox 217 2059 1368 2920">
    <p class='ocr_par' dir='ltr' id='par_1_5' title="bbox 217 2059 1367 2302">
     <span class='ocr_line' id='line_1_15' title="bbox 217 2059 1367 2125; baseline 0.002 -18"><span class='ocrx_word' id='word_1_98' title='bbox 217 2067 266 2120; x_wconf 81' lang='grc'><strong>95.</strong></span> <span class='ocrx_word' id='word_1_99' title='bbox 300 2059 393 2108; x_wconf 86' lang='lat' dir='ltr'><strong>Anno</strong></span> <span class='ocrx_word' id='word_1_100' title='bbox 415 2059 489 2122; x_wconf 87' lang='lat'>1436.</span> <span class='ocrx_word' id='word_1_101' title='bbox 510 2061 623 2124; x_wconf 87' lang='lat' dir='ltr'><strong>Iujuriae</strong></span> <span class='ocrx_word' id='word_1_102' title='bbox 648 2059 795 2125; x_wconf 73' lang='lat' dir='ltr'><strong>ecapitulo</strong></span> <span class='ocrx_word' id='word_1_103' title='bbox 819 2061 921 2124; x_wconf 84' lang='lat' dir='ltr'><strong>zagrab.</strong></span> <span class='ocrx_word' id='word_1_104' title='bbox 946 2060 1045 2109; x_wconf 78' lang='lat' dir='ltr'><strong>civibus</strong></span> <span class='ocrx_word' id='word_1_105' title='bbox 1071 2060 1245 2109; x_wconf 85' lang='lat' dir='ltr'><strong>Grecensibus</strong></span> <span class='ocrx_word' id='word_1_106' title='bbox 1270 2059 1367 2120; x_wconf 88' lang='lat' dir='ltr'><strong>illatae,</strong></span> 
     </span>
     <span class='ocr_line' id='line_1_16' title="bbox 301 2148 1362 2196; baseline 0.001 -1"><span class='ocrx_word' id='word_1_107' title='bbox 301 2148 456 2196; x_wconf 78' lang='lat' dir='ltr'><strong>referuntur</strong></span> <span class='ocrx_word' id='word_1_108' title='bbox 462 2173 1362 2190; x_wconf 59' lang='lat'><strong>···················································</strong></span> 
     </span>
     <span class='ocr_line' id='line_1_17' title="bbox 346 2237 1367 2302; baseline 0.002 -17"><span class='ocrx_word' id='word_1_109' title='bbox 346 2237 428 2285; x_wconf 82' lang='lat' dir='ltr'><strong>Auno</strong></span> <span class='ocrx_word' id='word_1_110' title='bbox 451 2237 524 2300; x_wconf 83' lang='lat'><strong>1436,</strong></span> <span class='ocrx_word' id='word_1_111' title='bbox 546 2249 568 2300; x_wconf 87' lang='lat'><strong>3.</strong></span> <span class='ocrx_word' id='word_1_112' title='bbox 585 2237 659 2302; x_wconf 89' lang='lat' dir='ltr'><strong>Julii.</strong></span> <span class='ocrx_word' id='word_1_113' title='bbox 680 2239 706 2286; x_wconf 89' lang='lat' dir='ltr'>A</span> <span class='ocrx_word' id='word_1_114' title='bbox 728 2237 894 2302; x_wconf 87' lang='lat' dir='ltr'><strong>Sigismundo</strong></span> <span class='ocrx_word' id='word_1_115' title='bbox 913 2237 1064 2300; x_wconf 86' lang='lat' dir='ltr'><strong>Hungariae</strong></span> <span class='ocrx_word' id='word_1_116' title='bbox 1077 2243 1125 2289; x_wconf 88' lang='lat' dir='ltr'><strong>etc.</strong></span> <span class='ocrx_word' id='word_1_117' title='bbox 1138 2253 1206 2300; x_wconf 86' lang='lat' dir='ltr'><strong>rege,</strong></span> <span class='ocrx_word' id='word_1_118' title='bbox 1221 2238 1367 2287; x_wconf 90' lang='lat' dir='ltr'><strong>Eberhardi</strong></span> 
     </span>
    </p>

    <p class='ocr_par' dir='ltr' id='par_1_6' title="bbox 304 2317 1367 2464">
     <span class='ocr_line' id='line_1_18' title="bbox 306 2317 1367 2390; baseline 0.001 -16"><span class='ocrx_word' id='word_1_119' title='bbox 306 2324 403 2374; x_wconf 76' lang='lat' dir='ltr'><strong>Alban</strong></span> <span class='ocrx_word' id='word_1_120' title='bbox 428 2326 544 2390; x_wconf 88' lang='lat' dir='ltr'><strong>episcopi</strong></span> <span class='ocrx_word' id='word_1_121' title='bbox 571 2327 671 2389; x_wconf 82' lang='lat' dir='ltr'><strong>zagrab.</strong></span> <span class='ocrx_word' id='word_1_122' title='bbox 701 2325 814 2390; x_wconf 87' lang='lat' dir='ltr'><strong>legatum</strong></span> <span class='ocrx_word' id='word_1_123' title='bbox 842 2342 900 2374; x_wconf 89' lang='lat' dir='ltr'><strong>arae</strong></span> <span class='ocrx_word' id='word_1_124' title='bbox 928 2342 947 2377; x_wconf 88' lang='lat' dir='ltr'><strong>s.</strong></span> <span class='ocrx_word' id='word_1_125' title='bbox 973 2327 1055 2374; x_wconf 88' lang='lat' dir='ltr'><strong>crucis</strong></span> <span class='ocrx_word' id='word_1_126' title='bbox 1082 2327 1110 2374; x_wconf 92' lang='lat' dir='ltr'><strong>in</strong></span> <span class='ocrx_word' id='word_1_127' title='bbox 1138 2325 1199 2376; x_wconf 88' lang='lat' dir='ltr'><strong>eccl.</strong></span> <span class='ocrx_word' id='word_1_128' title='bbox 1226 2317 1367 2376; x_wconf 73' lang='lat' dir='ltr'><strong>cathedrali</strong></span> 
     </span>
     <span class='ocr_line' id='line_1_19' title="bbox 304 2415 1359 2464; baseline 0.001 -2"><span class='ocrx_word' id='word_1_129' title='bbox 304 2415 424 2464; x_wconf 83' lang='lat' dir='ltr'><strong>sancitur</strong></span> <span class='ocrx_word' id='word_1_130' title='bbox 440 2439 1359 2454; x_wconf 85' lang='lat'>···················································</span> 
     </span>
    </p>

    <p class='ocr_par' dir='ltr' id='par_1_7' title="bbox 232 2501 1368 2920">
     <span class='ocr_line' id='line_1_20' title="bbox 232 2501 1365 2568; baseline 0.001 -17"><span class='ocrx_word' id='word_1_131' title='bbox 232 2502 279 2562; x_wconf 85' lang='lat'><strong>96.</strong></span> <span class='ocrx_word' id='word_1_132' title='bbox 314 2507 393 2552; x_wconf 88' lang='lat' dir='ltr'><strong>Anno</strong></span> <span class='ocrx_word' id='word_1_133' title='bbox 415 2501 489 2566; x_wconf 84' lang='lat'><strong>1436,</strong></span> <span class='ocrx_word' id='word_1_134' title='bbox 510 2515 533 2567; x_wconf 89' lang='lat'><strong>7.</strong></span> <span class='ocrx_word' id='word_1_135' title='bbox 553 2505 676 2568; x_wconf 81' lang='lat' dir='ltr'><strong>Augusti,</strong></span> <span class='ocrx_word' id='word_1_136' title='bbox 702 2503 756 2554; x_wconf 92' lang='lat' dir='ltr'><strong>Sub</strong></span> <span class='ocrx_word' id='word_1_137' title='bbox 776 2510 859 2553; x_wconf 88' lang='lat' dir='ltr'><strong>castro</strong></span> <span class='ocrx_word' id='word_1_138' title='bbox 884 2505 943 2568; x_wconf 90' lang='lat' dir='ltr'><strong>Zyri</strong></span> <span class='ocrx_word' id='word_1_139' title='bbox 978 2503 1113 2552; x_wconf 89' lang='lat' dir='ltr'><strong>Mathacus</strong></span> <span class='ocrx_word' id='word_1_140' title='bbox 1138 2503 1251 2552; x_wconf 85' lang='lat' dir='ltr'><strong>Talovac</strong></span> <span class='ocrx_word' id='word_1_141' title='bbox 1276 2503 1365 2560; x_wconf 88' lang='lat' dir='ltr'><strong>banus,</strong></span> 
     </span>
     <span class='ocr_line' id='line_1_21' title="bbox 309 2591 1367 2657; baseline 0.002 -19"><span class='ocrx_word' id='word_1_142' title='bbox 309 2591 417 2654; x_wconf 86' lang='lat' dir='ltr'><strong>egregio</strong></span> <span class='ocrx_word' id='word_1_143' title='bbox 437 2591 569 2656; x_wconf 87' lang='lat' dir='ltr'><strong>Stephano</strong></span> <span class='ocrx_word' id='word_1_144' title='bbox 588 2591 696 2640; x_wconf 85' lang='lat' dir='ltr'><strong>Biclrele</strong></span> <span class='ocrx_word' id='word_1_145' title='bbox 720 2594 753 2640; x_wconf 93' lang='lat' dir='ltr'><strong>de</strong></span> <span class='ocrx_word' id='word_1_146' title='bbox 772 2591 915 2648; x_wconf 87' lang='lat' dir='ltr'><strong>Zelinavar,</strong></span> <span class='ocrx_word' id='word_1_147' title='bbox 941 2599 966 2640; x_wconf 88' lang='lat' dir='ltr'><strong>et</strong></span> <span class='ocrx_word' id='word_1_148' title='bbox 990 2592 1085 2648; x_wconf 90' lang='lat' dir='ltr'><strong>comiti,</strong></span> <span class='ocrx_word' id='word_1_149' title='bbox 1105 2591 1307 2648; x_wconf 86' lang='lat' dir='ltr'><strong>vicecomitibus,</strong></span> <span class='ocrx_word' id='word_1_150' title='bbox 1328 2593 1367 2657; x_wconf 85' lang='lat' dir='ltr'><strong>ju·</strong></span> 
     </span>
     <span class='ocr_line' id='line_1_22' title="bbox 308 2679 1368 2744; baseline 0.002 -16"><span class='ocrx_word' id='word_1_151' title='bbox 308 2681 464 2742; x_wconf 88' lang='lat' dir='ltr'><strong>dicibusqne</strong></span> <span class='ocrx_word' id='word_1_152' title='bbox 484 2679 611 2729; x_wconf 87' lang='lat' dir='ltr'><strong>nobilium</strong></span> <span class='ocrx_word' id='word_1_153' title='bbox 635 2679 771 2729; x_wconf 86' lang='lat' dir='ltr'><strong>comitatus</strong></span> <span class='ocrx_word' id='word_1_154' title='bbox 797 2680 897 2743; x_wconf 85' lang='lat' dir='ltr'><strong>zagrab.</strong></span> <span class='ocrx_word' id='word_1_155' title='bbox 925 2681 1058 2744; x_wconf 86' lang='lat' dir='ltr'><strong>praecipit,</strong></span> <span class='ocrx_word' id='word_1_156' title='bbox 1085 2696 1118 2728; x_wconf 88' lang='lat' dir='ltr'><strong>ne</strong></span> <span class='ocrx_word' id='word_1_157' title='bbox 1142 2680 1169 2727; x_wconf 90' lang='lat' dir='ltr'><strong>in</strong></span> <span class='ocrx_word' id='word_1_158' title='bbox 1198 2695 1282 2739; x_wconf 83' lang='lat' dir='ltr'><strong>causa,</strong></span> <span class='ocrx_word' id='word_1_159' title='bbox 1301 2695 1368 2744; x_wconf 84' lang='lat' dir='ltr'><strong>quae</strong></span> 
     </span>
     <span class='ocr_line' id='line_1_23' title="bbox 309 2767 1367 2832; baseline 0.002 -16"><span class='ocrx_word' id='word_1_160' title='bbox 309 2768 379 2817; x_wconf 91' lang='lat' dir='ltr'><strong>inter</strong></span> <span class='ocrx_word' id='word_1_161' title='bbox 398 2769 606 2817; x_wconf 88' lang='lat' dir='ltr'><strong>communitatem</strong></span> <span class='ocrx_word' id='word_1_162' title='bbox 626 2768 738 2816; x_wconf 90' lang='lat' dir='ltr'><strong>civitatis</strong></span> <span class='ocrx_word' id='word_1_163' title='bbox 762 2775 788 2816; x_wconf 94' lang='lat' dir='ltr'><strong>et</strong></span> <span class='ocrx_word' id='word_1_164' title='bbox 810 2767 952 2831; x_wconf 89' lang='lat' dir='ltr'><strong>capitulum</strong></span> <span class='ocrx_word' id='word_1_165' title='bbox 977 2767 1009 2815; x_wconf 91' lang='lat' dir='ltr'><strong>de</strong></span> <span class='ocrx_word' id='word_1_166' title='bbox 1034 2767 1156 2830; x_wconf 83' lang='lat' dir='ltr'><strong>litigiosis</strong></span> <span class='ocrx_word' id='word_1_167' title='bbox 1182 2768 1250 2830; x_wconf 89' lang='lat' dir='ltr'><strong>agris</strong></span> <span class='ocrx_word' id='word_1_168' title='bbox 1275 2770 1367 2832; x_wconf 83' lang='lat' dir='ltr'><strong>agitur,</strong></span> 
     </span>
     <span class='ocr_line' id='line_1_24' title="bbox 309 2855 1361 2920; baseline 0.001 -16"><span class='ocrx_word' id='word_1_169' title='bbox 309 2856 437 2920; x_wconf 84' lang='lat' dir='ltr'><strong>judicium</strong></span> <span class='ocrx_word' id='word_1_170' title='bbox 456 2855 559 2919; x_wconf 86' lang='lat' dir='ltr'><strong>iaciant,</strong></span> <span class='ocrx_word' id='word_1_171' title='bbox 579 2857 728 2920; x_wconf 87' lang='lat' dir='ltr'><strong>priusquam</strong></span> <span class='ocrx_word' id='word_1_172' title='bbox 748 2855 804 2920; x_wconf 89' lang='lat' dir='ltr'><strong>ipse</strong></span> <span class='ocrx_word' id='word_1_173' title='bbox 822 2855 963 2904; x_wconf 86' lang='lat' dir='ltr'><strong>decreverit</strong></span> <span class='ocrx_word' id='word_1_174' title='bbox 980 2881 1361 2894; x_wconf 86' lang='lat'>······················</span> 
     </span>
    </p>
   </div>
   <div class='ocr_carea' id='block_1_5' title="bbox 235 2943 1369 3206">
    <p class='ocr_par' dir='ltr' id='par_1_8' title="bbox 235 2943 1369 3206">
     <span class='ocr_line' id='line_1_25' title="bbox 235 2943 1368 3026; baseline 0 -14"><span class='ocrx_word' id='word_1_175' title='bbox 235 2973 281 3025; x_wconf 88' lang='lat'><strong>97.</strong></span> <span class='ocrx_word' id='word_1_176' title='bbox 313 2965 393 3012; x_wconf 80' lang='lat' dir='ltr'><strong>Anno</strong></span> <span class='ocrx_word' id='word_1_177' title='bbox 415 2964 489 3026; x_wconf 84' lang='lat'><strong>1436,</strong></span> <span class='ocrx_word' id='word_1_178' title='bbox 513 2975 552 3012; x_wconf 89' lang='lat'><strong>12.</strong></span> <span class='ocrx_word' id='word_1_179' title='bbox 572 2964 691 3026; x_wconf 83' lang='lat' dir='ltr'><strong>Augusti.</strong></span> <span class='ocrx_word' id='word_1_180' title='bbox 714 2962 837 3026; x_wconf 84' lang='lat' dir='ltr'><strong>lglaviae.</strong></span> <span class='ocrx_word' id='word_1_181' title='bbox 861 2962 1050 3026; x_wconf 84' lang='lat' dir='ltr'><strong>Sigismundus,</strong></span> <span class='ocrx_word' id='word_1_182' title='bbox 1071 2943 1221 3025; x_wconf 86' lang='lat' dir='ltr'><strong>Hungariae</strong></span> <span class='ocrx_word' id='word_1_183' title='bbox 1245 2971 1294 3012; x_wconf 90' lang='lat' dir='ltr'><strong>etc.</strong></span> <span class='ocrx_word' id='word_1_184' title='bbox 1315 2979 1368 3022; x_wconf 83' lang='lat' dir='ltr'><strong>rex,</strong></span> 
     </span>
     <span class='ocr_line' id='line_1_26' title="bbox 313 3050 1369 3116; baseline 0 -16"><span class='ocrx_word' id='word_1_185' title='bbox 313 3052 463 3101; x_wconf 86' lang='lat' dir='ltr'><strong>Mathaeum</strong></span> <span class='ocrx_word' id='word_1_186' title='bbox 483 3051 595 3101; x_wconf 81' lang='lat' dir='ltr'><strong>Talovac</strong></span> <span class='ocrx_word' id='word_1_187' title='bbox 613 3053 708 3100; x_wconf 89' lang='lat' dir='ltr'><strong>banum</strong></span> <span class='ocrx_word' id='word_1_188' title='bbox 733 3053 872 3116; x_wconf 86' lang='lat' dir='ltr'><strong>vituperat,</strong></span> <span class='ocrx_word' id='word_1_189' title='bbox 896 3052 966 3114; x_wconf 89' lang='lat' dir='ltr'><strong>quod</strong></span> <span class='ocrx_word' id='word_1_190' title='bbox 991 3050 1120 3114; x_wconf 90' lang='lat' dir='ltr'><strong>litigiosos</strong></span> <span class='ocrx_word' id='word_1_191' title='bbox 1145 3052 1270 3114; x_wconf 84' lang='lat' dir='ltr'><strong>quosdam</strong></span> <span class='ocrx_word' id='word_1_192' title='bbox 1294 3068 1369 3115; x_wconf 84' lang='lat' dir='ltr'><strong>agros</strong></span> 
     </span>
     <span class='ocr_line' id='line_1_27' title="bbox 313 3139 1286 3206; baseline -0.002 -16"><span class='ocrx_word' id='word_1_193' title='bbox 313 3140 427 3206; x_wconf 87' lang='lat' dir='ltr'><strong>capitulo</strong></span> <span class='ocrx_word' id='word_1_194' title='bbox 446 3141 605 3203; x_wconf 80' lang='lat' dir='ltr'><strong>zagrabiensi</strong></span> <span class='ocrx_word' id='word_1_195' title='bbox 624 3141 790 3205; x_wconf 87' lang='lat' dir='ltr'><strong>adjudicavit,</strong></span> <span class='ocrx_word' id='word_1_196' title='bbox 809 3139 1006 3204; x_wconf 86' lang='lat' dir='ltr'><strong>litigatoresqne</strong></span> <span class='ocrx_word' id='word_1_197' title='bbox 1024 3139 1052 3188; x_wconf 90' lang='lat' dir='ltr'><strong>in</strong></span> <span class='ocrx_word' id='word_1_198' title='bbox 1071 3155 1144 3188; x_wconf 89' lang='lat' dir='ltr'><strong>suum</strong></span> <span class='ocrx_word' id='word_1_199' title='bbox 1162 3139 1204 3203; x_wconf 84' lang='lat' dir='ltr'><strong>jus</strong></span> <span class='ocrx_word' id='word_1_200' title='bbox 1223 3141 1286 3188; x_wconf 86' lang='lat' dir='ltr'><strong>citat</strong></span> 
     </span>
    </p>
   </div>
   <div class='ocr_carea' id='block_1_6' title="bbox 240 3245 1370 3576">
    <p class='ocr_par' dir='ltr' id='par_1_9' title="bbox 240 3245 1370 3576">
     <span class='ocr_line' id='line_1_28' title="bbox 240 3245 1368 3310; baseline -0.002 -14"><span class='ocrx_word' id='word_1_201' title='bbox 240 3249 286 3306; x_wconf 80' lang='grc'><strong>98.</strong></span> <span class='ocrx_word' id='word_1_202' title='bbox 316 3248 396 3296; x_wconf 85' lang='lat' dir='ltr'><strong>Auno</strong></span> <span class='ocrx_word' id='word_1_203' title='bbox 418 3246 491 3310; x_wconf 84' lang='lat'><strong>1436,</strong></span> <span class='ocrx_word' id='word_1_204' title='bbox 514 3259 545 3310; x_wconf 90' lang='lat'><strong>14</strong></span> <span class='ocrx_word' id='word_1_205' title='bbox 573 3247 689 3310; x_wconf 84' lang='lat' dir='ltr'><strong>Augusti</strong></span> <span class='ocrx_word' id='word_1_206' title='bbox 720 3245 843 3310; x_wconf 87' lang='lat' dir='ltr'><strong>Iglaviae.</strong></span> <span class='ocrx_word' id='word_1_207' title='bbox 869 3245 1058 3310; x_wconf 87' lang='lat' dir='ltr'><strong>Sigismundus‚</strong></span> <span class='ocrx_word' id='word_1_208' title='bbox 1078 3246 1229 3308; x_wconf 84' lang='lat' dir='ltr'><strong>Hungariae</strong></span> <span class='ocrx_word' id='word_1_209' title='bbox 1248 3255 1296 3297; x_wconf 90' lang='lat' dir='ltr'><strong>etc.</strong></span> <span class='ocrx_word' id='word_1_210' title='bbox 1315 3262 1368 3304; x_wconf 86' lang='lat' dir='ltr'><strong>rex,</strong></span> 
     </span>
     <span class='ocr_line' id='line_1_29' title="bbox 312 3334 1368 3399; baseline 0 -15"><span class='ocrx_word' id='word_1_211' title='bbox 312 3336 394 3398; x_wconf 86' lang='lat' dir='ltr'><strong>judici</strong></span> <span class='ocrx_word' id='word_1_212' title='bbox 414 3337 500 3385; x_wconf 87' lang='lat' dir='ltr'><strong>curiae</strong></span> <span class='ocrx_word' id='word_1_213' title='bbox 518 3342 544 3385; x_wconf 88' lang='lat' dir='ltr'><strong>et</strong></span> <span class='ocrx_word' id='word_1_214' title='bbox 563 3336 701 3386; x_wconf 86' lang='lat' dir='ltr'><strong>Slavoniae</strong></span> <span class='ocrx_word' id='word_1_215' title='bbox 721 3337 794 3399; x_wconf 84' lang='lat' dir='ltr'><strong>regni</strong></span> <span class='ocrx_word' id='word_1_216' title='bbox 813 3335 879 3383; x_wconf 89' lang='lat' dir='ltr'><strong>bano</strong></span> <span class='ocrx_word' id='word_1_217' title='bbox 899 3335 1011 3396; x_wconf 87' lang='lat' dir='ltr'><strong>mandat,</strong></span> <span class='ocrx_word' id='word_1_218' title='bbox 1031 3341 1059 3382; x_wconf 91' lang='lat' dir='ltr'><strong>ut</strong></span> <span class='ocrx_word' id='word_1_219' title='bbox 1078 3334 1110 3382; x_wconf 90' lang='lat' dir='ltr'><strong>ad</strong></span> <span class='ocrx_word' id='word_1_220' title='bbox 1128 3335 1212 3398; x_wconf 86' lang='lat' dir='ltr'><strong>ipsius</strong></span> <span class='ocrx_word' id='word_1_221' title='bbox 1230 3334 1368 3384; x_wconf 86' lang='lat' dir='ltr'><strong>adventum</strong></span> 
     </span>
     <span class='ocr_line' id='line_1_30' title="bbox 315 3422 1370 3488; baseline 0.001 -16"><span class='ocrx_word' id='word_1_222' title='bbox 315 3425 343 3472; x_wconf 92' lang='lat' dir='ltr'><strong>in</strong></span> <span class='ocrx_word' id='word_1_223' title='bbox 362 3439 446 3482; x_wconf 88' lang='lat' dir='ltr'><strong>causa,</strong></span> <span class='ocrx_word' id='word_1_224' title='bbox 472 3439 539 3488; x_wconf 89' lang='lat' dir='ltr'><strong>quae</strong></span> <span class='ocrx_word' id='word_1_225' title='bbox 566 3423 633 3473; x_wconf 86' lang='lat' dir='ltr'><strong>inter</strong></span> <span class='ocrx_word' id='word_1_226' title='bbox 661 3424 870 3473; x_wconf 87' lang='lat' dir='ltr'><strong>communitatem</strong></span> <span class='ocrx_word' id='word_1_227' title='bbox 898 3423 993 3472; x_wconf 89' lang='lat' dir='ltr'><strong>montis</strong></span> <span class='ocrx_word' id='word_1_228' title='bbox 1018 3423 1156 3472; x_wconf 85' lang='lat' dir='ltr'><strong>Grecensis</strong></span> <span class='ocrx_word' id='word_1_229' title='bbox 1179 3429 1205 3471; x_wconf 89' lang='lat' dir='ltr'><strong>et</strong></span> <span class='ocrx_word' id='word_1_230' title='bbox 1229 3422 1370 3488; x_wconf 89' lang='lat' dir='ltr'><strong>capitulum</strong></span> 
     </span>
     <span class='ocr_line' id='line_1_31' title="bbox 313 3513 1362 3576; baseline -0.001 -15"><span class='ocrx_word' id='word_1_231' title='bbox 313 3513 406 3574; x_wconf 86' lang='lat' dir='ltr'><strong>agitur,</strong></span> <span class='ocrx_word' id='word_1_232' title='bbox 423 3513 549 3576; x_wconf 89' lang='lat' dir='ltr'><strong>judicium</strong></span> <span class='ocrx_word' id='word_1_233' title='bbox 570 3513 690 3562; x_wconf 85' lang='lat' dir='ltr'><strong>differant</strong></span> <span class='ocrx_word' id='word_1_234' title='bbox 698 3536 1220 3552; x_wconf 87' lang='lat'>·····························</span> <span class='ocrx_word' id='word_1_235' title='bbox 1233 3551 1239 3562; x_wconf 93' lang='lat'><em>.</em></span> <span class='ocrx_word' id='word_1_236' title='bbox 1250 3538 1362 3552; x_wconf 40' lang='lat'><strong><em>·······</em></strong></span> 
     </span>
    </p>
   </div>
   <div class='ocr_carea' id='block_1_7' title="bbox 243 3617 1370 3948">
    <p class='ocr_par' dir='ltr' id='par_1_10' title="bbox 243 3617 1370 3948">
     <span class='ocr_line' id='line_1_32' title="bbox 243 3617 1367 3682; baseline 0 -16"><span class='ocrx_word' id='word_1_237' title='bbox 243 3628 285 3676; x_wconf 84' lang='lat'><strong>99.</strong></span> <span class='ocrx_word' id='word_1_238' title='bbox 313 3621 387 3666; x_wconf 84' lang='lat' dir='ltr'><strong>Auno</strong></span> <span class='ocrx_word' id='word_1_239' title='bbox 410 3617 484 3680; x_wconf 84' lang='lat'><strong>1436,</strong></span> <span class='ocrx_word' id='word_1_240' title='bbox 507 3631 545 3680; x_wconf 88' lang='grc'><strong>13.</strong></span> <span class='ocrx_word' id='word_1_241' title='bbox 566 3618 727 3682; x_wconf 86' lang='lat' dir='ltr'><strong>septembris.</strong></span> <span class='ocrx_word' id='word_1_242' title='bbox 747 3619 843 3668; x_wconf 89' lang='lat' dir='ltr'><strong>Bndae.</strong></span> <span class='ocrx_word' id='word_1_243' title='bbox 869 3617 1058 3681; x_wconf 86' lang='lat' dir='ltr'><strong>Sigismundus,</strong></span> <span class='ocrx_word' id='word_1_244' title='bbox 1078 3617 1228 3680; x_wconf 86' lang='lat' dir='ltr'><strong>Hungariae</strong></span> <span class='ocrx_word' id='word_1_245' title='bbox 1246 3625 1295 3669; x_wconf 87' lang='lat' dir='ltr'><strong>etc.</strong></span> <span class='ocrx_word' id='word_1_246' title='bbox 1315 3634 1367 3676; x_wconf 87' lang='lat' dir='ltr'><strong>rex,</strong></span> 
     </span>
     <span class='ocr_line' id='line_1_33' title="bbox 318 3705 1370 3770; baseline 0.003 -17"><span class='ocrx_word' id='word_1_247' title='bbox 318 3707 395 3762; x_wconf 90' lang='lat' dir='ltr'><strong>cives,</strong></span> <span class='ocrx_word' id='word_1_248' title='bbox 415 3707 459 3769; x_wconf 90' lang='lat' dir='ltr'><strong>qui</strong></span> <span class='ocrx_word' id='word_1_249' title='bbox 481 3708 571 3755; x_wconf 82' lang='grc'>1111111</span> <span class='ocrx_word' id='word_1_250' title='bbox 598 3708 702 3756; x_wconf 89' lang='lat' dir='ltr'><strong>domum</strong></span> <span class='ocrx_word' id='word_1_251' title='bbox 726 3705 908 3756; x_wconf 87' lang='lat' dir='ltr'><strong>tricesimalem</strong></span> <span class='ocrx_word' id='word_1_252' title='bbox 932 3707 1031 3770; x_wconf 86' lang='lat' dir='ltr'><strong>impetu</strong></span> <span class='ocrx_word' id='word_1_253' title='bbox 1056 3706 1124 3754; x_wconf 88' lang='grc'>11110</span> <span class='ocrx_word' id='word_1_254' title='bbox 1150 3705 1325 3770; x_wconf 88' lang='lat' dir='ltr'><strong>spoliaverunt</strong></span> <span class='ocrx_word' id='word_1_255' title='bbox 1344 3715 1370 3756; x_wconf 95' lang='grc'><strong>11</strong></span> 
     </span>
     <span class='ocr_line' id='line_1_34' title="bbox 315 3794 1369 3860; baseline 0.002 -18"><span class='ocrx_word' id='word_1_256' title='bbox 315 3795 436 3843; x_wconf 90' lang='lat' dir='ltr'><strong>damnum</strong></span> <span class='ocrx_word' id='word_1_257' title='bbox 453 3807 513 3857; x_wconf 85' lang='lat'>400.</span> <span class='ocrx_word' id='word_1_258' title='bbox 533 3795 686 3844; x_wconf 87' lang='lat' dir='ltr'><strong>florenorum</strong></span> <span class='ocrx_word' id='word_1_259' title='bbox 705 3796 916 3860; x_wconf 86' lang='lat' dir='ltr'><strong>importaverunt,</strong></span> <span class='ocrx_word' id='word_1_260' title='bbox 935 3795 1035 3843; x_wconf 87' lang='lat' dir='ltr'><strong>acerbis</strong></span> <span class='ocrx_word' id='word_1_261' title='bbox 1051 3794 1137 3843; x_wconf 91' lang='lat' dir='ltr'><strong>verbis</strong></span> <span class='ocrx_word' id='word_1_262' title='bbox 1151 3795 1286 3859; x_wconf 88' lang='lat' dir='ltr'><strong>vituperat,</strong></span> <span class='ocrx_word' id='word_1_263' title='bbox 1300 3811 1369 3844; x_wconf 84' lang='lat' dir='ltr'><strong>man·</strong></span> 
     </span>
     <span class='ocr_line' id='line_1_35' title="bbox 314 3883 1366 3948; baseline 0.001 -16"><span class='ocrx_word' id='word_1_264' title='bbox 314 3883 409 3946; x_wconf 84' lang='lat' dir='ltr'><strong>datque</strong></span> <span class='ocrx_word' id='word_1_265' title='bbox 427 3885 468 3948; x_wconf 90' lang='lat' dir='ltr'><strong>iis,</strong></span> <span class='ocrx_word' id='word_1_266' title='bbox 488 3890 516 3932; x_wconf 91' lang='lat' dir='ltr'><strong>ut</strong></span> <span class='ocrx_word' id='word_1_267' title='bbox 535 3885 621 3933; x_wconf 85' lang='lat' dir='ltr'><strong>statim</strong></span> <span class='ocrx_word' id='word_1_268' title='bbox 641 3883 725 3948; x_wconf 88' lang='lat' dir='ltr'><strong>spolia</strong></span> <span class='ocrx_word' id='word_1_269' title='bbox 743 3884 851 3933; x_wconf 87' lang='lat' dir='ltr'><strong>reddant</strong></span> <span class='ocrx_word' id='word_1_270' title='bbox 876 3909 1115 3922; x_wconf 87' lang='lat'>··············</span> <span class='ocrx_word' id='word_1_271' title='bbox 1128 3922 1133 3932; x_wconf 93' lang='lat'>.</span> <span class='ocrx_word' id='word_1_272' title='bbox 1145 3909 1366 3922; x_wconf 88' lang='lat'>············</span> 
     </span>
    </p>
   </div>
   <div class='ocr_carea' id='block_1_8' title="bbox 233 3989 1371 5115">
    <p class='ocr_par' dir='ltr' id='par_1_11' title="bbox 233 3989 1371 5115">
     <span class='ocr_line' id='line_1_36' title="bbox 233 3989 1369 4055; baseline 0 -16"><span class='ocrx_word' id='word_1_273' title='bbox 233 4002 287 4041; x_wconf 89' lang='grc'>100.</span> <span class='ocrx_word' id='word_1_274' title='bbox 317 3991 397 4040; x_wconf 91' lang='lat' dir='ltr'><strong>Anno</strong></span> <span class='ocrx_word' id='word_1_275' title='bbox 418 3990 491 4054; x_wconf 86' lang='lat'><strong>1436,</strong></span> <span class='ocrx_word' id='word_1_276' title='bbox 514 4003 555 4052; x_wconf 87' lang='lat'><strong>29.</strong></span> <span class='ocrx_word' id='word_1_277' title='bbox 575 3990 736 4055; x_wconf 87' lang='lat' dir='ltr'><strong>septembris.</strong></span> <span class='ocrx_word' id='word_1_278' title='bbox 757 3991 925 4054; x_wconf 87' lang='lat' dir='ltr'><strong>Magistratus</strong></span> <span class='ocrx_word' id='word_1_279' title='bbox 947 3989 1058 4038; x_wconf 87' lang='lat' dir='ltr'><strong>civitatis</strong></span> <span class='ocrx_word' id='word_1_280' title='bbox 1084 3990 1221 4039; x_wconf 88' lang='lat' dir='ltr'><strong>Grecensis</strong></span> <span class='ocrx_word' id='word_1_281' title='bbox 1243 3991 1369 4039; x_wconf 88' lang='lat' dir='ltr'><strong>cambium</strong></span> 
     </span>
     <span class='ocr_line' id='line_1_37' title="bbox 315 4077 1365 4143; baseline -0.002 -15"><span class='ocrx_word' id='word_1_282' title='bbox 315 4080 381 4128; x_wconf 90' lang='lat' dir='ltr'><strong>inter</strong></span> <span class='ocrx_word' id='word_1_283' title='bbox 399 4077 553 4128; x_wconf 90' lang='lat' dir='ltr'><strong>Michaelem</strong></span> <span class='ocrx_word' id='word_1_284' title='bbox 572 4079 710 4143; x_wconf 82' lang='lat' dir='ltr'><strong>lapicidam</strong></span> <span class='ocrx_word' id='word_1_285' title='bbox 730 4085 756 4126; x_wconf 91' lang='lat' dir='ltr'><strong>et</strong></span> <span class='ocrx_word' id='word_1_286' title='bbox 776 4079 902 4128; x_wconf 89' lang='lat' dir='ltr'><strong>Mathiam</strong></span> <span class='ocrx_word' id='word_1_287' title='bbox 922 4086 1045 4127; x_wconf 85' lang='lat' dir='ltr'><strong>sartorem</strong></span> <span class='ocrx_word' id='word_1_288' title='bbox 1065 4077 1199 4126; x_wconf 84' lang='lat' dir='ltr'><strong>confirmat</strong></span> <span class='ocrx_word' id='word_1_289' title='bbox 1217 4105 1365 4117; x_wconf 88' lang='lat'>·········</span> 
     </span>
     <span class='ocr_line' id='line_1_38' title="bbox 233 4165 1369 4230; baseline 0.001 -16"><span class='ocrx_word' id='word_1_290' title='bbox 233 4178 287 4218; x_wconf 89' lang='grc'>101.</span> <span class='ocrx_word' id='word_1_291' title='bbox 316 4169 391 4215; x_wconf 71' lang='lat' dir='ltr'><strong>rinno</strong></span> <span class='ocrx_word' id='word_1_292' title='bbox 412 4167 486 4229; x_wconf 88' lang='grc'>1436,</span> <span class='ocrx_word' id='word_1_293' title='bbox 510 4166 547 4217; x_wconf 89' lang='grc'><strong>16,</strong></span> <span class='ocrx_word' id='word_1_294' title='bbox 568 4167 689 4218; x_wconf 86' lang='lat' dir='ltr'><strong>octobris.</strong></span> <span class='ocrx_word' id='word_1_295' title='bbox 710 4167 859 4230; x_wconf 84' lang='lat' dir='ltr'><strong>Zagrabiae.</strong></span> <span class='ocrx_word' id='word_1_296' title='bbox 876 4167 1019 4230; x_wconf 86' lang='lat' dir='ltr'><strong>Johannes,</strong></span> <span class='ocrx_word' id='word_1_297' title='bbox 1039 4166 1118 4214; x_wconf 87' lang='lat' dir='ltr'><strong>abbas</strong></span> <span class='ocrx_word' id='word_1_298' title='bbox 1138 4165 1245 4216; x_wconf 88' lang='lat' dir='ltr'><strong>Cisterc.</strong></span> <span class='ocrx_word' id='word_1_299' title='bbox 1259 4168 1369 4230; x_wconf 87' lang='lat' dir='ltr'><strong>zagrab.,</strong></span> 
     </span>
     <span class='ocr_line' id='line_1_39' title="bbox 315 4255 1371 4320; baseline 0.001 -17"><span class='ocrx_word' id='word_1_300' title='bbox 315 4257 497 4304; x_wconf 87' lang='lat' dir='ltr'><strong>communitate</strong></span> <span class='ocrx_word' id='word_1_301' title='bbox 514 4262 634 4319; x_wconf 87' lang='lat' dir='ltr'><strong>precante</strong></span> <span class='ocrx_word' id='word_1_302' title='bbox 652 4256 737 4305; x_wconf 90' lang='lat' dir='ltr'><strong>eidem</strong></span> <span class='ocrx_word' id='word_1_303' title='bbox 757 4255 888 4320; x_wconf 79' lang='lat' dir='ltr'><strong>exemplar</strong></span> <span class='ocrx_word' id='word_1_304' title='bbox 908 4255 1051 4304; x_wconf 88' lang='lat' dir='ltr'><strong>litterarum</strong></span> <span class='ocrx_word' id='word_1_305' title='bbox 1071 4256 1138 4318; x_wconf 91' lang='lat' dir='ltr'><strong>regis</strong></span> <span class='ocrx_word' id='word_1_306' title='bbox 1158 4256 1325 4319; x_wconf 83' lang='lat' dir='ltr'><strong>Sigismundi,</strong></span> <span class='ocrx_word' id='word_1_307' title='bbox 1339 4257 1371 4304; x_wconf 92' lang='lat' dir='ltr'><strong>de</strong></span> 
     </span>
     <span class='ocr_line' id='line_1_40' title="bbox 315 4341 1363 4406; baseline 0.002 -16"><span class='ocrx_word' id='word_1_308' title='bbox 315 4341 436 4406; x_wconf 88' lang='lat' dir='ltr'><strong>litigiosis</strong></span> <span class='ocrx_word' id='word_1_309' title='bbox 454 4343 608 4405; x_wconf 88' lang='lat' dir='ltr'><strong>quibusdam</strong></span> <span class='ocrx_word' id='word_1_310' title='bbox 627 4343 701 4405; x_wconf 91' lang='lat' dir='ltr'><strong>agris.</strong></span> <span class='ocrx_word' id='word_1_311' title='bbox 723 4343 800 4392; x_wconf 89' lang='lat' dir='ltr'><strong>tradit</strong></span> <span class='ocrx_word' id='word_1_312' title='bbox 822 4369 1363 4382; x_wconf 43' lang='lat'><strong>·······························</strong></span> 
     </span>
     <span class='ocr_line' id='line_1_41' title="bbox 233 4430 1369 4496; baseline 0.003 -19"><span class='ocrx_word' id='word_1_313' title='bbox 233 4441 288 4481; x_wconf 89' lang='lat'>102.</span> <span class='ocrx_word' id='word_1_314' title='bbox 316 4431 396 4478; x_wconf 85' lang='lat' dir='ltr'><strong>Anno</strong></span> <span class='ocrx_word' id='word_1_315' title='bbox 417 4430 492 4494; x_wconf 86' lang='lat'><strong>1436,</strong></span> <span class='ocrx_word' id='word_1_316' title='bbox 513 4443 553 4493; x_wconf 88' lang='lat'><strong>23.</strong></span> <span class='ocrx_word' id='word_1_317' title='bbox 573 4431 694 4482; x_wconf 86' lang='lat' dir='ltr'><strong>octobris.</strong></span> <span class='ocrx_word' id='word_1_318' title='bbox 715 4431 961 4494; x_wconf 73' lang='lat' dir='ltr'><strong>Quinqueecclesiis</strong></span> <span class='ocrx_word' id='word_1_319' title='bbox 989 4432 1082 4481; x_wconf 92' lang='lat' dir='ltr'><strong>Coram</strong></span> <span class='ocrx_word' id='word_1_320' title='bbox 1109 4431 1223 4496; x_wconf 88' lang='lat' dir='ltr'><strong>capitulo</strong></span> <span class='ocrx_word' id='word_1_321' title='bbox 1243 4433 1369 4494; x_wconf 89' lang='lat' dir='ltr'><strong>quinque·</strong></span> 
     </span>
     <span class='ocr_line' id='line_1_42' title="bbox 315 4518 1370 4584; baseline 0.003 -18"><span class='ocrx_word' id='word_1_322' title='bbox 315 4518 462 4568; x_wconf 89' lang='lat' dir='ltr'><strong>ecclesiensi</strong></span> <span class='ocrx_word' id='word_1_323' title='bbox 482 4518 582 4582; x_wconf 86' lang='lat' dir='ltr'><strong>legatus</strong></span> <span class='ocrx_word' id='word_1_324' title='bbox 601 4519 707 4584; x_wconf 83' lang='lat' dir='ltr'><strong>capituli</strong></span> <span class='ocrx_word' id='word_1_325' title='bbox 727 4521 899 4584; x_wconf 87' lang='lat' dir='ltr'><strong>zagrabiensis</strong></span> <span class='ocrx_word' id='word_1_326' title='bbox 920 4521 952 4568; x_wconf 94' lang='lat' dir='ltr'><strong>de</strong></span> <span class='ocrx_word' id='word_1_327' title='bbox 971 4520 1121 4569; x_wconf 89' lang='lat' dir='ltr'><strong>venditione</strong></span> <span class='ocrx_word' id='word_1_328' title='bbox 1148 4529 1173 4568; x_wconf 92' lang='lat' dir='ltr'><strong>et</strong></span> <span class='ocrx_word' id='word_1_329' title='bbox 1191 4521 1275 4569; x_wconf 81' lang='lat' dir='ltr'><strong>fructu</strong></span> <span class='ocrx_word' id='word_1_330' title='bbox 1295 4522 1370 4570; x_wconf 87' lang='lat' dir='ltr'><strong>castri</strong></span> 
     </span>
     <span class='ocr_line' id='line_1_43' title="bbox 316 4607 1364 4658; baseline 0.002 -3"><span class='ocrx_word' id='word_1_331' title='bbox 316 4607 427 4655; x_wconf 88' lang='lat' dir='ltr'><strong>Medved</strong></span> <span class='ocrx_word' id='word_1_332' title='bbox 447 4613 536 4656; x_wconf 88' lang='grc'>101111</span> <span class='ocrx_word' id='word_1_333' title='bbox 554 4607 654 4657; x_wconf 87' lang='lat' dir='ltr'><strong>nobiles</strong></span> <span class='ocrx_word' id='word_1_334' title='bbox 675 4608 789 4657; x_wconf 76' lang='lat' dir='ltr'><strong>Albenos</strong></span> <span class='ocrx_word' id='word_1_335' title='bbox 811 4609 1021 4657; x_wconf 89' lang='lat' dir='ltr'><strong>intercessionem</strong></span> <span class='ocrx_word' id='word_1_336' title='bbox 1040 4609 1102 4658; x_wconf 86' lang='lat' dir='ltr'><strong>lacit</strong></span> <span class='ocrx_word' id='word_1_337' title='bbox 1109 4634 1364 4648; x_wconf 88' lang='lat'>···············</span> 
     </span>
     <span class='ocr_line' id='line_1_44' title="bbox 234 4695 1371 4762; baseline 0.004 -20"><span class='ocrx_word' id='word_1_338' title='bbox 234 4707 288 4756; x_wconf 87' lang='grc'>103.</span> <span class='ocrx_word' id='word_1_339' title='bbox 315 4697 395 4745; x_wconf 79' lang='lat' dir='ltr'><strong>Anno</strong></span> <span class='ocrx_word' id='word_1_340' title='bbox 418 4695 493 4759; x_wconf 83' lang='lat'><strong>1436,</strong></span> <span class='ocrx_word' id='word_1_341' title='bbox 517 4709 537 4744; x_wconf 89' lang='lat'><strong>1.</strong></span> <span class='ocrx_word' id='word_1_342' title='bbox 556 4697 710 4749; x_wconf 89' lang='lat' dir='ltr'><strong>novembris.</strong></span> <span class='ocrx_word' id='word_1_343' title='bbox 737 4698 885 4761; x_wconf 85' lang='lat' dir='ltr'><strong>Zagrabiae.</strong></span> <span class='ocrx_word' id='word_1_344' title='bbox 910 4700 942 4746; x_wconf 89' lang='lat' dir='ltr'><strong>In</strong></span> <span class='ocrx_word' id='word_1_345' title='bbox 967 4697 1055 4746; x_wconf 87' lang='lat' dir='ltr'><strong>tabula</strong></span> <span class='ocrx_word' id='word_1_346' title='bbox 1074 4697 1168 4758; x_wconf 86' lang='lat' dir='ltr'><strong>banali‚</strong></span> <span class='ocrx_word' id='word_1_347' title='bbox 1189 4699 1215 4747; x_wconf 92' lang='grc'><strong>11</strong></span> <span class='ocrx_word' id='word_1_348' title='bbox 1234 4700 1371 4762; x_wconf 87' lang='lat' dir='ltr'><strong>quainter</strong></span> 
     </span>
     <span class='ocr_line' id='line_1_45' title="bbox 315 4785 1371 4852; baseline 0.004 -20"><span class='ocrx_word' id='word_1_349' title='bbox 315 4785 456 4848; x_wconf 88' lang='lat' dir='ltr'><strong>capitulum</strong></span> <span class='ocrx_word' id='word_1_350' title='bbox 484 4791 509 4833; x_wconf 89' lang='lat' dir='ltr'><strong>ct</strong></span> <span class='ocrx_word' id='word_1_351' title='bbox 542 4786 652 4835; x_wconf 84' lang='lat' dir='ltr'><strong>civitatis</strong></span> <span class='ocrx_word' id='word_1_352' title='bbox 676 4787 884 4835; x_wconf 88' lang='lat' dir='ltr'><strong>communitatem</strong></span> <span class='ocrx_word' id='word_1_353' title='bbox 908 4787 940 4835; x_wconf 93' lang='lat' dir='ltr'><strong>lis</strong></span> <span class='ocrx_word' id='word_1_354' title='bbox 966 4787 1097 4850; x_wconf 86' lang='lat' dir='ltr'><strong>agebatur,</strong></span> <span class='ocrx_word' id='word_1_355' title='bbox 1121 4787 1262 4852; x_wconf 89' lang='lat' dir='ltr'><strong>capitulum</strong></span> <span class='ocrx_word' id='word_1_356' title='bbox 1286 4804 1371 4850; x_wconf 82' lang='lat' dir='ltr'><strong>zagru-</strong></span> 
     </span>
     <span class='ocr_line' id='line_1_46' title="bbox 314 4873 1365 4937; baseline 0.002 -16"><span class='ocrx_word' id='word_1_357' title='bbox 314 4873 403 4921; x_wconf 83' lang='lat' dir='ltr'><strong>biense</strong></span> <span class='ocrx_word' id='word_1_358' title='bbox 420 4873 546 4937; x_wconf 89' lang='lat' dir='ltr'><strong>judicium</strong></span> <span class='ocrx_word' id='word_1_359' title='bbox 566 4873 736 4922; x_wconf 86' lang='lat' dir='ltr'><strong>differendum</strong></span> <span class='ocrx_word' id='word_1_360' title='bbox 755 4881 826 4923; x_wconf 89' lang='lat' dir='ltr'><strong>curat</strong></span> <span class='ocrx_word' id='word_1_361' title='bbox 839 4897 1365 4914; x_wconf 76' lang='lat'><strong><em>······························</em></strong></span> 
     </span>
     <span class='ocr_line' id='line_1_47' title="bbox 235 4961 1370 5026; baseline 0.004 -18"><span class='ocrx_word' id='word_1_362' title='bbox 235 4972 286 5023; x_wconf 88' lang='grc'>104.</span> <span class='ocrx_word' id='word_1_363' title='bbox 316 4962 395 5010; x_wconf 85' lang='grc' dir='ltr'>Α11ο</span> <span class='ocrx_word' id='word_1_364' title='bbox 418 4961 492 5024; x_wconf 86' lang='grc'>1436,</span> <span class='ocrx_word' id='word_1_365' title='bbox 519 4974 540 5009; x_wconf 83' lang='lat'><strong>2.</strong></span> <span class='ocrx_word' id='word_1_366' title='bbox 561 4963 714 5012; x_wconf 87' lang='lat' dir='ltr'><strong>novembris.</strong></span> <span class='ocrx_word' id='word_1_367' title='bbox 739 4964 887 5026; x_wconf 83' lang='lat' dir='ltr'><strong>Zagrabiae.</strong></span> <span class='ocrx_word' id='word_1_368' title='bbox 908 4965 1045 5013; x_wconf 75' lang='lat' dir='ltr'><strong>Matthaeus</strong></span> <span class='ocrx_word' id='word_1_369' title='bbox 1071 4964 1184 5013; x_wconf 87' lang='lat' dir='ltr'><strong>Talovac</strong></span> <span class='ocrx_word' id='word_1_370' title='bbox 1210 4965 1291 5012; x_wconf 88' lang='lat' dir='ltr'><strong>banus</strong></span> <span class='ocrx_word' id='word_1_371' title='bbox 1316 4981 1370 5012; x_wconf 82' lang='lat' dir='ltr'><strong>sese</strong></span> 
     </span>
     <span class='ocr_line' id='line_1_48' title="bbox 315 5049 1371 5115; baseline 0.002 -15"><span class='ocrx_word' id='word_1_372' title='bbox 315 5049 430 5115; x_wconf 84' lang='lat' dir='ltr'><strong>capitulo</strong></span> <span class='ocrx_word' id='word_1_373' title='bbox 455 5059 480 5099; x_wconf 90' lang='grc'><strong>11</strong></span> <span class='ocrx_word' id='word_1_374' title='bbox 505 5053 681 5101; x_wconf 88' lang='lat' dir='ltr'><strong>communitati</strong></span> <span class='ocrx_word' id='word_1_375' title='bbox 704 5053 816 5101; x_wconf 89' lang='lat' dir='ltr'><strong>civitatis</strong></span> <span class='ocrx_word' id='word_1_376' title='bbox 842 5055 936 5102; x_wconf 87' lang='lat' dir='ltr'><strong>montis</strong></span> <span class='ocrx_word' id='word_1_377' title='bbox 963 5054 1103 5102; x_wconf 74' lang='lat' dir='ltr'><strong>(irecensis</strong></span> <span class='ocrx_word' id='word_1_378' title='bbox 1129 5054 1271 5109; x_wconf 85' lang='lat' dir='ltr'><strong>mandasse,</strong></span> <span class='ocrx_word' id='word_1_379' title='bbox 1298 5061 1325 5100; x_wconf 91' lang='lat' dir='ltr'><strong>ut</strong></span> <span class='ocrx_word' id='word_1_380' title='bbox 1344 5053 1371 5102; x_wconf 91' lang='lat' dir='ltr'><strong>in</strong></span> 
     </span>
    </p>
   </div>
   <div class='ocr_carea' id='block_1_9' title="bbox 1290 5161 1324 5213">
    <p class='ocr_par' dir='ltr' id='par_1_12' title="bbox 1290 5161 1324 5213">
     <span class='ocr_line' id='line_1_49' title="bbox 1290 5161 1324 5213; baseline 0 0"><span class='ocrx_word' id='word_1_381' title='bbox 1290 5161 1324 5213; x_wconf 87' lang='lat'><strong>¹5</strong></span> 
     </span>
    </p>
   </div>
   <div class='ocr_carea' id='block_1_10' title="bbox 1388 801 1472 856">
    <p class='ocr_par' dir='ltr' id='par_1_13' title="bbox 1388 801 1472 856">
     <span class='ocr_line' id='line_1_50' title="bbox 1388 801 1472 856; baseline 0 -12"><span class='ocrx_word' id='word_1_382' title='bbox 1388 801 1472 856; x_wconf 67' lang='lat' dir='ltr'><strong>Pagina</strong></span> 
     </span>
    </p>
   </div>
   <div class='ocr_carea' id='block_1_11' title="bbox 1423 1143 1471 1192">
    <p class='ocr_par' dir='ltr' id='par_1_14' title="bbox 1423 1143 1471 1192">
     <span class='ocr_line' id='line_1_51' title="bbox 1423 1143 1471 1192; baseline 0.042 -2"><span class='ocrx_word' id='word_1_383' title='bbox 1423 1143 1471 1192; x_wconf 88' lang='grc'><strong>118</strong></span> 
     </span>
    </p>
   </div>
   <div class='ocr_carea' id='block_1_12' title="bbox 0 0 1877 5826">
    <p class='ocr_par' dir='ltr' id='par_1_15' title="bbox 0 0 1877 5826">
     <span class='ocr_line' id='line_1_52' title="bbox 0 0 1877 5826; baseline 0 0"><span class='ocrx_word' id='word_1_384' title='bbox 0 0 1877 5826; x_wconf 95' lang='lat' dir='ltr'><strong> </strong></span> 
     </span>
    </p>
   </div>
  </div>
 </body>
</html>
