3804 5858
424 563 487 622 ω
843 541 1266 624 Qffl-Mw-

428 649 802 658 ——--.-—-—--—-—--.--
985 650 1270 656 ——.—---.
1287 651 1382 656 -——.-.-

418 762 546 835 negocio
570 762 817 820 differenciarum
843 762 1064 836 premissarum
1090 777 1160 819 cum
1185 761 1275 820 dictis
1306 762 1441 822 dominis
1472 765 1611 838 capitulo
1643 781 1696 823 za·

421 869 587 942 grabiensi,
610 884 729 928 necnon
753 869 959 943 disposicione
982 867 1092 926 exinde
1123 868 1288 926 subsecuta
1311 868 1474 942 confectas,
1506 871 1638 944 scriptas
1661 877 1696 929 et

419 981 563 1033 emanata
594 977 624 1033 in
660 977 789 1049 scriniis,
821 975 1067 1046 conservatoriis,
1099 975 1192 1046 cistis,
1223 977 1416 1050 prothocolis
1439 993 1475 1034 ac
1498 977 1591 1036 libris
1614 979 1694 1038 civi-

425 1081 496 1140 tatis
519 1087 624 1139 nostre
648 1082 800 1140 antedicte
824 1081 989 1155 diligenter
1012 1081 1266 1155 perquisivimus,
1288 1082 1491 1157 inventasque
1513 1089 1543 1142 et
1567 1089 1695 1158 reperta

424 1188 560 1262 presenti
583 1189 715 1260 registro
739 1187 777 1246 de
802 1188 898 1246 verbo
922 1187 961 1245 ad
983 1189 1117 1245 verbum
1140 1188 1206 1246 sine
1229 1187 1437 1248 diminucione
1460 1194 1491 1248 et
1520 1195 1692 1262 augmento

425 1293 556 1366 aliquali
587 1293 789 1366 transcriptas
819 1299 849 1350 et
879 1299 1073 1366 transumpta
1104 1309 1139 1351 ac
1170 1310 1227 1368 per
1250 1295 1415 1368 publicum
1437 1296 1591 1354 notarium
1615 1297 1693 1354 sub·

417 1399 577 1472 scriptum,
600 1414 706 1458 coram
730 1400 859 1458 testibus
883 1399 1089 1474 infrascriptis
1112 1401 1229 1460 revisas
1251 1405 1281 1459 et
1304 1403 1415 1475 revisa,
1437 1418 1556 1461 necnon
1578 1403 1687 1477 lectas,

410 1505 644 1574 collacionatas‚
668 1507 856 1565 auscultatas
880 1521 916 1563 ac
939 1521 1035 1564 manu
1057 1506 1196 1564 eiusdem
1213 1508 1326 1566 notarii
1349 1509 1540 1583 subscriptas
1563 1516 1594 1567 et
1609 1510 1685 1567 sub·

417 1611 542 1685 scripta,
565 1611 732 1686 sigilloque
754 1617 858 1672 nostre
880 1612 1110 1670 communitatis
1134 1628 1194 1671 una
1210 1629 1282 1670 cum
1298 1613 1528 1689 subscripcione
1543 1615 1686 1674 eiusdem

417 1717 531 1775 notarii
552 1718 716 1777 roboratas
740 1723 770 1776 et
793 1718 947 1790 roborata,
971 1723 1144 1777 memorato
1167 1720 1317 1792 magistro
1339 1719 1497 1793 Stephano
1520 1721 1683 1796 preposito

417 1829 447 1880 et
470 1825 616 1882 canonico
639 1823 782 1882 dedimus
805 1829 835 1882 et
857 1825 1050 1898 assignamus
1073 1825 1161 1882 nulla
1184 1825 1294 1884 fraude
1317 1841 1371 1884 seu
1387 1826 1460 1885 dolo
1477 1828 1507 1886 in
1522 1829 1581 1886 hac
1591 1835 1684 1902 parte

416 1928 645 1988 interveniente.
670 1932 746 1988 Acta
769 1937 839 1988 sunt
862 1932 919 1989 hec
942 1936 972 1989 et
995 1931 1076 1989 tacta
1099 1932 1131 1989 in
1154 1933 1223 1990 loco
1253 1932 1393 2006 predicto
1423 1934 1556 1992 civitatis
1577 1937 1685 1992 nostre

416 2033 568 2093 antedicte
599 2036 650 2094 die
679 2043 709 2094 et
741 2051 854 2108 mense,
884 2038 999 2110 quibus
1030 2053 1133 2112 supra,
1164 2039 1224 2096 sub
1252 2053 1332 2097 anno
1364 2039 1481 2098 domini
1513 2040 1684 2098 millesimo

416 2139 721 2214 quadringentesimo
744 2144 955 2215 octuagesimo
984 2158 1074 2214 nono,
1105 2145 1276 2204 indiccione
1305 2147 1448 2220 septima.
1481 2145 1685 2204 Pontificatus

416 2259 491 2304 vero
514 2249 698 2308 sanctissimi
722 2251 753 2307 in
776 2249 901 2307 Christo
924 2251 1022 2323 patris
1045 2255 1076 2308 et
1098 2250 1218 2310 domini
1241 2253 1348 2324 nostri,
1364 2251 1482 2310 domini
1499 2251 1683 2323 Innocencii‚

415 2351 521 2410 diviua
542 2355 744 2428 providencia
766 2371 848 2430 pape
871 2359 982 2429 octavi,
1006 2371 1087 2414 auno
1110 2361 1205 2416 sexto.
1232 2387 1268 2398 -
1295 2357 1400 2416 Primo
1423 2358 1519 2431 igitur
1542 2372 1600 2432 pro
1616 2357 1685 2415 cia·

415 2457 493 2517 riori
515 2460 676 2520 intellectu
699 2463 798 2537 ipsius
820 2463 938 2535 negocii
961 2463 1052 2522 sicuti
1073 2464 1164 2521 nobis
1186 2465 1290 2522 visum
1324 2463 1384 2522 tuit
1413 2464 1598 2524 inseruimus
1629 2464 1684 2522 hic

414 2566 582 2639 registrum
606 2567 815 2643 dampnorum
839 2575 868 2628 et
888 2571 1072 2629 iniuriarum
1097 2571 1286 2645 perdicium
1302 2573 1476 2646 capitulum
1493 2582 1524 2631 et
1538 2572 1684 2630 homines

415 2686 523 2729 eorum
546 2674 636 2732 nobis
667 2681 697 2733 et
726 2677 841 2735 nostris
871 2675 1025 2735 sactorum
1055 2683 1085 2736 et
1107 2677 1276 2750 illatarum,
1301 2680 1388 2737 cuius
1410 2683 1500 2737 tenor
1523 2677 1595 2736 talis
1617 2683 1683 2735 est:

414 2791 596 2871 (Sequuntur
606 2797 735 2856 citrariae
750 2806 779 2856 et
798 2798 907 2856 damna
930 2818 950 2855 a
972 2800 1100 2872 capitulo
1122 2800 1229 2858 cabr'bus
1251 2801 1355 2858 monui
1383 2799 1535 2860 Grecensis
1569 2799 1681 2875 illata.)

416 2983 573 3065 Q&

439 3075 541 3128 notarii.

518 3206 556 3265 Et
579 3221 637 3279 ego
659 3207 774 3265 Paulus
796 3209 953 3269 Valentini
976 3211 1014 3269 de
1044 3212 1187 3286 Chasma,
1211 3212 1340 3271 clericus
1363 3211 1569 3286 zagrabiensis
1591 3209 1682 3271 dioe-

412 3313 496 3384 cesis,
512 3314 693 3372 auctoritate
715 3315 885 3387 apostolica
907 3318 1044 3376 notarius
1067 3319 1220 3393 publicus,
1244 3333 1333 3391 anno,
1352 3317 1526 3378 indiccione
1546 3322 1576 3376 et
1597 3333 1681 3393 pon-

413 3417 538 3490 tificatu,
562 3420 677 3492 quibus
696 3435 799 3493 supra,
830 3421 911 3480 infra
943 3425 1110 3482 terminum
1142 3425 1339 3496 antedictum,
1370 3426 1402 3483 in
1434 3425 1562 3484 ecclesia
1592 3425 1679 3484 beati

413 3525 510 3582 Marci
533 3527 731 3599 ewangeliste
754 3528 785 3585 in
807 3528 947 3601 predicta
969 3531 1094 3588 civitate
1124 3533 1238 3589 montis
1270 3531 1433 3590 Grecensis
1468 3531 1603 3603 fundata,
1636 3532 1681 3591 ad

412 3631 650 3704 requisicionem
672 3634 888 3708 circumspecti
911 3636 1068 3695 Dominici
1090 3638 1260 3710 Perowycb
1283 3637 1367 3710 dicti,
1392 3636 1533 3695 moderni
1563 3635 1681 3712 judicis

412 3735 551 3795 eiusdem
575 3738 707 3797 civitatis
730 3740 762 3797 in
785 3756 917 3814 persona
941 3743 1039 3802 tocius
1062 3744 1291 3802 communitatis
1313 3743 1411 3816 ipsius
1443 3743 1575 3802 civitatis
1598 3745 1680 3804 rnihi

412 3841 534 3915 factam,
570 3857 677 3902 omnes
712 3851 742 3903 et
775 3846 913 3919 singulas
947 3848 1066 3907 litteras
1096 3853 1126 3907 et
1148 3849 1299 3908 litteraria
1322 3850 1534 3922 instrumenta,
1557 3864 1679 3910 necnon

411 3949 489 4008 alias
513 3951 681 4024 scripturas
705 3957 734 4010 et
757 3953 888 4026 registra
911 3955 943 4014 in
966 3955 1099 4014 sedecim
1122 3963 1152 4014 et
1169 3956 1272 4014 medio
1288 3956 1372 4014 foliis
1387 3956 1489 4030 papiri
1505 3971 1562 4030 per
1576 3957 1677 4016 alium

411 4053 546 4113 fideliter
568 4058 757 4131 conscriptas
788 4064 818 4116 et
848 4061 1031 4136 conscripta,
1054 4063 1144 4120 acin
1167 4061 1291 4119 duobus
1315 4061 1399 4120 foliis
1429 4038 1609 4136 pargameni
1634 4063 1677 4122 ad

411 4161 540 4220 modum
564 4164 659 4222 rotuli
680 4165 791 4238 ligatas
814 4171 843 4224 et
867 4167 971 4240 ligata,
994 4183 1065 4224 cunr
1089 4183 1196 4254 earum
1227 4174 1257 4227 et
1288 4183 1397 4226 eorum
1429 4169 1511 4227 veris
1541 4170 1677 4242 origina-

411 4269 495 4326 libus
518 4269 645 4343 perlegi,
669 4271 850 4344 auscultavi,
876 4273 1087 4344 coilacionavi,
1111 4289 1225 4347 easque
1255 4282 1286 4334 et
1315 4290 1351 4333 ea
1383 4282 1476 4347 prout
1506 4289 1612 4333 earum
1644 4281 1676 4334 et

410 4389 519 4432 eorum
543 4390 617 4433 vera
640 4377 876 4436 continebantur
899 4379 1061 4452 originalia
1084 4380 1162 4437 sicut
1185 4381 1217 4438 in
1239 4381 1355 4439 eisdem
1378 4381 1481 4455 prima
1512 4379 1590 4440 facie
1619 4397 1677 4457 ap-

410 4481 550 4558 parebat,
575 4481 613 4539 de
636 4484 734 4540 verbo
757 4482 797 4540 ad
820 4485 953 4542 verbum
975 4485 1040 4543 sine
1064 4485 1273 4545 diminucione
1301 4493 1330 4546 et
1353 4492 1520 4559 augmento
1543 4487 1675 4561 aliquali

409 4592 619 4661 transumptas
643 4595 673 4646 et
696 4595 890 4664 transumpta
913 4605 1017 4648 coram
1042 4593 1173 4650 testibus
1196 4591 1401 4667 infrascriptis
1424 4593 1533 4665 revidi,
1557 4595 1587 4652 in
1610 4594 1675 4653 sin·

408 4695 552 4768 gulisque
585 4693 669 4753 foliis
693 4695 796 4769 papiri
830 4700 860 4752 et
893 4697 925 4753 in
957 4696 1060 4769 primo
1084 4700 1266 4771 pergameni
1289 4700 1376 4772 signo
1400 4704 1431 4757 et
1452 4701 1578 4758 nomine
1601 4715 1674 4758 meo

408 4801 510 4860 solitis
533 4807 563 4859 et
586 4801 749 4871 consvetis,
773 4816 834 4858 una
857 4817 929 4860 curn
944 4805 1133 4877 appensione
1149 4805 1246 4878 sigilli
1264 4804 1381 4878 pretate
1396 4806 1530 4864 civitatis
1546 4805 1577 4864 in
1593 4806 1674 4865 hanc

409 4907 571 4981 publicam
595 4906 730 4966 formam
752 4906 892 4967 redactas
914 4915 944 4967 et
964 4908 1089 4968 redacta
1112 4911 1291 4984 consignavi
1306 4917 1336 4970 et
1351 4911 1672 4989 roboravistnpdem

408 5019 437 5071 et
459 5013 671 5072 testimonium
695 5013 836 5072 omnium
859 5021 888 5072 et
911 5015 1105 5088 singulorum
1126 5017 1351 5091 premissorum
1374 5024 1501 5092 rogatus
1523 5023 1553 5078 et
1568 5021 1673 5094 requi-
