3948 5804
730 483 803 582 hoc.
825 517 879 598 48.
896 553 946 580 .-
971 519 1026 580 An.
1050 533 1139 600 1427.
1193 473 1199 481 ι
1456 468 1491 478 ⁸¹
1526 539 1566 598 59
1599 512 1603 520 '
1706 561 1709 568 .

198 771 203 780 ·
301 752 362 795 non
388 737 506 810 absque
529 737 638 795 dolore
660 738 767 810 coacti,
784 736 927 802 dedimus
935 756 942 808 ;
966 735 1208 811 quibusquidem
1231 737 1370 797 ducentis
1393 739 1569 810 octuaginta

219 865 223 872 ·
301 848 331 923 et
355 844 456 900 tribus
480 842 599 902 ducatis
622 844 695 901 boni
719 845 786 902 auri
806 844 908 901 eidem
932 844 1061 900 ecclesie
1078 844 1173 901 sancti
1189 844 1316 926 Joannis
1332 843 1469 916 Baptiste
1487 842 1567 901 obli·

300 965 419 1022 gamur,
443 950 581 1022 reliquos
602 955 706 1008 autem
730 949 838 1008 decem
861 955 892 1008 et
911 955 1033 1024 septem
1056 949 1188 1008 florenos
1212 951 1280 1008 auri
1299 965 1357 1024 pro
1377 955 1496 1023 septem
1519 947 1567 1025 ju·

300 1055 426 1127 geribus
450 1060 531 1114 terre
548 1056 695 1122 arabilis,
707 1057 738 1122 in
761 1057 851 1115 Zelor
874 1054 961 1132 juxta
978 1055 1137 1130 piscinam,
1156 1061 1186 1113 et
1201 1057 1272 1114 aliis
1290 1056 1390 1114 tribus
1405 1053 1566 1131 jugeribus

300 1166 331 1246 et
354 1160 477 1219 duobus
501 1161 649 1220 fenilibus
672 1163 703 1220 in
727 1177 839 1236 campo
863 1163 924 1220 vici
946 1163 1128 1220 Latinorum
1164 1162 1245 1219 solvi
1278 1161 1415 1219 fecimus.
1448 1161 1564 1218 Caven-

300 1271 407 1340 lesque
430 1273 459 1324 et
482 1268 626 1325 timentes
649 1284 687 1326 ne
710 1267 792 1325 dicta
815 1268 945 1326 ecclesia
968 1269 1065 1325 sancti
1088 1268 1214 1350 Joannis
1248 1267 1398 1341 Baptiste¹
1415 1267 1566 1341 temporis

299 1374 331 1431 in
354 1388 500 1447 processu
523 1374 687 1448 sepedictis
703 1373 842 1432 ducentis
858 1375 1035 1446 octuaginta
1051 1373 1151 1430 tribus
1168 1372 1286 1430 ducatis
1302 1373 1369 1431 auri
1388 1373 1566 1447 privaretur

300 1485 330 1536 et
352 1480 540 1538 consciencie
564 1485 668 1538 nostre
690 1479 876 1551 lederentur,
901 1481 1003 1538 anime
1026 1484 1131 1536 autem
1146 1479 1338 1552 punirentur,
1363 1483 1393 1536 et
1417 1478 1561 1552 quamvis

301 1601 362 1644 non
386 1586 418 1643 in
441 1589 514 1658 toto,
538 1593 641 1644 tamen
665 1586 777 1643 saltem
800 1587 831 1644 in
855 1586 1026 1659 aliqualem
1049 1599 1293 1659 recompensam,
1306 1585 1337 1642 in
1362 1585 1456 1658 pleno
1479 1584 1563 1658 capi·

300 1692 366 1750 tulo
389 1692 480 1753 nobis
503 1692 718 1766 capitulariter
741 1693 943 1765 congregatis,
967 1691 1056 1750 nullo
1087 1690 1290 1764 discrepante,
1324 1696 1447 1748 matura
1481 1691 1561 1747 inter

298 1812 355 1855 nos
380 1797 548 1872 superinde
572 1796 800 1856 deliberacione
824 1797 989 1872 prehabita
1012 1798 1202 1856 consciencia
1226 1796 1319 1868 ducti,
1344 1797 1479 1870 quedam
1495 1811 1564 1871 pre·
1603 1875 1605 1880 Ι

299 1901 387 1961 diola
408 1908 515 1961 nostra
535 1903 663 1976 omnino
686 1902 807 1961 deserta
830 1903 982 1962 Zavaiche
1005 1909 1035 1962 et
1058 1903 1153 1962 Ottok
1176 1919 1248 1962 curn
1272 1901 1424 1962 Prevlalra
1446 1903 1565 1960 vocatis

295 1995 339 2066 'ab
362 2009 425 2066 alia
448 2015 536 2084 parte
559 2008 650 2067 Szavi
672 2015 703 2068 et
726 2025 820 2083 penes
844 2010 977 2068 eundern
1011 2009 1153 2083 Szavum,
1168 2008 1256 2086 juxta
1279 2015 1309 2068 et
1332 2009 1413 2068 inira
1435 2015 1564 2083 portum

298 2121 440 2174 nostrum
473 2115 656 2198 Jelenovecz
691 2117 770 2174 inter
805 2115 951 2190 predium
984 2123 1126 2174 nostrum
1162 2116 1329 2174 Kosznicza
1359 2119 1505 2174 vocaturn
1528 2129 1564 2172 ac

298 2223 379 2286 inter
400 2223 627 2296 possessionem
651 2223 806 2280 nobilium
827 2222 866 2280 de
889 2223 1110 2296 Mickcheuecz,
1134 2239 1190 2281 nec
1214 2237 1275 2281 non
1305 2223 1385 2280 inter
1415 2222 1564 2295 possessi·

299 2343 390 2387 onem
412 2328 623 2386 Eremitarum
646 2329 840 2387 Remetinecz
874 2335 1017 2410 vocatam
1040 2330 1099 2387 sita
1122 2332 1153 2387 et
1186 2325 1307 2399 habita;
1341 2343 1402 2402 que
1436 2325 1564 2400 quidem

298 2433 407 2508 predia
429 2434 561 2492 condam
584 2435 741 2493 Dominici
762 2435 914 2509 prepositi
930 2436 1058 2494 ecclesie
1081 2441 1185 2493 nostre
1209 2440 1238 2492 et
1261 2440 1411 2508 nepotum
1433 2447 1563 2491 suorum

298 2539 489 2614 prefuerunt,
513 2540 567 2598 sed
591 2547 721 2616 propter
743 2555 804 2600 non
826 2541 1019 2599 solucionem
1042 2557 1189 2599 censuum
1213 2557 1270 2616 per
1293 2544 1394 2597 certos
1409 2553 1506 2596 annos
1524 2538 1563 2596 de

298 2647 375 2720 ipsis
399 2646 515 2721 prediis
538 2647 629 2705 nobis
653 2649 818 2720 provenire
841 2645 1026 2705 debencium
1049 2663 1085 2706 ac
1117 2647 1347 2706 desolacionem
1378 2623 1563 2704 eorumdem

298 2752 479 2826 prediorum
503 2744 560 2827 p'er
579 2755 665 2826 ipsos
688 2758 815 2828 nepotes
838 2755 935 2828 ipsius
958 2754 1113 2813 Dominici
1130 2755 1282 2829 prepositi
1303 2749 1560 2828 aspo‘rtacionem,

297 2859 436 2932 aliasque
459 2859 612 2932 plurimas
636 2859 871 2932 ingratitudines
895 2862 1077 2918 eorumdem
1099 2861 1138 2919 ad
1155 2876 1265 2919 manus
1280 2865 1401 2919 nostras
1414 2859 1562 2918 devoluta

297 2965 472 3038 extiterunt,
496 2969 527 3023 et
546 2979 605 3040 pro
628 2966 719 3023 nobis
741 2980 759 3023 a
782 2965 836 3023 diu
859 2944 1008 3040 occupata
1032 2949 1062 3025 et
1084 2969 1125 3025 ab
1149 2968 1192 3025 eis
1216 2967 1351 3026 alienata
1374 2967 1412 3024 de
1434 2964 1502 3042 jure
1525 2979 1561 3021 ac

215 3128 220 3142 ,
298 3071 336 3129 de
359 3071 442 3129 iacto
464 3072 608 3129 existunt.
633 3071 701 3144 Quo
718 3071 841 3129 tandem
858 3072 1001 3147 prediola
1016 3089 1116 3149 nuper
1130 3073 1308 3132 honorabili
1325 3073 1395 3131 viro
1410 3072 1560 3144 magistro

298 3177 442 3236 Ladislao
466 3176 504 3235 de
527 3177 652 3236 Dauoth
668 3179 773 3252 nepoti
795 3179 893 3252 ipsius
916 3179 1073 3238 Dominici
1096 3179 1255 3254 prepositi,
1278 3180 1362 3238 socio
1393 3183 1423 3236 et
1453 3191 1560 3234 conca-

238 3355 240 3360 ,
297 3284 407 3343 nonico
424 3288 529 3343 nostro
545 3299 625 3342 nove
641 3285 819 3343 donacionis
835 3290 939 3344 nostre
959 3287 1058 3358 titulo,
1075 3291 1109 3344 ut
1125 3285 1271 3344 videlicet
1286 3287 1398 3344 turrim
1421 3288 1559 3342 nostram

296 3391 360 3449 suis
383 3391 525 3464 expensis
548 3391 739 3464 custodisset,
763 3397 914 3464 quantum
944 3392 984 3450 ad
1014 3393 1112 3450 vitam
1143 3391 1282 3450 eiusdem
1312 3392 1559 3459 contuleramus;

297 3513 358 3571 que
394 3496 535 3570 prediola
570 3496 697 3554 demum
732 3497 817 3556 idem
851 3499 999 3572 magister
1031 3499 1193 3556 Ladislaus
1228 3503 1338 3572 sponte
1373 3497 1413 3556 ad
1446 3511 1558 3554 manus

296 3607 417 3661 nostras
450 3603 627 3676 resignavit.
669 3603 747 3660 Item
781 3603 959 3677 prediolum
994 3611 1132 3663 nostrum
1168 3620 1186 3662 a
1219 3604 1358 3680 predicta
1392 3604 1559 3662 Kosznicza

296 3713 409 3780 nostra,
433 3709 463 3767 in
488 3724 550 3782 quo
573 3708 612 3766 de
635 3710 770 3782 presenti
794 3714 855 3767 tres
879 3711 1016 3768 resident
1045 3709 1236 3786 jobagiones,
1271 3710 1355 3784 quod
1390 3710 1559 3767 novissime

295 3815 415 3872 Blasius
431 3814 470 3872 de
491 3815 618 3872 lvanich
634 3816 735 3872 socius
751 3821 780 3874 et
800 3818 1023 3874 concanonicus
1038 3823 1142 3875 noster
1161 3833 1199 3874 ex
1216 3825 1321 3875 nostra
1340 3816 1558 3873 commissione

295 3926 502 4006 occupaverat
517 3926 546 3978 et
562 3937 600 3978 ex
616 3927 720 3979 nostro
742 3937 889 3980 consensu
907 3924 1004 3980 tenuit
1027 3940 1125 3997 usque
1137 3923 1240 3995 mod0,
1260 3922 1380 3996 prefate
1404 3912 1559 3999 (ecclesie)

295 4028 392 4084 sancti
414 4027 540 4109 Joannis
564 4027 700 4100 Baptiste
723 4033 753 4084 et
776 4045 831 4101 per
855 4043 924 4085 earn
948 4030 1011 4086 suis
1034 4031 1207 4088 rectoribus
1230 4030 1291 4087 sub
1322 4029 1463 4101 ipsorum
1489 4043 1558 4099 pre·

295 4131 453 4208 diolorum
477 4135 559 4209 veris
575 4139 612 4216 et
635 4135 770 4206 antiquis
793 4119 892 4206 metis,
925 4136 1039 4209 quibus
1073 4153 1130 4210 per
1165 4134 1321 4208 prefatum
1357 4134 1556 4191 Dominicum

294 4240 498 4313 prepositum,
523 4255 655 4313 suosque
679 4249 807 4314 nepotes
830 4257 865 4298 ac
890 4241 1027 4315 prefatos
1051 4243 1216 4312 magistros
1232 4227 1413 4301 ladislaum
1436 4245 1465 4298 et
1489 4239 1556 4298 Bla-

293 4345 375 4404 sium
398 4344 523 4403 suerunt
545 4352 628 4404 tenta
651 4352 681 4404 et
704 4363 853 4420 possessa,
877 4364 948 4405 cum
972 4349 1118 4406 omnibus
1141 4349 1282 4422 ipsorum
1306 4346 1504 4420 pertinenciis
1527 4351 1583 4403 et·
1651 4373 1655 4378 ·

293 4451 480 4509 utilitatibus
503 4453 656 4509 universis
680 4467 715 4509 ac
739 4453 877 4511 collectis
900 4471 953 4512 seu
978 4456 1056 4512 taxis
1073 4455 1226 4512 consvetis
1243 4469 1299 4527 per
1314 4467 1370 4510 nos
1386 4452 1555 4511 secundum

257 4535 262 4543 ¹
293 4555 421 4614 ecclesie
444 4563 546 4615 nostre
569 4561 682 4616 statuta
706 4574 764 4632 pro
788 4561 877 4616 nobis
900 4561 1020 4634 imponi
1043 4576 1101 4634 pro
1125 4565 1266 4632 tempore
1289 4559 1389 4617 solitis
1422 4574 1476 4616 seu
1499 4575 1556 4634 per

293 4663 474 4736 quempiam
497 4663 594 4721 alium
618 4669 777 4736 potentem
800 4668 1015 4740 potencialiter
1038 4670 1189 4739 agentem,
1214 4665 1297 4738 quod
1329 4665 1404 4723 deus
1427 4671 1555 4737 avertat,

292 4768 526 4843 imponendum,
550 4772 816 4850 proventibusque
840 4775 909 4832 aliis
933 4775 1104 4846 quibusvis,
1122 4774 1234 4846 quovis
1250 4773 1384 4831 nominis
1401 4772 1555 4830 vocabulo

292 4875 443 4946 vocitatis,
467 4875 603 4951 demptis
625 4877 788 4937 dumtaxat
811 4880 946 4952 decimis,
971 4895 1047 4953 quas
1071 4885 1143 4954 post
1158 4880 1371 4954 explecionem
1391 4895 1444 4936 sex
1461 4893 1555 4936 anno·

291 4996 362 5040 rum
387 4981 539 5041 libertatis
562 4999 580 5040 a
604 4983 653 5042 die
677 4984 828 5043 adventus
852 4985 1017 5062 cujuslibet
1041 4987 1142 5047 coloni
1167 4985 1206 5044 ad
1230 4985 1298 5059 ipsa
1321 4982 1430 5058 predia
1462 5000 1553 5042 causa
