3948 5804
830 555 903 614 Dae.
928 551 979 631 67.
1006 585 1045 597 -
1069 553 1124 612 An.
1150 567 1239 631 1433.

1005 765 1062 833 67.

504 911 585 959 Anno
607 922 681 973 1433,
701 910 742 960 28.
761 909 882 958 octobris.
903 906 1029 958 Basileae.

401 1035 610 1108 Sirisrnundus,
634 1037 812 1116 Hungarine
834 1055 896 1106 rex,
919 1034 1103 1107 Rudalpltum
1119 1033 1269 1103 Albenunt,
1285 1035 1338 1108 qui
1351 1053 1387 1091 ex
1396 1034 1548 1111 Johannis
1563 1035 1669 1093 Albani

398 1143 520 1216 episcopi
540 1149 704 1201 testamento
726 1140 877 1202 drineitium
904 1142 995 1215 pretii
1022 1142 1113 1198 castri
1140 1140 1251 1198 Kuvar
1279 1148 1307 1198 et
1334 1141 1460 1198 ciuitatis
1490 1141 1665 1214 Kaprancae

397 1250 557 1307 testamenti
574 1250 770 1308 executoribus
793 1267 849 1305 nan
872 1248 1046 1320 assignavit,
1067 1246 1256 1322 reprehendit,
1272 1248 1351 1322 eique
1358 1255 1484 1321 paenam
1500 1248 1660 1307 minitatur.

1012 1385 1165 1436 Commissio
1184 1385 1288 1450 propria
1306 1385 1404 1435 domini
1422 1385 1591 1450 imperatoris.

500 1497 717 1571 sigismundus
741 1498 789 1555 dei
813 1498 916 1570 gracia
931 1497 1144 1556 Romanorum
1165 1498 1343 1570 imperator,
1361 1513 1485 1571 semper
1504 1502 1661 1570 augustus,

395 1620 432 1662 ac
447 1604 613 1677 Hungarie‚
631 1604 786 1674 Bohemie,
801 1603 971 1674 Daimacie‚
988 1603 1116 1662 Croacie
1132 1609 1189 1661 etc.
1206 1619 1270 1663 rex.
1293 1603 1393 1662 Fideli
1408 1609 1514 1662 nostro
1537 1603 1661 1676 egregio

395 1709 534 1768 Rudolio
558 1710 596 1768 de
618 1709 738 1768 Medwe
762 1711 839 1768 alias
863 1709 902 1768 de
926 1710 1028 1767 Alben
1052 1710 1184 1767 salutem
1210 1713 1240 1766 et
1255 1709 1400 1782 graciam.
1423 1707 1473 1766 Ad
1489 1715 1593 1767 nostre
1609 1707 1661 1766 de·

394 1815 523 1874 ductum
553 1821 599 1874 est
628 1815 774 1874 noticiam
802 1816 980 1887 maiestatis,
1011 1813 1096 1889 quod
1129 1815 1203 1873 licet
1234 1815 1365 1873 condam
1396 1813 1585 1873 reverendus
1607 1813 1661 1872 do·

394 1923 497 1980 minus
517 1922 674 2006 Johannes
704 1922 870 1998 episcopus
901 1921 1117 1995 zagrabiensis,
1149 1920 1246 1980 trater
1269 1927 1349 1994 tuus,
1371 1922 1402 1979 in
1426 1921 1490 1978 suis
1512 1923 1660 1979 extremis

393 2028 544 2087 directam
573 2027 774 2086 medietatem
809 2033 873 2086 tam
907 2033 1012 2087 nostre
1045 2029 1178 2087 civitatis
1214 2028 1396 2100 Kaproncza
1430 2041 1526 2100 quam
1560 2027 1658 2085 eciam

393 2135 485 2192 castri
508 2135 605 2193 nostri
629 2135 743 2192 Kewar
765 2140 796 2192 et
819 2149 945 2192 suarum
969 2135 1229 2208 pertinenciarum
1252 2137 1497 2206 cunctorumque
1524 2147 1658 2208 proven·

393 2247 481 2298 tuum
505 2240 686 2298 eorumdem
710 2241 815 2314 ipsum
838 2240 970 2298 condam
1001 2241 1163 2299 dominum
1194 2241 1378 2314 episcopum
1401 2239 1494 2296 titulo
1517 2239 1657 2313 pignoris

392 2347 592 2404 amaiestate
622 2352 729 2404 nostra
756 2348 1014 2405 concemencium
1037 2347 1077 2404 ad
1104 2347 1257 2405 fabricam
1288 2345 1415 2405 ecclesie
1445 2346 1542 2404 sancti
1575 2346 1657 2419 regis

393 2450 541 2525 Stephani
563 2453 771 2525 zagrabiensis
794 2453 1050 2511 testamentaliter
1085 2453 1236 2526 legaverit
1259 2468 1316 2526 per
1339 2457 1519 2509 executores
1542 2452 1589 2510 sui
1613 2460 1656 2509 te·

390 2558 535 2616 stameuti
557 2574 656 2632 usque
679 2565 804 2633 tempus
826 2558 1053 2633 redempcionis
1075 2557 1257 2618 earumdem
1280 2559 1415 2617 civitatis
1432 2562 1462 2616 et
1478 2559 1569 2617 castri
1585 2574 1656 2617 con·

393 2663 579 2722 servandam
603 2671 633 2724 et
655 2679 715 2739 pro
738 2665 916 2724 huiusmodi
940 2665 1058 2724 fabrica
1081 2671 1173 2739 atque
1195 2666 1305 2724 labore
1320 2666 1418 2739 ipsius
1435 2664 1564 2723 ecclesie
1579 2665 1655 2724 fide·

391 2769 464 2828 liter
486 2769 719 2845 percipiendam
744 2777 776 2829 et
796 2771 1035 2857 dispensandam
1060 2771 1247 2846 disposuerit
1267 2779 1297 2830 et
1313 2771 1515 2832 commiserit.
1538 2771 1656 2830 Tamen

389 2881 431 2947 tu,
454 2877 587 2934 nescitur
610 2892 672 2950 qua
695 2875 807 2934 ductus
830 2877 1076 2952 presumpcione,
1100 2879 1202 2952 ipsam
1226 2876 1424 2935 medietatem
1443 2876 1653 2950 predictarum

389 2981 522 3039 civitatis
545 2988 575 3039 et
597 2983 690 3040 castri
713 2997 903 3056 suarumque
924 2984 1186 3057 pertinenciarum
1218 2985 1401 3041 memoratis
1436 2984 1654 3042 executoribus

389 3085 464 3144 dare
493 3091 523 3144 et
554 3089 711 3146 remittere
734 3087 927 3162 denegasses,
957 3105 1065 3162 ymmo
1090 3089 1174 3164 quod
1205 3089 1340 3148 deterius
1370 3096 1424 3162 est,
1455 3090 1552 3147 eciam
1583 3106 1654 3164 pre·

387 3191 487 3250 dictos
511 3199 681 3268 proventus
716 3211 754 3252 ex
790 3195 857 3269 ipsa
891 3195 1056 3254 medietate
1091 3196 1226 3254 civitatis
1264 3201 1295 3254 et
1331 3196 1433 3266 castri,
1464 3211 1653 3270 suarumque

385 3299 646 3372 pretinenciarum
683 3301 893 3376 predictarum
931 3305 1166 3378 provenientes,
1207 3304 1292 3378 ipsos
1329 3309 1507 3362 executores
1549 3305 1649 3378 perci·

385 3421 460 3478 pere
494 3411 524 3464 et
558 3407 664 3466 levare
695 3424 756 3466 non
779 3407 957 3468 admisisses
981 3411 1013 3468 in
1036 3411 1080 3468 tui
1103 3411 1228 3468 honoris
1264 3410 1446 3468 scandalum
1481 3415 1511 3467 et
1542 3411 1651 3470 salutis

385 3515 438 3568 tue
471 3512 574 3570 anime
609 3514 746 3572 notabile
790 3514 1019 3575 detrimentum.
1066 3516 1103 3573 Et
1145 3517 1218 3589 quia
1251 3530 1307 3573 nos
1350 3515 1525 3590 predictum
1560 3522 1651 3574 testa·

384 3621 525 3676 mentum
559 3617 684 3676 antefati
719 3619 851 3678 condam
887 3620 1005 3680 domini
1047 3622 1207 3696 episcopi,
1249 3620 1354 3680 fratris
1384 3623 1450 3694 tui,
1490 3621 1573 3696 quod
1609 3623 1650 3680 ad

384 3722 437 3797 pia
460 3727 491 3780 et
512 3723 651 3783 salubria
673 3739 770 3798 opera
799 3726 958 3786 conditum
990 3733 1045 3800 est,
1070 3729 1101 3786 in
1132 3743 1188 3786 suo
1223 3729 1332 3800 vigore
1367 3728 1514 3787 volumus
1548 3744 1649 3788 rema·

383 3844 465 3900 nere,
502 3828 572 3887 ideo
606 3829 751 3890 fidelitati
780 3839 833 3892 tue
863 3833 1043 3892 firmissime
1073 3836 1264 3910 precipimus
1290 3839 1321 3892 et
1343 3834 1537 3908 mandamus,
1573 3851 1648 3910 qua·

381 3938 470 3994 tenus
493 3935 600 3994 habita
622 3938 821 4010 presencium
844 3941 956 3998 noticia
980 3956 1074 4016 super
1096 3941 1241 3999 omnibus
1272 3935 1476 4016 proventibus
1499 3941 1647 4018 predictis

381 4058 419 4100 ex
441 4042 587 4102 iamdicta
618 4043 785 4103 medietate
815 4045 950 4104 civitatis
981 4053 1011 4106 et
1042 4048 1135 4106 castri
1166 4063 1356 4122 suarumque
1386 4051 1646 4123 pertinenciarum

380 4147 592 4222 predictarum
623 4165 681 4223 per
711 4157 741 4208 te
771 4165 851 4210 anno
883 4153 915 4212 in
949 4155 1084 4227 presenti
1110 4155 1268 4229 perceptis
1292 4156 1480 4229 pretitulatis
1503 4163 1647 4215 executo-

379 4255 467 4312 ribus
502 4257 676 4314 testamenti
707 4259 860 4331 prenotati
886 4260 1024 4332 plenarie
1047 4259 1224 4318 satisfacere
1248 4260 1370 4336 debeas,
1393 4263 1558 4336 ipsamque
1581 4279 1645 4322 me·

380 4359 525 4418 dietatem
550 4363 683 4420 civitatis
707 4369 738 4420 et
761 4365 852 4421 castri
883 4380 920 4423 ac
954 4381 1080 4424 suarum
1116 4367 1376 4440 pertinenciarum
1412 4374 1645 4442 prenotatarum

378 4466 525 4540 sepefatis
567 4469 785 4526 executoribus
827 4470 998 4528 secundum
1039 4471 1174 4530 formam
1210 4474 1340 4546 predicti
1377 4477 1551 4534 testamenti
1587 4492 1644 4550 per

377 4573 480 4646 ipsum
504 4571 637 4630 condam
660 4573 823 4632 dominum
847 4577 1039 4650 episcopum,
1065 4577 1193 4636 tratrem
1218 4585 1315 4652 tuum,
1339 4580 1463 4652 conditi,
1483 4583 1642 4640 remittere

377 4684 407 4735 et
430 4679 585 4750 resignare
609 4678 723 4736 debeas
747 4681 893 4738 omnibus
915 4683 1016 4740 modis
1040 4689 1070 4741 et
1092 4701 1148 4741 nec
1170 4689 1200 4743 te
1223 4687 1416 4760 peramplius
1440 4687 1478 4745 de
1502 4688 1641 4762 predicta

376 4783 542 4842 medietate
565 4785 700 4842 civitatis
723 4791 753 4842 et
770 4789 861 4844 castri
881 4803 917 4845 ac
941 4805 1068 4846 suarum
1086 4792 1353 4866 pertinenciarum,
1369 4800 1641 4869 proventuumque

375 4895 405 4946 et
429 4904 698 4964 quarumcumque
721 4893 950 4952 obvencionum
974 4912 1082 4953 earum
1105 4898 1312 4957 intromittere
1344 4916 1505 4974 presumas
1528 4903 1640 4976 quovis

375 4994 482 5067 modo,
506 4997 690 5069 quinymmo
727 4991 829 5070 ipsam
864 5001 1021 5060 civitatem
1045 5009 1075 5061 et
1098 5010 1233 5062 castrum
1263 5021 1334 5063 cum
1357 5008 1421 5064 suis
1444 5011 1641 5080 pertinenciis
