3948 5804
634 593 708 654 Doc.
727 603 779 671 57.
796 590 852 669 58.
877 626 919 638 -
941 594 998 652 Aa
1021 603 1237 670 1430-1431.

901 804 959 873 57.

400 911 481 960 Anno
507 923 582 976 1430,
602 923 625 964 2.
645 910 743 977 aprilis.
761 910 913 976 Tyrnaviae.

398 1003 553 1065 Statuerat
575 1005 792 1080 sigismundus
815 1021 870 1064 rex
892 1006 925 1064 in
947 1005 1080 1064 comitiis
1103 1001 1351 1072 Posoniensibus,
1374 1003 1410 1057 ut
1435 1002 1558 1056 moneta

293 1111 410 1184 regalis
434 1111 466 1170 in
497 1113 642 1171 omnibus
677 1118 743 1170 tam
776 1112 870 1185 regiis
901 1126 995 1185 quarn
1026 1110 1229 1168 ecclesiarum
1259 1113 1315 1166 etc.
1347 1103 1559 1163 exactionibus

295 1217 338 1274 ita
369 1223 482 1291 currat,
512 1225 547 1276 ut
579 1225 702 1277 centum
732 1216 869 1294 majores
901 1217 1028 1290 denarii,
1058 1216 1181 1276 noviter
1210 1214 1284 1286 cusi,
1307 1211 1432 1271 valeant
1460 1224 1558 1267 unum

293 1322 448 1381 florenum
472 1324 549 1397 auri,
573 1323 611 1382 de
628 1325 689 1382 alia
705 1339 779 1383 vero
804 1318 917 1382 minori
939 1329 1071 1393 moneta,
1096 1321 1258 1395 quantinus
1279 1323 1398 1390 vocata,
1421 1330 1458 1374 eo
1481 1321 1558 1373 tem·

298 1443 376 1504 pore
400 1438 550 1502 currente,
574 1429 791 1504 quadringenti
826 1429 943 1488 denarii
977 1429 1122 1488 similiter
1151 1427 1284 1485 valeant.
1314 1423 1450 1494 Interim,
1481 1434 1558 1495 quo·

293 1549 393 1608 usque
415 1533 516 1610 major
540 1543 570 1594 et
593 1536 695 1594 minor
718 1535 801 1594 dicta
822 1543 947 1594 moneta
969 1534 1241 1609 multiplicaretur,
1265 1546 1322 1607 pro
1345 1544 1409 1589 uno
1431 1527 1558 1586 denario

293 1637 408 1716 majori
431 1642 483 1699 vel
507 1647 640 1716 quatuor
663 1642 844 1713 minoribus,
869 1641 976 1699 decern
998 1640 1143 1699 denarios
1175 1642 1327 1710 monetae,
1362 1635 1471 1693 duccat
1501 1647 1558 1706 ap-

295 1746 441 1820 pellatae,
475 1747 558 1806 solvi
592 1747 713 1806 debere.
747 1747 781 1806 ln
816 1747 967 1806 comitatu
989 1747 1094 1820 itaque
1124 1743 1317 1818 aagrabiensi
1350 1747 1381 1800 et
1411 1737 1558 1809 crisiensi,

294 1850 432 1910 decimas
454 1867 517 1912 non
532 1853 623 1912 aliter
639 1868 734 1927 quam
750 1868 785 1911 ea
808 1859 932 1910 moneta
947 1852 1067 1923 duccat,
1082 1851 1160 1910 alias
1176 1849 1295 1908 abolita
1316 1854 1347 1906 et
1370 1845 1410 1904 ad
1433 1851 1557 1918 tempus

293 1963 413 2016 tantum
427 1958 580 2043 admissa,
603 1960 775 2018 solvebant
792 1959 973 2034 Capitulum
989 1957 1188 2032 Sigismundo
1212 1956 1332 2027 detulit,
1355 1953 1410 2030 qui
1432 1950 1559 2010 mandat

296 2064 443 2122 omnibus
459 2065 490 2123 in
506 2065 545 2124 iis
561 2067 760 2124 comitatibus
775 2067 857 2124 bona
878 2065 1073 2136 habentibus,
1096 2071 1131 2122 ut
1153 2067 1268 2122 statuto
1291 2077 1324 2120 se
1346 2057 1558 2127 accomodant,

293 2169 432 2242 alioquin
453 2141 574 2230 ‘iisdem
604 2172 716 2231 litteris
754 2171 881 2230 mandat
911 2171 1069 2230 Hermano
1099 2168 1283 2228 Sclavoniae
1313 2168 1403 2239 bano,
1435 2170 1470 2222 ut
1501 2176 1553 2221 eos

294 2276 465 2350 compellat
488 2277 532 2334 ad
550 2275 701 2350 justitiam
725 2277 906 2337 faciendam.
1625 2251 1630 2262 ⁸

401 2395 508 2458 Georgii
535 2395 706 2446 Marcelovid:
742 2397 861 2461 Regesta
886 2396 1029 2462 Diplomat.
1058 2395 1219 2458 aliorumque
1245 2393 1399 2442 Document.
1432 2387 1511 2439 MSC.
1530 2388 1558 2437 iu
1581 2401 1601 2418 ·‘

293 2481 452 2532 bibliotheca
470 2484 669 2535 archidioecesis
689 2485 790 2548 aagrab.

895 2661 954 2727 58.

399 2765 479 2814 Anno
501 2776 576 2828 1431,
589 2777 638 2828 ,19.
658 2765 820 2830 septembris.
839 2765 987 2830 Zagrabiae.

300 2871 453 2946 Georgius,
466 2874 554 2949 filius
575 2874 655 2932 ducis
676 2875 710 2931 de
732 2875 894 2946 Marchalt',
917 2875 996 2951 quod
1014 2877 1118 2933 attinet
1138 2873 1181 2930 ad
1199 2889 1336 2929 curruum
1359 2877 1448 2938 rotas,
1481 2885 1556 2941 quos

293 2961 433 3019 exercitus
454 2964 516 3037 ejus
538 2964 568 3020 in
590 2963 710 3021 Italiam
725 2963 909 3038 proficescens
931 2961 1099 3037 Zagrabt'ae
1121 2981 1140 3018 a
1164 2961 1286 3018 Nicolai
1303 2959 1338 3016 de
1367 2957 1454 3015 Gara
1469 2955 1555 3032 joba-

289 3051 432 3123 giom'bus,
448 3053 597 3125 persoluto
610 3052 700 3124 prius
724 3053 829 3125 pretio,
854 3053 887 3110 vi
912 3059 1066 3126 occeperat,
1096 3049 1319 3108 communitatem
1350 3047 1452 3103 montis
1483 3043 1555 3102 Gre-

669 3142 758 3197 censis
780 3141 951 3198 innocentem
971 3159 1028 3198 esse
1050 3139 1185 3197 declarat.

400 3258 476 3342 [Nos
499 3263 660 3338 Georgius,
684 3265 770 3323 filius
792 3265 925 3324 Dionisii
947 3259 1033 3343 bani]
1063 3281 1119 3322 nec
1148 3279 1209 3322 non
1231 3260 1384 3334 vvayuode
1412 3259 1451 3317 de
1474 3259 1555 3315 Mar·

294 3371 385 3428 chali.
407 3371 557 3428 Memoria
580 3371 835 3429 commendamus
863 3387 920 3445 per
943 3377 1110 3444 presentes.
1133 3369 1225 3443 Quod
1242 3368 1371 3425 ducente
1394 3365 1484 3423 nobis
1500 3365 1557 3421 im-

294 3477 448 3550 peratoris
464 3476 632 3534 clemencia
648 3493 719 3534 curn
735 3477 878 3551 gentibus
894 3479 1007 3536 nostris
1030 3470 1130 3556 (more
1150 3466 1426 3552 exer)cituancium
1449 3485 1557 3527 versus

295 3583 385 3640 Italie
407 3587 511 3657 partes
535 3598 573 3640 ex
595 3591 744 3657 precepto
767 3561 955 3642 serenissimi
978 3583 1129 3657 principis
1153 3581 1271 3640 domini
1301 3579 1408 3650 nostri,
1438 3575 1558 3635 domini

294 3686 485 3760 Sigismundi
507 3689 589 3762 regis
612 3691 810 3763 pervenimus
833 3689 874 3748 ad
894 3689 1091 3763 Zagrabiam,
1115 3689 1278 3747 casualiter
1294 3683 1457 3743 confractis
1480 3682 1557 3739 rotis

295 3809 444 3852 curruum
467 3801 654 3867 nostrorum,
679 3791 810 3854 easdem
826 3803 910 3854 rotas
939 3797 1016 3854 alias
1046 3795 1183 3869 reperire
1213 3809 1274 3852 non
1308 3791 1467 3866 potuimus
1498 3787 1557 3846 nisi

295 3900 474 3958 incivitate
504 3903 589 3974 regia
625 3904 740 3961 montis
770 3902 955 3961 Grechensis
985 3902 1024 3960 de
1054 3903 1139 3960 iuxta
1171 3899 1356 3974 Zagrabiam
1384 3895 1557 3970 predictam
1646 3923 1648 3928 ·

293 4005 457 4064 hominum
480 4013 510 4064 et
532 4005 734 4083 jobagionum
754 4008 912 4082 magnifici
935 4009 995 4066 viri
1019 4007 1137 4065 domini
1160 4005 1281 4064 Nicolai
1305 4004 1342 4062 de
1365 4003 1447 4060 Gara
1469 4000 1557 4073 regni

295 4112 454 4184 Hungarie
476 4113 616 4186 palatini,
640 4127 717 4185 quas
739 4117 823 4171 rotas
843 4129 914 4170 cum
930 4114 1020 4170 nobis
1037 4112 1121 4170 idem
1136 4110 1316 4188 jobagiones
1332 4107 1450 4166 domini
1472 4105 1557 4179 pala·

293 4217 350 4274 tini
385 4217 459 4275 dare
489 4225 681 4275 recusassent
704 4224 734 4276 et
756 4219 873 4276 eisdem
905 4235 1009 4276 carere
1040 4233 1100 4275 non
1134 4217 1351 4290 potuissemus,
1382 4211 1556 4286 recepimus

294 4321 418 4380 easdem
443 4324 570 4396 propria
593 4325 774 4381 auctoritate
789 4331 902 4396 nostra,
919 4323 1060 4398 deposito
1075 4323 1228 4395 condigno
1244 4321 1348 4396 precio
1365 4317 1555 4378 earumdem.

297 4427 369 4485 Ideo
392 4427 535 4499 fatemur,
554 4428 638 4502 quod
655 4429 849 4488 civitatenses
872 4431 903 4488 in
927 4435 957 4488 et
979 4431 1139 4488 ablacione
1155 4429 1310 4487 dictorum
1325 4440 1473 4483 curruum
1488 4437 1556 4480 om-

294 4534 366 4591 nino
389 4539 460 4592 sunt
482 4535 667 4594 innocentes.
692 4535 812 4592 Harum
828 4543 1004 4594 nostrarum
1021 4536 1197 4595 testimonio
1220 4535 1382 4592 literarum
1406 4537 1436 4589 et
1459 4531 1556 4603 sigilli

297 4640 395 4698 nostri
411 4642 599 4715 appensione
614 4641 884 4700 communitarum.
901 4643 1018 4700 Datum
1035 4643 1067 4702 in
1083 4641 1165 4699 dicta
1179 4639 1330 4712 Zagrabia
1347 4637 1424 4696 feria
1447 4641 1556 4710 quarta

296 4747 438 4819 proxima
454 4753 524 4819 post
540 4744 655 4803 festum
670 4745 877 4805 Exaltacionis
896 4753 999 4807 sancte
1015 4747 1121 4806 crucis.
1139 4749 1228 4804 Anno
1244 4743 1362 4802 domini
1385 4743 1555 4800 millesimo

294 4853 598 4926 quadringentesimo
622 4853 709 4910 XXX
733 4854 844 4926 primo.

399 4969 533 5033 originale
545 4970 572 5018 in
585 4969 680 5028 charta,
699 4970 775 5018 valde
787 4987 898 5022 exesum.
918 4973 949 5020 In
963 4973 1076 5036 margine
1089 4971 1204 5020 inferiori
1218 4972 1370 5036 impressum
1381 4977 1419 5018 est
1432 4968 1554 5032 sigillum.

293 5061 326 5108 In
345 5057 441 5110 archiv.
459 5058 505 5110 lib.
524 5075 577 5123 reg.
597 5059 666 5110 civit.
685 5059 867 5122 zagrabiensis.
