3932 5806
721 594 794 651 Doc.
821 605 885 668 251.
912 626 950 637 -
975 589 1067 671 1466.
1458 613 1519 672 309

258 809 375 882 posteri
397 810 544 868 omnibus
574 809 638 868 illis
669 809 867 868 libertatibus
898 817 927 869 et
958 811 1241 884 consuetudinibus,
1265 813 1378 886 quibus
1401 817 1522 870 sutores

258 920 289 972 et
311 914 445 974 artifices
468 916 600 973 aliarum
624 914 797 974 liberarum
819 915 981 976 civitatum
997 923 1174 976 nostrarum
1189 923 1318 977 utuntur
1333 922 1363 976 et
1378 917 1522 991 gaudent,

257 1021 371 1079 futuris
394 1037 518 1094 semper
540 1021 721 1080 successivis
745 1021 950 1096 temporibus,
983 1024 1028 1082 uti
1056 1029 1181 1097 possent
1212 1031 1242 1082 et
1271 1022 1414 1097 gaudere.
1443 1023 1521 1080 item

257 1127 370 1202 primo,
394 1125 478 1200 quod
501 1127 562 1201 ipsi
585 1141 671 1184 more
694 1127 828 1185 aliorum
851 1135 993 1186 sutorum
1016 1135 1046 1186 et
1069 1128 1224 1188 artificum
1248 1129 1427 1187 societatem
1451 1128 1521 1186 vul-

257 1232 375 1313 gariter
409 1233 482 1290 czeh
516 1231 713 1306 habencium,
745 1247 804 1307 pro
834 1249 867 1291 se
889 1233 989 1292 libere
1012 1235 1192 1294 societatem
1215 1233 1316 1293 facere
1339 1241 1369 1292 et
1391 1235 1522 1308 singulis

257 1339 344 1396 annis
366 1338 447 1397 inter
469 1354 502 1397 se
525 1338 676 1419 decanum
700 1339 751 1397 vel
774 1340 960 1412 magistrum
976 1339 1154 1398 huiusmodi
1170 1341 1323 1399 societatis
1339 1341 1522 1399 constituere

257 1445 377 1519 possint
408 1451 438 1502 et
470 1445 603 1517 valeant,
635 1445 687 1518 qui
719 1446 829 1526 ipsam,
851 1445 1028 1504 societatem
1060 1450 1146 1519 regat
1172 1451 1202 1504 et
1232 1447 1392 1504 universas
1415 1461 1522 1504 causas

257 1555 401 1624 pretextu
424 1551 543 1610 arcium
564 1556 594 1610 et
617 1551 764 1609 laborum
785 1552 926 1625 ipsorum
950 1559 980 1608 et
1003 1551 1080 1610 alias
1096 1551 1364 1626 qualitercumque
1380 1551 1522 1609 oriendas

257 1656 401 1730 inprimis
436 1656 557 1729 videat,
592 1656 718 1716 dirimat
753 1663 782 1715 et
813 1657 980 1728 discuciat,
1013 1664 1043 1716 et
1073 1657 1160 1732 quod
1189 1658 1296 1716 nullus
1318 1658 1445 1716 omnino
1467 1659 1522 1716 ho·

258 1762 379 1822 minum
402 1762 487 1837 ipsos
510 1763 562 1822 vel
585 1763 724 1837 aliquem
747 1779 785 1822 ex
815 1763 891 1838 ipsis
920 1765 953 1822 in
984 1765 1234 1838 quibuscumque
1265 1764 1365 1822 causis
1398 1765 1522 1823 racione

256 1868 436 1927 huiusmodi
457 1870 575 1928 arcium
599 1875 629 1928 et
652 1870 799 1928 laborum
822 1872 964 1945 ipsorum
987 1872 1018 1929 in
1042 1872 1233 1945 presenciam
1257 1868 1367 1946 judicis
1391 1874 1421 1927 et
1439 1867 1522 1946 jura·

257 1979 362 2032 torum
385 1975 502 2033 civium
524 1975 605 2034 dicte
628 1957 762 2034 civitatis
785 1983 889 2034 nostre
919 1977 970 2034 vel
993 1977 1128 2035 aliorum
1149 1975 1299 2053 judicum,
1311 1975 1403 2034 aliter
1426 1991 1520 2049 quam

257 2081 345 2154 prius
367 2081 545 2140 huiusmodi
568 2097 659 2140 cause
681 2097 738 2156 per
760 2083 945 2155 magistrum
962 2082 1043 2142 dicte
1060 2083 1212 2142 societatis
1228 2083 1369 2158 ipsorum
1385 2081 1522 2140 discusse

257 2191 288 2244 et
310 2185 443 2262 judicate
466 2187 588 2259 fuerint,
613 2189 777 2246 convenire
800 2193 913 2263 posset.
937 2189 1024 2260 Item,
1049 2188 1132 2264 quod
1155 2205 1247 2247 nemo
1270 2189 1349 2247 inter
1381 2203 1433 2248 eos
1455 2203 1522 2246 ma·

257 2291 353 2364 gister
375 2293 494 2351 areium
518 2301 549 2352 et
571 2293 717 2352 laborum
740 2291 809 2351 fieri
832 2293 938 2367 possit,
961 2294 1020 2352 nisi
1045 2295 1080 2365 is,
1104 2295 1158 2367 qui
1181 2293 1298 2352 eisdem
1323 2299 1353 2352 et
1383 2295 1521 2353 societati

258 2411 366 2456 eorum
395 2397 436 2456 ad
467 2398 646 2458 huiusmodi
676 2405 758 2457 artes
789 2397 945 2457 sufficiens
976 2397 1142 2470 videbitur,
1173 2407 1204 2458 et
1233 2399 1273 2458 ad
1297 2401 1402 2474 ipsum
1425 2401 1522 2474 magi·

257 2505 386 2562 sterium
409 2507 528 2564 arcium
552 2511 583 2563 et
605 2507 785 2564 societatem
807 2521 863 2580 per
886 2506 1071 2578 magistrum
1102 2505 1242 2564 eiusdem
1275 2507 1437 2578 societatis,
1469 2507 1523 2580 qui

251 2625 316 2685 -pro
340 2617 482 2685 tempore
512 2612 605 2670 fuerit
637 2612 829 2684 constitutus,
852 2617 1029 2687 acceptatus
1051 2611 1153 2678 fuerit.
1178 2619 1207 2670 et
1230 2613 1302 2671 talis
1323 2614 1355 2671 in
1378 2614 1522 2687 magiste-

258 2715 341 2774 rium
371 2718 586 2791 acceptandus,
626 2719 730 2792 primo
761 2718 977 2776 communitati
1011 2717 1166 2776 societatis
1197 2723 1259 2776 tres
1293 2717 1425 2778 florenos
1455 2721 1523 2778 auri

257 2822 395 2895 solverit,
419 2831 449 2882 et
471 2825 621 2897 magistro
641 2823 780 2882 eiusdem
802 2824 955 2882 societatis
978 2839 1014 2882 ac
1037 2824 1107 2882 aliis
1130 2825 1287 2897 magistris
1310 2841 1406 2884 unum
1429 2835 1522 2900 pran-

259 2928 347 2988 dium
370 2929 496 2988 dederit.
522 2931 663 2988 Preterea
687 2929 770 3003 quod
801 2931 907 2988 nullus
938 2938 1025 2988 sutor
1052 2937 1139 2988 extra
1170 2932 1349 2990 societatem
1380 2933 1523 3006 ipsorum

258 3037 449 3109 constitutus,
480 3037 592 3095 audeat
621 3053 673 3095 seu
704 3043 898 3111 presummat
927 3039 959 3096 in
989 3039 1057 3112 ipsa
1088 3037 1214 3095 civitate
1237 3044 1317 3096 artes
1341 3038 1523 3096 huiusmodi

258 3158 401 3200 exercere
409 3160 417 3213 ;
448 3143 474 3201 si
505 3144 559 3216 qui
591 3159 666 3201 vero
697 3149 882 3216 exercerent,
913 3144 1024 3201 talium
1054 3149 1196 3202 sutorum
1227 3145 1350 3202 labores
1375 3143 1523 3216 magister

258 3247 355 3322 ipsius
378 3249 532 3307 societatis
554 3249 652 3308 libere
674 3250 791 3307 auffere
813 3250 919 3324 possit.
942 3249 1057 3310 Nullus
1076 3251 1173 3308 eciam
1189 3255 1276 3308 sutor
1291 3255 1454 3308 extraneus
1470 3249 1522 3307 vel

257 3361 419 3428 mercator,
443 3361 496 3413 aut
519 3357 613 3414 homo
637 3357 824 3430 negociator,
848 3358 961 3415 calcios
984 3357 1036 3415 vel
1060 3357 1137 3415 alios
1163 3357 1288 3414 labores
1311 3357 1429 3414 arcium
1452 3371 1522 3430 pre·

257 3463 445 3535 scriptarum
469 3463 500 3520 in
524 3464 592 3536 ipsa
615 3463 740 3522 civitate
769 3469 875 3522 nostra
902 3463 1037 3521 vendere
1066 3468 1269 3537 presummat,
1298 3463 1357 3521 nisi
1381 3467 1522 3536 tempore

256 3568 466 3628 nundinarum
502 3571 691 3642 annualium,
725 3577 756 3628 et
787 3571 814 3628 si
849 3571 989 3644 quipiam
1022 3571 1201 3628 huiusmodi
1233 3571 1346 3628 calcios
1369 3569 1422 3626 vel
1444 3568 1523 3626 alios

258 3675 383 3734 labores
418 3676 552 3734 vendere
587 3677 838 3750 attemptaverit,
871 3678 1018 3750 magister
1052 3677 1131 3734 dicte
1165 3677 1319 3734 societatis
1352 3675 1523 3734 sufferendi

256 3783 391 3840 liberam
421 3783 534 3841 babeat
565 3784 726 3856 potestatis
754 3783 934 3842 facultatem
968 3799 1007 3842 ex
1029 3782 1165 3858 presenti
1194 3781 1387 3840 concessione
1410 3787 1523 3839 nostra.

258 3888 415 3963 Quocirca
446 3889 537 3947 vobis
571 3888 718 3946 fidelibus
751 3889 864 3947 nostris
899 3890 1073 3964 capetaneis
1103 3889 1155 3946 vel
1189 3889 1443 3962 vicecapetaneis‚
1467 3903 1524 3962 per

257 4010 314 4054 nos
335 4001 388 4053 aut
411 4010 601 4053 successores
624 4001 746 4054 nostros
768 4011 857 4068 reges
880 3996 912 4054 in
942 3998 1010 4069 ipsa
1043 3995 1167 4054 civitate
1196 3993 1424 4066 constituendis,
1448 3995 1523 4051 item

256 4100 352 4176 judici
382 4107 412 4158 et
442 4099 560 4177 juratis,
591 4104 762 4176 ceterisque
794 4103 915 4161 civibus
945 4103 1078 4160 antefate
1109 4103 1242 4160 civitatis
1275 4107 1380 4159 nostre
1409 4101 1523 4158 montis

257 4207 421 4266 Grecensis
444 4208 640 4281 presentibus
663 4215 693 4266 et
716 4208 829 4266 futuris
853 4210 1047 4283 presencium
1070 4209 1216 4266 noticiam
1233 4207 1395 4278 habituris,
1410 4207 1523 4264 harum

257 4315 336 4372 serie
367 4315 499 4373 firmiter
535 4315 726 4388 precipimus
757 4322 787 4373 et
817 4315 1020 4385 mandamus,
1052 4321 1203 4388 quatenus
1236 4313 1350 4372 amodo
1379 4312 1523 4387 deinceps

257 4421 395 4495 prelatos
419 4427 538 4491 sutores
563 4421 616 4478 vel
637 4422 775 4494 aliquem
799 4438 837 4479 ex
860 4423 936 4496 ipsis
967 4422 999 4479 in
1028 4421 1128 4479 causis
1158 4420 1345 4494 supradictis
1379 4425 1523 4494 pretextu

258 4529 376 4585 scilicet
405 4527 584 4586 huiusmodi
616 4529 735 4586 arcium
764 4533 793 4585 et
824 4528 970 4585 laborum
1002 4529 1142 4601 ipsorum
1173 4525 1309 4602 judicare
1340 4527 1391 4583 vel
1418 4531 1523 4583 vestro

256 4638 357 4691 astare
378 4631 527 4709 judicatui
550 4633 741 4708 compellere
764 4639 817 4692 aut
845 4634 922 4692 alias
951 4633 1158 4707 quovismodo
1181 4639 1288 4690 contra
1310 4632 1444 4690 formam
1467 4632 1523 4690 hu·

257 4739 393 4798 iusmodi
415 4743 518 4798 nostre
542 4740 680 4812 graciose
714 4741 882 4798 annuencie
913 4739 1136 4814 quoquomodo
1167 4737 1328 4811 impedire,
1358 4738 1524 4796 molestare

257 4853 310 4906 aut
333 4848 517 4921 perturbare
541 4852 571 4906 et
594 4845 826 4920 dampnificare,
850 4847 938 4905 nullo
974 4862 1125 4920 umquam
1157 4851 1298 4918 tempore
1329 4844 1522 4920 presumatis.

258 4955 417 5012 Presentes
441 4963 553 5025 autem,
578 4969 654 5026 quas
677 4959 795 5012 secreto
818 4953 923 5026 sigillo
947 4960 1060 5025 nostro,
1085 4969 1147 5026 quo
1177 4953 1304 5022 utimur,
1327 4953 1359 5011 in
1390 4951 1522 5026 penden-

257 5061 341 5118 dcnti
373 5061 560 5120 communiri
583 5059 723 5130 fecimus,
746 5067 817 5133 post
852 5075 959 5117 aarum
989 5061 1157 5128 lecturam,¹
1174 5057 1263 5116 reddi
1286 5059 1429 5116 iubemus
1452 5073 1523 5130 pre·
