3932 5806
742 555 817 614 θοι·
840 565 908 632 174·
931 587 974 597 -
996 553 1052 612 Aa
1078 565 1166 632 1453·
1514 571 1577 631 23⁷

315 773 447 831 Mathias
470 771 570 830 abbas
594 771 827 830 commissarius
850 775 880 828 et
903 773 1048 828 executor
1070 767 1237 843 predictus,
1261 769 1371 828 volens
1401 768 1582 828 huiusmodi

315 879 499 938 mandatum
522 878 731 953 apostolicum
746 877 838 935 nobis
853 876 885 934 in
900 876 958 933 hac
973 879 1062 949 parte
1086 874 1239 933 directum
1262 876 1374 949 exequi
1396 880 1582 948 reverenter,

314 989 349 1043 ut
371 989 522 1056 tenemur,
546 983 729 1042 examinatis
752 981 918 1055 diligenter
940 981 1087 1039 omnibus
1110 986 1141 1040 et
1172 981 1303 1054 singulis
1336 981 1581 1040 circumstanciis

315 1091 356 1150 ad
377 1095 518 1151 nostram
547 1087 805 1149 informacionem
829 1093 860 1146 et
882 1087 1022 1146 veritatis
1046 1087 1283 1162 experienciam,
1307 1101 1367 1160 que
1400 1086 1433 1145 in
1465 1087 1582 1146 talibus

315 1196 384 1256 fieri
424 1199 660 1267 consveverunt,
702 1193 938 1266 sufficientibus,
973 1208 1069 1267 super
1103 1193 1311 1268 reparacione‚
1345 1193 1582 1266 restauracione,

304 1297 500 1362 'fundacione
522 1308 553 1360 et
576 1299 774 1359 ordinacione
796 1315 832 1357 ac
855 1298 1016 1358 dotacione
1049 1304 1079 1358 et
1115 1299 1305 1358 limitacione
1340 1300 1443 1358 cultus
1484 1299 1584 1358 divini

315 1409 480 1483 hospitalis
516 1409 606 1466 beate
640 1406 800 1464 Elisabeth
834 1403 975 1480 predicti,
1010 1421 1071 1480 que
1105 1405 1138 1464 in
1170 1406 1284 1464 litteris
1317 1405 1432 1480 prelati
1466 1405 1585 1464 domini

316 1515 473 1574 Benedicti
496 1513 634 1589 episcopi
659 1517 689 1571 et
711 1513 904 1571 honorabilis
927 1511 1057 1586 capituli
1080 1511 1208 1570 ecclesie
1230 1513 1440 1586 zagrabiensis
1463 1513 1583 1587 impen-

316 1621 400 1680 denti
423 1621 610 1694 consignatis
633 1625 664 1678 et
686 1620 841 1694 expressis
864 1624 894 1678 et
917 1615 1103 1694 specificatis
1124 1617 1239 1676 clarius
1255 1624 1285 1677 et
1308 1618 1472 1693 limpidius
1507 1633 1579 1677 con·

317 1729 453 1787 tinentur
474 1732 503 1786 et
527 1727 755 1802 exprimuntur,
778 1740 855 1800 quas
889 1725 940 1782 hic
974 1739 1033 1799 pro
1067 1725 1190 1794 insertis
1223 1724 1339 1783 habere
1372 1725 1529 1798 nolumus,
1552 1732 1583 1783 et

318 1834 391 1908 quia
414 1833 519 1893 omnia
543 1839 573 1891 et
603 1833 725 1906 singula
747 1831 779 1890 in
802 1832 878 1905 ipsis
900 1831 1013 1889 litteris
1037 1831 1178 1905 ipsorum
1212 1831 1352 1905 episcopi
1374 1831 1531 1891 Benedicti
1553 1838 1584 1891 et

317 1940 447 2014 capituli
469 1937 684 2014 predictorum
705 1939 880 2013 reperimus
903 1941 933 1995 et
963 1937 1104 1995 occulata
1137 1935 1200 1994 tide
1234 1939 1452 2012 conspeximus
1488 1954 1583 2014 super

316 2045 524 2120 reparacione‚
558 2045 796 2116 restauracione,
831 2042 1024 2115 fundacione,
1070 2041 1276 2116 ordinacione,
1323 2043 1514 2103 limitacione
1552 2052 1583 2104 et

316 2151 557 2210 elemosinarum
580 2149 740 2209 dotacione
764 2147 886 2224 prefato
908 2149 1056 2222 hospitali
1082 2149 1172 2208 beate
1195 2149 1355 2208 Elisabeth
1389 2167 1446 2224 per
1477 2153 1582 2226 ipsum

317 2257 480 2317 dominum
499 2256 701 2316 Benedictum
724 2257 907 2330 episcopum
930 2254 1017 2328 facte,
1041 2253 1108 2313 fore
1130 2270 1206 2314 vera
1236 2261 1266 2313 et
1289 2256 1419 2314 veritate
1441 2257 1584 2332 subnixa,

317 2363 387 2423 ideo
408 2379 465 2422 nos
488 2363 670 2422 auctoritate
692 2362 864 2437 apostolica
887 2361 978 2420 nobis
1001 2361 1033 2419 in
1055 2361 1113 2418 hac
1136 2365 1225 2435 parte
1248 2362 1398 2420 attributa
1434 2367 1465 2421 et
1498 2377 1584 2422 coru·

317 2471 420 2542 missa,
442 2469 622 2529 huiusmodi
644 2467 870 2540 fundacionem‚
894 2465 1135 2540 ordinacionem,
1158 2467 1379 2527 limitacionem
1405 2475 1435 2527 et
1469 2468 1586 2528 dotaci-

317 2590 406 2635 onem
430 2577 653 2652 approbamus,
676 2573 867 2633 ratificamus
890 2578 920 2632 et
943 2579 1095 2649 perpetuo
1111 2573 1342 2632 confirmamus.
1356 2574 1585 2634 Nichilominus

317 2683 499 2742 auctoritate
521 2682 694 2758 apostolica
718 2680 866 2756 predicta,
891 2681 982 2740 nobis
997 2681 1030 2740 in
1046 2681 1104 2739 hac
1121 2687 1210 2755 parte
1233 2681 1407 2753 commissa,
1431 2682 1584 2740 universis

317 2795 347 2848 et
369 2790 500 2863 singulis
523 2789 678 2863 episeopis
702 2788 830 2847 ecclesie
854 2787 1061 2861 zagrabiensis
1077 2787 1216 2862 predicte
1232 2802 1290 2862 pro
1313 2794 1455 2862 tempore
1468 2789 1582 2847 consti·

316 2897 400 2969 tutis,
423 2895 655 2954 successoribus
684 2901 789 2952 tamen
810 2894 972 2967 legittimis
995 2894 1092 2968 ipsius
1114 2893 1232 2952 domini
1255 2893 1411 2952 Benedicti
1433 2895 1581 2968 episcopi,

317 3003 541 3061 committimus
564 3010 595 3061 et
618 3001 812 3074 mandamus,
837 3001 922 3076 quod
945 3002 976 3059 in
1000 2999 1082 3060 dicto
1105 3001 1254 3076 hospitali
1287 3017 1341 3059 seu
1376 3002 1441 3060 eius
1463 3001 1583 3059 habita·

317 3108 458 3166 cionibus
480 3115 546 3167 tam
577 3123 685 3166 eorum
709 3107 829 3166 familia
852 3107 996 3181 deinceps
1019 3107 1057 3164 de
1081 3113 1184 3166 cetero
1208 3107 1299 3166 acin
1334 3113 1422 3165 antea
1445 3121 1583 3165 commo·

266 3210 267 3214 ’
317 3227 386 3271 rare
409 3219 462 3272 aut
484 3214 658 3294 inhabitare
690 3229 744 3273 seu
767 3228 889 3272 moram
913 3212 1022 3286 facere,
1045 3229 1102 3272 nec
1125 3213 1262 3287 aliquem
1286 3229 1324 3272 ex
1348 3213 1502 3272 canonicis
1528 3219 1582 3272 aut

317 3319 542 3393 capitularibus
565 3321 596 3378 in
620 3320 770 3393 dignitate
794 3321 905 3395 quavis
928 3321 1111 3392 constitutis,
1135 3320 1175 3377 ad
1197 3321 1301 3395 ipsum
1325 3319 1480 3393 hospitale
1503 3319 1579 3377 dum

317 3429 496 3498 rectoratus,
520 3433 592 3501 post
613 3425 783 3485 discessum
807 3426 934 3484 antelati
958 3425 1076 3484 domini
1099 3425 1257 3484 Benedicti
1280 3426 1419 3500 episcopi
1454 3431 1581 3498 careret,

318 3532 428 3604 stringi
451 3537 504 3590 aut
526 3531 567 3590 ad
589 3531 671 3590 illud
694 3533 852 3591 instituere
877 3538 907 3590 et
930 3531 970 3590 ad
994 3533 1059 3590 eius
1075 3531 1214 3606 regimen
1230 3531 1380 3606 deputare
1403 3539 1583 3606 presumant

315 3638 411 3697 modo
434 3637 572 3712 aliquali,
596 3637 706 3697 eadem
729 3639 913 3697 auctoritate
934 3639 1107 3713 apostolica
1130 3639 1328 3697 inhibuimus
1353 3645 1383 3697 et
1406 3639 1583 3698 inhibemus

315 3744 511 3819 presencium
534 3760 592 3819 per
614 3750 761 3804 tenorem.
785 3743 956 3804 Statuimus
979 3745 1078 3802 eciam
1101 3749 1131 3802 et
1154 3744 1382 3817 ordinavimus,
1414 3744 1498 3818 quod
1522 3745 1583 3802 ele·

318 3851 436 3910 mosine
459 3867 495 3908 ac
519 3849 636 3908 fructus
660 3843 774 3930 (eidem
797 3843 958 3928 hospitali)
982 3851 1014 3908 in
1037 3850 1178 3909 futurum
1200 3865 1257 3926 per
1291 3866 1504 3925 quoscumque
1527 3851 1580 3909 do·

318 3962 390 4029 tata,
413 3958 527 4015 collata
551 3973 604 4014 seu
620 3957 759 4030 elargita,
783 3949 848 4014 sive
871 3957 932 4015 sint
954 3957 1171 4031 possessiones,
1195 3963 1276 4016 terre
1297 3958 1440 4030 arabiles,
1465 3958 1582 4028 senilia,

317 4063 370 4120 vel
393 4063 454 4121 alia
477 4078 681 4137 quecumque,
703 4065 816 4137 quovis
838 4065 973 4122 nominis
995 4065 1151 4122 vocabulo
1181 4065 1364 4135 vocitentur,
1396 4063 1435 4122 ad
1459 4071 1579 4123 susten·

318 4170 470 4228 taelonem
492 4185 547 4228 seu
563 4173 747 4244 perpetuam
766 4170 969 4229 elemosinam
985 4170 1065 4228 facta
1089 4169 1202 4228 fuerint
1226 4185 1280 4228 seu
1303 4171 1460 4229 extiterint
1475 4163 1582 4250 (dicto)

318 4275 466 4350 hospitali
489 4277 576 4334 acin
612 4276 722 4334 eodem
746 4276 804 4335 deo
828 4276 1053 4336 famulantibus
1075 4277 1207 4350 illibata,
1242 4279 1422 4336 inconcussa
1456 4283 1486 4335 et
1508 4278 1583 4335 irre·

318 4387 428 4440 vocata
450 4387 659 4457 permaneant,
681 4383 848 4457 ipsumque
870 4383 1026 4458 hospitale
1049 4385 1136 4442 iuxta
1169 4389 1282 4442 statuta
1307 4389 1336 4440 et
1370 4383 1583 4442 ordinaciones

318 4486 392 4546 dicti
415 4487 533 4546 domini
556 4486 712 4547 Benedicti
735 4489 935 4563 episcopide
967 4505 1116 4548 consensu
1150 4490 1281 4563 pretacti
1315 4489 1444 4563 capituli
1467 4487 1579 4548 futuris

318 4593 476 4667 perpetuis
499 4596 694 4668 temporibus
718 4601 844 4670 regatur
867 4601 897 4654 et
920 4597 1111 4670 gubernatur
1135 4588 1433 4676 (nonobstantibus)
1457 4597 1580 4655 ordina-

319 4699 459 4758 cionibus
489 4702 677 4775 apostolicis,
708 4719 828 4760 necnon
862 4705 984 4762 statutis
1019 4709 1049 4762 et
1082 4702 1364 4774 consvetudinibus,
1398 4701 1583 4778 juramento,

318 4805 557 4866 confirmacione
581 4823 647 4880 usu,
675 4823 771 4882 quam
793 4809 855 4866 alia
876 4809 1023 4867 firmitate
1045 4809 1208 4883 roboratis,
1232 4809 1401 4881 ceterisque
1422 4810 1583 4868 contrariis

318 4911 566 4988 quibuscumque
570 4956 918 4976 ............
943 4915 1025 4974 dicto
1049 4916 1178 4990 capituli
1210 4931 1335 4990 semper
1359 4959 1583 4976 ........

318 5023 371 5077 aut
386 5019 505 5093 aliquid
530 5063 754 5082 ........
778 5037 814 5080 ac
836 5021 999 5096 mandatis,
1021 5024 1254 5094 municionibus,
1279 5023 1528 5082 ordinacionibus
1554 5028 1584 5080 et
