3828 5822
384 559 444 633 368
806 558 879 615 Duc.
900 570 972 632 299.
996 591 1040 602 -
1062 559 1117 616 An.
1142 567 1229 635 1475.

972 771 1060 834 299.

488 927 568 976 Anno
590 939 665 992 1475.
686 943 773 976 mense
789 927 871 992 Julio.
891 927 1041 992 Zagrnbiae.

381 1037 521 1112 Homines
542 1056 716 1122 capitulares
738 1073 757 1111 a
779 1055 888 1114 civibus
910 1053 1144 1130 zagrabiensibus
1174 1055 1206 1110 in
1236 1061 1363 1112 mmcatu
1386 1073 1444 1112 esse
1474 1057 1650 1128 vulneratos,

381 1161 589 1235 nonnullosque
599 1161 767 1235 interfectos,
779 1163 927 1219 comitatus
943 1160 1138 1234 zagrabicnsts
1152 1159 1328 1234 exquirendo
1339 1161 1486 1218 comtituit
1490 1170 1552 1235 pro
1567 1170 1648 1220 certo.

487 1303 550 1362 Nos
574 1304 681 1362 Petrus
705 1303 848 1376 Bocbkay
872 1303 910 1362 de
932 1304 1229 1377 Razynakerezthwr
1249 1317 1352 1363 comes
1376 1319 1411 1362 ae
1427 1303 1647 1380 judicesnobi·

379 1411 461 1468 lium
490 1411 653 1468 comitatus
683 1409 898 1482 zagrabiensis.
930 1411 1079 1470 Memorie
1102 1409 1366 1483 commendamus,
1390 1411 1473 1484 quod
1497 1425 1568 1470 cum
1591 1427 1649 1470 nos

382 1516 420 1574 ad
456 1516 621 1574 instantem
658 1516 843 1590 peticionem
877 1516 1070 1574 honorabilis
1105 1515 1237 1590 capituli
1271 1516 1400 1574 ecclesie
1434 1518 1559 1590 zagrabi
1568 1518 1649 1576 ensis

381 1617 564 1681 Michaelem
596 1622 816 1696 Bencbekoych
840 1627 869 1682 et
892 1623 1009 1681 Lucam
1039 1622 1078 1680 de
1101 1623 1213 1696 Kalyn,
1238 1622 1316 1681 duos
1339 1639 1377 1681 ex
1399 1624 1499 1696 nobis,
1530 1624 1649 1683 scilicet

379 1725 496 1804 judices
519 1729 682 1801 nobilium,
706 1729 746 1787 ad
771 1729 968 1802 infrascripta
990 1730 1167 1803 peragenda
1190 1729 1229 1787 de
1253 1729 1326 1787 sede
1355 1734 1461 1788 nostra
1482 1728 1645 1806 judiciaria

380 1835 532 1908 legittime
555 1825 793 1894 destinassemus
801 1853 808 1905 ;
833 1834 958 1893 tandem
981 1835 1077 1893 iidem
1108 1835 1219 1894 exinde
1249 1833 1290 1893 ad
1319 1849 1383 1894 nos.
1406 1837 1533 1908 reversi,
1556 1837 1647 1896 nobis

376 1941 580 1999 conformiter
602 1942 774 2000 retulerunt
796 1955 832 1998 eo
862 1941 972 1999 modo:
1008 1941 1166 2015 quomodo
1196 1941 1258 2015 ipsi
1289 1942 1330 1998 ab
1354 1942 1508 2014 omnibus,
1532 1943 1647 2016 quibus

376 2047 532 2106 'decuisset
554 2053 584 2104 et
606 2047 741 2104 licuisset
763 2047 870 2121 palam
901 2054 931 2105 et
955 2047 1056 2105 oculte
1079 2046 1243 2120 diligenter
1266 2047 1459 2120 inquirende,
1484 2047 1581 2106 talem
1605 2047 1644 2106 de

379 2152 586 2228 infrascriptis
615 2153 810 2211 rescivissent
841 2153 1033 2212 certitudinis
1063 2153 1244 2225 veritatem,
1268 2152 1353 2227 quod
1376 2169 1449 2212 cum
1472 2153 1522 2212 die
1545 2153 1645 2212 domi·

378 2261 448 2318 nico
471 2259 616 2334 proximo
638 2262 709 2316 ante
731 2257 846 2316 festum
870 2259 957 2317 beate
974 2259 1168 2332 Margarethe
1191 2259 1321 2332 virginis
1345 2265 1376 2317 et
1398 2259 1546 2334 martiris,
1568 2275 1642 2335 pro·

379 2367 464 2425 xime
498 2365 653 2439 preterito,
684 2365 826 2437 Michael,
858 2365 1041 2438 Anthonius,
1073 2363 1247 2439 Stephanus
1278 2370 1308 2425 et
1339 2364 1480 2424 Andreas
1503 2367 1644 2436 clericus,

379 2469 549 2530 familiares
573 2470 647 2528 dicti
670 2471 807 2544 capituli,
823 2470 862 2530 de
884 2471 1008 2530 civitate
1031 2471 1146 2540 montis
1169 2470 1330 2530 Grecensis
1354 2471 1394 2530 ad
1417 2471 1501 2530 idem
1524 2473 1642 2546 capitu·

378 2577 446 2636 lum
470 2577 575 2635 venire
605 2577 794 2650 habuissent,
818 2582 891 2636 tunc
921 2578 1057 2637 Thomas
1090 2584 1185 2650 sutor,
1208 2576 1382 2652 Stephanus
1405 2579 1479 2650 Lah,
1503 2578 1640 2651 Gywrko

379 2681 525 2758 frenipar,
548 2681 668 2741 Blasius
684 2689 778 2755 sutor,
795 2682 948 2758 Clemens,
971 2683 1083 2742 Kelecz
1098 2683 1206 2756 dictus,
1229 2684 1385 2768 Johannes
1408 2689 1439 2742 et
1460 2684 1644 2743 Valentinus

379 2795 507 2862 sutores,
541 2789 674 2848 Michael
706 2790 881 2864 Hungarus,
904 2790 1059 2849 Klachecz
1089 2791 1199 2864 dictus,
1231 2790 1402 2864 Gregorius
1433 2790 1668 2863 Pawsynzeth,

376 2895 561 2955 Valentinus
592 2896 828 2969 Kozynowzeth,
858 2896 1041 2955 Dominicus
1064 2897 1188 2968 Malecz,
1211 2897 1297 2956 Hans
1321 2896 1467 2971 frenipar,
1490 2895 1643 2969 Georgius

379 3002 524 3061 similiter
555 3001 701 3077 frenipar,
733 3003 833 3060 dictus
856 3001 989 3075 Banych,
1022 3003 1194 3061 Anthonius
1217 3002 1364 3077 Seghlyn,
1386 3003 1479 3076 Blyas
1501 3007 1589 3062 sutor
1611 3003 1642 3062 in

380 3110 485 3185 platea
506 3113 655 3180 sutorum,
679 3108 830 3166 suburbio
854 3107 999 3166 videlicet
1022 3109 1155 3166 civitatis
1185 3108 1324 3184 predicte
1346 3113 1581 3182 commorantes,
1604 3107 1643 3167 de

380 3214 511 3274 consilio
534 3219 564 3271 et
586 3213 747 3271 voluntate
770 3213 864 3270 Blasii
887 3210 997 3288 judicis
1020 3213 1101 3272 dicte
1124 3215 1265 3286 civitatis,
1289 3215 1438 3298 Johannis
1460 3214 1638 3288 Perowych,

379 3321 507 3379 alterius
529 3319 678 3402 Johannis
701 3317 924 3392 Saldynarych,
941 3318 1035 3377 Blasii
1051 3319 1234 3378 Thewthma
1250 3321 1407 3392 institoris,
1429 3319 1642 3393 Walenthycz,

379 3426 472 3485 Blasii
496 3423 704 3498 Zthenychky,
734 3425 891 3482 Dominici
922 3425 1100 3498 Perowych,
1131 3425 1241 3484 Briccii
1272 3427 1421 3499 Hungari,
1445 3427 1520 3484 item
1546 3426 1641 3485 Pazar

379 3541 410 3592 et
432 3533 593 3591 Laurencii
616 3529 732 3603 Sporar
755 3531 899 3588 manibus
922 3531 1049 3589 armatis
1073 3537 1102 3588 et
1126 3532 1482 3606 potenciariis‚.arcubus
1505 3534 1641 3604 attensis,

378 3642 409 3699 in
433 3638 560 3697 eosdem
585 3637 778 3708 Michaelem‚
802 3638 1003 3708 Anthonium,
1034 3636 1226 3712 Stephanum
1258 3643 1289 3695 et
1312 3637 1469 3696 Andream
1492 3639 1641 3697 clericum

378 3745 464 3803 omni
487 3745 628 3818 ipsorum
650 3743 770 3815 absque
801 3743 895 3817 culpa
924 3744 1091 3815 irruentes,
1121 3742 1288 3820 jamfatum
1319 3744 1503 3802 Michaelem
1526 3743 1641 3802 famili·

376 3865 463 3909 arem
483 3849 557 3908 dicti
579 3848 710 3923 capituli
731 3864 805 3907 nece
828 3849 948 3907 crudeli
982 3850 1216 3922 interimissent,
1239 3847 1385 3925 jamfatos
1418 3864 1543 3923 quoque
1574 3853 1637 3908 An·

378 3957 539 4028 thunium,
569 3954 761 4029 Stephanum
794 3963 824 4014 et
854 3955 1011 4014 Andream
1041 3956 1154 4014 ictibus
1186 3937 1422 4029 quamplurium
1453 3957 1639 4028 sagittarum

377 4063 513 4121 letaliter
535 4060 729 4119 vulnerando
761 4062 958 4132 sauciassent,
980 4062 1012 4120 in
1046 4068 1231 4135 portamque
1264 4061 1338 4120 dicti
1361 4061 1490 4135 capituli
1513 4057 1641 4120 eosdem

377 4169 557 4242 aufugentes
591 4173 690 4226 certas
724 4168 851 4242 sagittas
873 4175 944 4242 post
979 4183 1032 4226 eos
1066 4169 1251 4238 emittentes,
1286 4168 1392 4241 siper
1429 4166 1640 4227 defensionem

377 4276 551 4350 proborum
584 4273 726 4333 eliberati
756 4289 818 4332 non
847 4272 986 4345 fuissent,
1018 4273 1144 4332 eosdem
1175 4289 1250 4331 nece
1273 4272 1392 4331 crudeli
1416 4274 1641 4333 interemissent

377 4381 520 4457 potencia
541 4381 703 4452 mediante,
720 4381 751 4438 in
764 4379 972 4454 preiudicium
994 4385 1024 4438 et
1040 4379 1211 4453 dampnum
1234 4379 1371 4437 annotati
1394 4381 1523 4453 capituli
1548 4380 1640 4438 valde

378 4504 536 4561 magnum.
559 4487 628 4560 Qua
650 4486 852 4560 inquisicione
875 4484 964 4557 facta,
980 4485 1076 4558 iidem
1097 4482 1213 4560 judices
1235 4485 1391 4544 nobilium
1413 4486 1445 4544 in
1465 4485 1546 4544 festo
1562 4485 1640 4544 divt-

377 4595 471 4654 sionis
502 4593 725 4668 apostolorum,
753 4593 897 4652 similiter
927 4593 1070 4668 proxime
1100 4591 1293 4666 preteritum,
1317 4592 1356 4650 ad
1379 4591 1543 4668 jamfatum
1571 4591 1640 4650 Bla-

377 4703 459 4762 sium
482 4698 617 4778 judicem
639 4699 783 4759 iamdicte
806 4701 940 4758 civitatis
955 4698 1070 4757 montis
1094 4696 1255 4756 Grecensis
1271 4697 1457 4768 accedentes,
1473 4699 1640 4772 ipsumque

377 4808 583 4883 personaliter
606 4811 766 4881 repertum
789 4807 821 4864 in
843 4820 887 4877 eo,
911 4811 945 4863 ut
960 4806 1027 4879 ipse
1051 4820 1089 4862 ex
1105 4811 1192 4878 parte
1208 4803 1328 4862 Thome
1351 4804 1473 4876 sutoris,
1489 4803 1638 4878 Stephani

377 4915 443 4973 Lah
472 4921 502 4972 et
532 4914 666 4972 aliorum
700 4914 945 4988 prescriptorum
975 4927 1069 4986 super
1100 4910 1259 4985 premissis
1289 4911 1409 4968 actibus
1440 4909 1638 4986 potenciariis

374 5019 482 5098 judicii
505 5026 535 5078 et
556 5019 677 5097 justicie
693 5020 958 5093 complementum
973 5017 1074 5076 eidem
1091 5016 1228 5090 capitulo
1244 5014 1345 5075 facere
1368 5023 1399 5075 et
1422 5016 1639 5077 administrare
