3932 5806
832 525 1058 606 Doc.183.-
1085 530 1140 588 An.
1164 541 1251 608 1455.

1001 866 1083 932 183.

514 1052 595 1108 Anno
617 1069 691 1124 1455,
712 1070 753 1121 31.
772 1055 922 1111 decembris.
943 1059 1090 1124 Zagrabiae.

408 1184 515 1243 Poma
533 1173 576 1243 ³et
602 1183 772 1242 Benedictus
805 1187 957 1261 cunfobti
976 1185 1183 1260 zagrabicnses,
1206 1187 1239 1244 ob
1261 1195 1414 1260 argentum
1437 1186 1597 1243 restinctum
1614 1193 1673 1263 pro

409 1263 562 1350 thecuad·
578 1291 803 1350 rummandum
821 1294 911 1366 pueri
930 1294 1089 1353 innocentes
1117 1301 1220 1371 corpus
1245 1292 1467 1367 prosperanda,
1499 1310 1519 1348 a
1548 1291 1673 1365 capitulo

942 1399 1141 1458 absolvuntur.
1450 1401 1453 1408 '

416 1609 418 1614 λ
513 1541 577 1600 Nos
592 1545 765 1617 capitulum
788 1544 914 1602 ecclesie
936 1543 1150 1616 zagrabiensis.
1167 1542 1316 1601 Memoris
1338 1541 1593 1601 commendamus
1616 1557 1673 1616 per

405 1629 577 1721 presentes:
602 1649 688 1723 quod
712 1665 905 1724 quamquam
926 1665 983 1708 nos
1005 1654 1123 1708 certam
1147 1657 1277 1723 quotam
1305 1649 1424 1722 argenti
1446 1649 1545 1706 nostri
1568 1653 1598 1706 et
1621 1665 1668 1706 ec·

408 1753 502 1815 clesie
517 1761 637 1827 nostre,
660 1755 799 1829 primum
822 1755 933 1828 viginti
948 1761 1081 1829 quatuor
1096 1771 1217 1814 marcas
1234 1772 1306 1814 cum
1323 1756 1429 1830 aliqua
1452 1755 1670 1826 excrescencia,

410 1839 536 1928 andem
557 1874 593 1918 eo
616 1861 753 1935 amplius
775 1862 871 1920 simul
894 1877 967 1920 cum
982 1861 1128 1937 predictis
1144 1863 1253 1936 viginti
1276 1867 1411 1936 quatuor
1435 1860 1598 1937 marcisad
1616 1861 1668 1918 tri-

406 1967 491 2039 ginta
513 1981 567 2025 sex
589 1981 661 2024 cum
684 1967 786 2027 media
809 1969 923 2026 marcis
945 1969 1073 2041 argenti,
1095 1968 1231 2042 demptis
1254 1975 1388 2043 quatuor
1411 1966 1532 2049 nezeek,
1556 1983 1588 2024 se
1617 1983 1671 2052 exj

405 2053 592 2148 tendentem,
609 2073 737 2147 dempto
753 2074 915 2132 dumtaxat
937 2079 1073 2146 argento,
1097 2074 1181 2147 quod
1203 2074 1342 2134 nondum
1365 2075 1466 2132 extitit
1481 2073 1669 2144 laboratum,

411 2179 552 2252 providis
574 2180 652 2238 viris
674 2179 771 2237 Paulo
795 2184 825 2237 et
847 2179 1020 2251 Benedicta,
1044 2179 1218 2252 aurifabris
1243 2181 1363 2238 civibus
1386 2180 1519 2238 civitatis
1550 2179 1664 2237 montis

407 2284 591 2344 Grechensis
614 2285 653 2342 de
674 2283 763 2361 juxta
785 2286 971 2360 Zagrabiam
1001 2286 1040 2344 ad
1076 2285 1306 2361 preparandam
1340 2293 1441 2344 tecam
1480 2285 1521 2360 ad
1544 2272 1673 2342 conse'rss

404 2389 541 2448 vandum
565 2395 595 2448 et
617 2390 819 2451 deferendum
842 2407 956 2466 corpus
978 2395 1068 2466 pueri
1091 2393 1268 2464 innocentis,
1303 2392 1489 2450 dederamus
1523 2395 1553 2450 et
1590 2391 1664 2448 assi-

404 2510 621 2570 gnaveramus,
639 2513 699 2572 que
721 2497 847 2571 triginta
870 2514 925 2555 sex
947 2513 983 2556 ac
1006 2497 1109 2556 media
1131 2513 1244 2571 marce,
1268 2499 1370 2556 minus
1393 2503 1527 2572 quatuor
1541 2495 1662 2568 nezeeir,

403 2581 464 2682 sint
486 2601 526 2660 ad
549 2603 680 2666 eandem
702 2609 804 2662 tecam
827 2619 898 2662 cuse
921 2609 952 2661 et
974 2611 1148 2678 preparate.
1171 2605 1209 2662 Et
1243 2604 1317 2677 quia
1351 2604 1468 2662 dictum
1490 2607 1664 2677 argentum,

404 2707 483 2766 sicut
504 2709 704 2782 premittitur,
728 2716 931 2784 preparatum
953 2724 1015 2767 una
1037 2726 1109 2767 cum
1132 2725 1195 2767 non
1218 2717 1386 2784 preparato
1409 2702 1537 2784 propter
1553 2710 1668 2790 instan-

404 2817 476 2886 tem¹
491 2814 703 2888 pestilenciam
728 2823 757 2874 et
779 2817 849 2874 aliis
869 2816 908 2874 de
924 2817 1024 2874 causis
1039 2817 1180 2875 animum
1202 2824 1343 2875 nostrum
1355 2816 1393 2873 ad
1411 2798 1443 2874 id
1459 2816 1667 2888 moventibus,

402 2935 441 2978 ne
462 2921 503 2978 ab
519 2919 634 2986 ¹eadem
658 2921 787 2979 ecclesia
810 2922 877 2994 ipsa
901 2927 967 2980 teca
990 2927 1020 2980 ct
1043 2921 1223 2980 huiusmodi
1256 2929 1420 2995 argentum
1456 2938 1474 2979 a
1508 2921 1599 2980 nobis
1637 2927 1667 2978 ct

321 3041 323 3046 ·
403 3025 485 3084 dicta
507 3027 637 3085 ecclesia
671 3032 777 3085 nostra
811 3027 1035 3101 quoquomodo
1072 3028 1269 3103 deperdatur,
1296 3030 1337 3087 ab
1361 3029 1480 3088 eisdem
1514 3027 1613 3086 Paulo
1635 3031 1666 3083 et

402 3132 566 3190 Benedicto
581 3133 749 3191 aurifabris
765 3133 895 3192 eandem
910 3140 1009 3192 tecam
1026 3150 1062 3192 ac
1085 3141 1247 3208 argentum
1263 3141 1328 3192 tam
1351 3141 1553 3210 preparatum
1569 3149 1664 3208 quarn

402 3244 432 3308 et
454 3215 515 3296 non
537 3244 741 3314 preparatum
763 3239 803 3297 ad
826 3255 882 3297 nos
911 3242 1095 3314 recepimus,
1135 3242 1232 3298 immo
1266 3242 1441 3314 recepimus
1475 3241 1601 3298 realiter
1635 3246 1665 3297 et

402 3360 474 3402 cum
495 3345 615 3404 effectu.
637 3345 711 3404 ldeo
741 3361 797 3404 uos
820 3351 982 3405 annotatos
1016 3346 1150 3404 Paulum
1186 3354 1216 3404 et
1253 3346 1454 3406 Benedictum
1489 3329 1665 3406 aurifabros

402 3449 558 3524 predictos
581 3452 705 3509 racione
736 3451 915 3510 huiusmodi
936 3453 1075 3526 plenarie
1099 3453 1318 3526 assignacionis
1341 3455 1439 3529 ipsius
1463 3460 1527 3512 tece
1562 3460 1592 3512 et
1614 3469 1663 3512 ar·

404 3557 496 3629 genti,
520 3557 614 3615 modo
638 3573 701 3632 quo
724 3558 914 3630 premittitur
945 3560 1036 3616 nobis
1063 3558 1151 3632 facte,
1175 3561 1304 3633 quietos,
1329 3560 1475 3634 pacificos
1506 3565 1536 3618 et
1559 3559 1662 3618 modis

401 3663 546 3721 omnibus
557 3663 750 3722 reddidimus
766 3664 942 3734 absolutos;
964 3664 1153 3739 eosdemque
1169 3665 1302 3724 Paulum
1319 3673 1350 3724 et
1366 3666 1564 3726 Benedictum
1580 3667 1662 3726 auri·

399 3768 546 3827 fabrosa
576 3769 770 3828 fideiussoria
788 3763 944 3828 ‘caucione
979 3771 1185 3846 providorum
1220 3773 1361 3832 virorum
1404 3773 1569 3844 Valentini,
1605 3772 1664 3831 filii

400 3875 531 3932 condam
556 3876 714 3934 Michaelis
737 3875 897 3950 Sarouych
921 3877 995 3936 dicti
1018 3893 1054 3935 ac
1078 3879 1198 3938 Nicolai
1222 3879 1376 3938 aurifabri
1398 3885 1429 3938 et
1458 3879 1548 3937 Pauli
1574 3878 1662 3936 Wal-

399 3982 476 4054 poth
500 3981 583 4054 dicti,
607 3984 723 4040 civium
759 3982 840 4041 dicte
874 3984 1008 4042 civitatis
1043 3987 1158 4043 montis
1193 3985 1386 4057 Grechensis,
1418 3987 1542 4044 racione
1580 3985 1661 4043 dicte

399 4093 463 4145 tece
484 4089 610 4146 omnino
633 4088 827 4147 absolvimus
851 4094 881 4148 et
904 4091 1066 4149 absolutos
1089 4091 1249 4149 reddimus
1273 4108 1329 4166 per
1351 4099 1516 4166 presentes.
1540 4092 1660 4152 Harum

397 4181 573 4252 nostrarum
604 4195 712 4268 vigore
745 4173 775 4253 et
808 4197 985 4255 testimonio
1019 4198 1196 4256 litterarum
1231 4198 1394 4257 mediante.
1428 4199 1543 4258 Datum
1583 4198 1659 4257 feria

397 4307 508 4374 quarta
523 4303 668 4376 proxima
691 4309 761 4360 ante
796 4303 909 4362 festum
943 4303 1194 4362 Circumcisionis
1230 4305 1355 4364 domini.
1393 4307 1484 4365 Anno
1520 4306 1657 4364 eiusdem

397 4406 534 4465 MCCCC
558 4409 816 4482 quinquagesimo
840 4411 956 4483 quintu.

510 4597 589 4646 Liber
614 4597 709 4648 rubeus
735 4615 791 4650 ven.
821 4601 928 4666 capituli
955 4601 1016 4655 eccl.
1053 4603 1205 4668 zagrab.1n
1232 4605 1327 4656 archiv.
1355 4605 1417 4655 incl.
1445 4605 1529 4656 Acad.
1561 4605 1656 4655 Scient.

395 4684 464 4738 Slav.
483 4686 573 4739 merid.
