3828 5822
682 551 753 608 Doc.
777 545 839 622 265
872 581 913 590 —
938 550 993 606 An.
1020 552 1111 624 1409.
1460 568 1521 626 329

260 764 345 837 tique
375 768 494 821 terrore
525 765 689 838 perterriti,
719 779 791 822 cum
818 761 948 839 juribus,
979 763 1121 837 reliquiis
1150 769 1338 836 sanctorum,
1368 763 1523 836 thezauro,

260 868 420 939 calicibus,
450 875 480 928 et
509 870 580 928 aliis
613 870 711 940 bonis,
744 884 805 943 que
836 869 1087 930 festinantissime
1117 869 1217 928 levari
1247 868 1348 928 iacere
1371 884 1429 944 pro
1452 875 1524 928 tunc

259 980 450 1048 poteramus,
472 974 511 1033 ad
535 975 663 1034 eandem
689 975 846 1034 civitatem
870 977 1074 1050 importantes
1096 976 1302 1050 confugimus,
1324 975 1434 1049 inqua
1457 976 1524 1034 uni-

260 1095 349 1138 versa
383 1080 490 1140 eadem
523 1083 605 1139 bona
638 1087 669 1140 et
702 1080 741 1138 ad
772 1097 898 1168 presens
929 1082 1116 1154 consistunt;
1150 1097 1222 1140 curn
1245 1081 1391 1156 pluribus
1414 1081 1524 1140 diebus

258 1187 497 1259 precedentibus
520 1193 550 1246 et
573 1187 731 1260 usquead
763 1203 889 1262 presens
920 1192 1045 1262 tempus
1076 1188 1320 1262 circumquaque
1351 1189 1384 1247 in
1415 1188 1524 1246 vicinis

258 1293 349 1350 nobis
371 1293 448 1351 locis
472 1295 577 1352 omnia
600 1294 803 1366 devastantes,
827 1294 1001 1352 desolantes
1024 1299 1055 1353 et
1078 1300 1318 1370 concremantes,
1340 1293 1477 1353 infinitos
1494 1299 1524 1351 et

260 1397 501 1457 innumerabiles
536 1401 678 1458 homines
712 1401 873 1473 utriusque
907 1416 1007 1471 sexus,
1031 1399 1219 1458 condicionis
1250 1403 1280 1460 et
1312 1400 1401 1460 etatis
1424 1399 1522 1458 abdu·

258 1509 350 1576 cunt,
385 1510 416 1562 et
449 1505 519 1565 aliis
549 1521 585 1564 ac
615 1506 685 1564 aliis
715 1505 820 1580 predis
850 1506 1014 1564 hominum
1048 1513 1079 1565 et
1111 1507 1296 1565 animalium
1331 1506 1522 1580 aliquociens

258 1612 423 1683 associatis,
447 1617 477 1670 et
499 1611 540 1669 ad
563 1626 672 1670 eorum
695 1617 815 1670 tenutas
838 1613 1034 1686 transmissis,
1058 1614 1118 1688 ipsi
1141 1613 1274 1687 denique
1296 1613 1455 1687 replicatis
1477 1613 1524 1670 vi·

259 1717 346 1774 cibus
369 1734 427 1791 per
449 1734 482 1775 se
513 1733 571 1791 pro
601 1718 759 1776 similibus
789 1719 1005 1792 perpetrandis
1028 1719 1176 1793 nepharie
1206 1728 1278 1778 sunt
1299 1719 1447 1792 regressi,
1469 1719 1523 1792 qui

259 1825 414 1881 communi
439 1823 522 1880 fama
546 1824 737 1896 pervolante,
760 1839 816 1881 nec
839 1823 897 1882 hac
919 1831 1040 1882 tanturn
1064 1825 1140 1898 vice,
1163 1825 1217 1884 sed
1241 1827 1345 1900 sepius
1375 1823 1523 1882 invadere

258 1927 341 1986 velle
365 1934 468 2002 partes
490 1929 563 1987 istas
586 1928 769 1987 referuntur.
793 1929 917 2002 Quique
939 1945 957 1986 a
981 1931 1127 2004 proximo
1151 1931 1229 1989 festo
1262 1933 1343 1990 beati
1373 1931 1522 2015 Johannis

259 2035 396 2108 Baptiste
419 2051 517 2109 usque
540 2042 737 2109 prenotatum
761 2035 873 2093 festum
897 2037 979 2094 beati
1002 2037 1162 2095 Michaelis
1181 2038 1360 2110 archangeli
1377 2037 1444 2096 vice
1460 2038 1521 2096 iam

257 2141 356 2199 altera
378 2143 410 2200 in
439 2143 497 2200 hoc
523 2143 702 2200 miserabile
724 2157 865 2214 regnum,
897 2143 1073 2216 specialiter
1104 2150 1134 2201 et
1164 2150 1268 2218 partes
1290 2145 1374 2202 ultra
1404 2143 1522 2201 dictum

257 2245 387 2306 fluvium
421 2247 512 2306 Zawe
542 2248 669 2312 reversi.
701 2247 817 2306 eisdem
850 2249 988 2306 totaliter
1010 2248 1165 2322 desolatis
1188 2249 1315 2308 infinitis
1339 2248 1444 2324 predis
1466 2249 1522 2308 ho·

257 2352 377 2410 minum
401 2359 431 2411 et
446 2354 628 2412 animalium
645 2353 796 2424 abductis,
812 2355 1087 2428 mansionibusque
1101 2356 1265 2414 hominum
1280 2356 1360 2429 ignis
1375 2355 1523 2428 voragine

257 2460 458 2533 consumptis,
474 2475 562 2518 more
586 2460 751 2518 beluarum
774 2460 962 2518 seviencium
986 2461 1153 2520 crudeliter
1177 2461 1360 2536 depopulati
1381 2466 1469 2532 sunt;
1491 2467 1522 2518 et

257 2564 316 2622 uisi
336 2571 413 2622 nutu
437 2565 650 2624 misericordie
673 2565 723 2624 dei
745 2567 903 2640 inopinate
925 2567 985 2625 hiis
1005 2568 1158 2642 proximis
1181 2567 1291 2626 diebus
1307 2568 1420 2626 fluvius
1431 2566 1522 2625 Zawe

256 2669 466 2744 innundasset,
488 2671 604 2730 nedum
627 2687 683 2730 nos
706 2679 736 2730 et
758 2672 888 2730 ecclesia
911 2681 1024 2746 nostra,
1059 2689 1170 2732 verum
1201 2675 1258 2733 toti
1294 2688 1390 2746 regno
1425 2672 1520 2730 finale

255 2777 431 2849 periculum
456 2778 634 2836 inminebat.
658 2777 909 2851 Quibusquidem
931 2780 1078 2852 periculis
1101 2784 1132 2838 et
1155 2781 1224 2839 aliis
1247 2795 1324 2854 pene
1345 2760 1521 2837 innumera·

256 2881 375 2940 bilibus
399 2884 491 2940 malis
523 2883 660 2957 undique
688 2885 860 2958 perspectis
891 2885 976 2943 etin
1006 2886 1071 2944 acie
1093 2887 1205 2944 mentis
1228 2891 1332 2944 nostre
1355 2899 1428 2943 sane
1450 2900 1520 2959 pre·

184 3014 186 3019 v
255 2989 379 3062 metitis,
414 2988 624 3063 formidantes,
659 2991 717 3049 nisi
748 2990 824 3049 deus
858 2993 1003 3076 misertus
1038 2991 1139 3066 fuerit,
1162 2994 1194 3051 in
1216 2999 1385 3066 posterum,
1407 2992 1454 3050 uti
1477 2990 1522 3049 fa·

256 3101 367 3167 matur,
391 3096 492 3153 multo
516 3097 622 3169 peiora
646 3097 804 3170 prioribus
829 3103 893 3155 tam
918 3099 1017 3172 nobis,
1041 3115 1137 3172 quam
1159 3100 1254 3157 rebus
1283 3103 1314 3157 et
1345 3098 1435 3156 bonis
1465 3111 1520 3156 no·

255 3202 327 3259 stris
358 3207 388 3259 et
419 3202 546 3260 ecclesie
577 3207 681 3260 nostre
711 3203 875 3262 succedere
898 3219 996 3276 posse,
1028 3205 1069 3262 ab
1092 3205 1231 3278 ipsisque
1253 3207 1340 3262 iuxta
1363 3205 1520 3278 possibili-

255 3313 351 3364 tatem
373 3313 512 3365 nostram
537 3324 608 3366 cum
632 3309 749 3368 auxilio
773 3311 1025 3384 cunctapotentis,
1049 3310 1248 3385 presidioque
1271 3311 1444 3368 amicorum
1468 3323 1519 3368 cu·

254 3413 372 3486 pientes
396 3429 571 3487 precavere,
596 3414 668 3472 licet
690 3415 731 3472 ab
754 3415 832 3473 olim
854 3416 934 3474 inter
956 3432 1011 3474 nos
1035 3418 1075 3474 ab
1091 3433 1152 3475 una
1168 3422 1198 3475 et
1212 3416 1350 3491 prefatos
1367 3416 1517 3490 providos

254 3526 284 3576 et
299 3519 539 3592 circumspectos
555 3521 638 3577 viros
662 3522 753 3591 cives,
770 3522 887 3579 incolas
910 3527 940 3580 et
964 3523 1186 3581 inhabitatores
1210 3527 1357 3581 ettotam
1380 3537 1520 3580 commu-

252 3625 381 3682 nitatem
405 3625 486 3683 dicte
509 3627 642 3683 civitatis
663 3629 778 3685 montis
801 3627 964 3686 Grecensis
988 3628 1025 3686 de
1042 3630 1127 3687 iuxta
1149 3628 1343 3702 Zagrabiam,
1367 3633 1456 3702 parte
1479 3629 1519 3686 ab

253 3731 359 3803 altera,
376 3736 439 3788 tam
463 3737 607 3806 pretextu
629 3731 821 3804 iniuriarum,
846 3732 1064 3807 dampnorum,
1087 3741 1353 3808 nocumentorum,
1369 3735 1518 3805 rixarum,

252 3837 546 3908 controversiarum,
569 3837 796 3896 dissensionum
819 3844 850 3898 et
872 3839 1124 3898 differenciarum
1147 3841 1294 3898 hactenus
1311 3846 1341 3898 et
1356 3841 1516 3915 hucusque

253 3942 547 4016 quomodocumque
570 3949 600 4001 et
623 3945 891 4021 qualitercumque
915 3952 945 4003 et
968 3963 1024 4021 per
1047 3963 1277 4021 quemcumque
1301 3946 1430 4005 modum
1454 3946 1516 4004 fac·

253 4056 365 4122 tarum,
387 4050 548 4108 illatarum
571 4054 602 4108 et
615 4055 817 4124 patratarum,
834 4067 929 4124 quam
946 4053 1044 4110 eciam
1059 4053 1222 4111 hominurn
1239 4051 1517 4126 interieccionibus‚

251 4156 533 4229 vulneracionibus,
545 4157 761 4214 membrorum
778 4158 1039 4232 mutilacionibus,
1056 4159 1221 4217 domorum
1238 4143 1538 4231 combussionibus,'

251 4263 340 4320 factis
362 4262 560 4337 potenciariis
582 4278 618 4321 ac
642 4264 711 4320 aliis
735 4265 898 4338 quibusvis
921 4265 1079 4324 malorum
1110 4266 1275 4338 generibus
1304 4281 1361 4339 per
1391 4263 1516 4324 eosdem

250 4370 341 4426 nobis
365 4374 394 4426 et
417 4370 530 4428 nostris
553 4385 650 4443 usque
674 4370 706 4428 in
728 4371 914 4430 hodiernum
938 4371 1021 4431 diem
1045 4374 1157 4446 quovis
1185 4373 1281 4430 modo
1312 4372 1456 4444 irrogatis
1486 4375 1517 4429 et

250 4475 426 4533 commissis
448 4481 479 4533 et
502 4475 658 4548 signanter
681 4477 712 4534 in
735 4475 816 4535 facto
833 4479 1163 4537 excommunicacionis
1180 4477 1341 4536 cuiusdam
1357 4477 1510 4535 sentencie

250 4583 326 4640 olim
350 4598 407 4656 per
436 4581 567 4639 condam
600 4581 762 4640 dominum
790 4583 963 4667 Johannem
996 4586 1177 4660 episcopum
1200 4584 1432 4658 zagrabiensem
1455 4598 1514 4658 pro

249 4696 338 4762 parte
368 4695 398 4746 et
428 4687 468 4745 ad
498 4688 680 4746 instanciam
711 4688 910 4748 dominorum
940 4705 999 4764 pro
1029 4695 1103 4749 tunc
1125 4690 1164 4749 de
1187 4690 1271 4748 dicto
1294 4690 1441 4764 capitulo,
1458 4703 1515 4749 no·

248 4799 408 4868 stramque
431 4799 461 4851 et
476 4800 653 4851 nostrorum
670 4809 882 4852 successorum
898 4812 936 4854 ex
952 4797 1113 4872 premissis
1128 4797 1248 4856 iniuriis
1264 4802 1370 4856 contra
1386 4795 1512 4854 eosdem

248 4900 340 4971 cives,
364 4900 482 4957 incolas
512 4906 541 4958 et
571 4900 794 4958 inhabitatores
818 4917 854 4959 ac
874 4907 971 4960 totam
995 4903 1249 4960 communitatem
1274 4901 1355 4960 dicte
1378 4901 1512 4960 civitatis

248 5006 362 5064 montis
386 5005 547 5064 Grecensis
569 5006 632 5064 late
655 5012 684 5064 et
708 5005 872 5065 fulminato
894 5008 926 5066 in
949 5022 985 5066 eo
1010 5006 1164 5079 videlicet,
1187 5015 1222 5065 ut
1243 5007 1304 5066 filii
1327 5005 1510 5068 eorumdem
