3804 5858
639 525 1067 602 mm—aw-
1275 575 1279 586 .
1410 546 1471 606 m

204 758 326 816 firmius
360 758 555 830 mandamus,
586 763 621 816 ut
650 758 711 832 ipsi
741 758 859 816 tributa
888 757 945 816 illa
968 763 998 816 et
1029 759 1169 817 thelonia
1192 759 1224 817 in
1247 759 1362 833 quibus
1384 761 1475 820 huius

204 866 393 923 contrarium
441 865 524 924 fierit
559 879 618 938 pro
653 864 814 923 maiestate
844 869 949 923 nostra
979 879 1130 939 occupare
1153 870 1184 923 et
1214 865 1334 924 tamdiu
1369 871 1471 924 tenere

203 970 343 1041 debeant,
372 970 469 1030 donec
492 986 510 1028 a
533 971 623 1030 nobis
647 969 733 1028 aliud
756 970 930 1044 acceperint
946 971 978 1028 in
1000 969 1163 1029 mandatis.
1180 971 1218 1030 Et
1240 971 1300 1030 hoc
1322 971 1470 1030 volumus

204 1078 301 1135 eciam
318 1092 374 1150 per
404 1075 525 1134 futuros
560 1076 666 1148 banos,
700 1077 876 1148 vicebanos
907 1077 1098 1151 comitesque
1129 1078 1180 1135 vel
1212 1077 1407 1136 vicecomites
1436 1093 1472 1136 ac

203 1181 321 1259 judices
343 1181 499 1241 nobilium
523 1181 704 1240 eorumdem
728 1197 895 1254 regnorum
917 1186 1096 1241 nostrorum
1111 1189 1142 1242 et
1166 1184 1369 1270 comitatuum
1394 1199 1474 1242 sern-

205 1306 261 1364 per
293 1289 461 1348 observari.
496 1287 590 1346 Secus
619 1287 715 1361 igitur
738 1303 799 1346 non
822 1287 942 1346 facturi.
974 1289 1172 1348 Prosentibus
1204 1290 1360 1364 perlectis,
1385 1291 1474 1348 exhi-

205 1396 291 1454 benti
321 1395 480 1453 restitutis.
511 1393 628 1452 Datum
659 1391 744 1452 Bude
767 1395 799 1452 in
822 1392 901 1451 festo
923 1395 1013 1452 beate
1036 1395 1194 1454 Dorothee
1217 1397 1359 1469 virginis.
1383 1398 1472 1454 Anno

206 1501 325 1560 domini
340 1491 511 1560 millesimo
534 1499 838 1573 quadringentesimo
862 1501 1063 1574 nonagesimo
1086 1502 1188 1560 tercio.
1211 1503 1391 1576 Regnorum
1415 1517 1471 1560 no-

204 1613 342 1666 strorum
364 1607 523 1681 Hungarie
546 1612 600 1665 etc.
631 1621 712 1665 anno
741 1607 842 1676 tercio,
870 1607 1016 1666 Bohemie
1041 1623 1116 1667 vero
1139 1609 1290 1682 vigesimo
1322 1609 1436 1668 secund
1444 1625 1469 1667 o.

313 1741 448 1807 originale
474 1743 502 1792 in
525 1743 672 1794 membrana
696 1745 729 1792 In
757 1744 873 1792 interiori
891 1743 1006 1807 margine
1024 1745 1164 1809 impresum
1183 1751 1222 1794 est
1241 1745 1357 1810 sigillum
1376 1745 1468 1798 maius.

205 1833 238 1880 In
255 1831 351 1884 archiv.
370 1831 415 1882 lib.
436 1849 489 1896 reg.
509 1833 577 1885 civit.
596 1833 697 1897 zagrab.

787 2012 876 2080 3⁷0.

308 2134 391 2183 Anno
416 2145 492 2198 1493,
513 2147 556 2199 27.
576 2136 669 2186 martii.
688 2136 801 2185 Rornae.

308 2245 479 2302 Alexander
526 2246 572 2307 VI.
592 2254 673 2320 papa
695 2247 794 2305 abbati
821 2247 932 2306 Cisterc.
952 2248 1073 2320 zagrab.
1091 2249 1247 2326 praecepit,
1271 2255 1304 2304 ut
1317 2247 1471 2320 pecuniam

203 2349 342 2423 hospitali
362 2351 386 2408 b.
419 2369 445 2408 v.
476 2351 598 2410 Mariae
630 2371 661 2408 tn
691 2359 783 2410 monte
812 2350 953 2410 Grecensr'
972 2353 1104 2424 debitam,
1128 2374 1147 2410 a
1172 2353 1340 2429 quibusdam
1364 2353 1472 2410 ciru'bus

665 2441 898 2514 zograbrensr'bus
920 2449 1012 2520 cogat.

309 2573 486 2632 Alexander
515 2575 679 2648 episcopus
709 2589 818 2632 servus
840 2590 1004 2634 servorum
1028 2576 1085 2635 dei.
1109 2577 1239 2635 Dilectis
1264 2576 1338 2636 filiis
1361 2577 1470 2634 abbati

203 2679 383 2738 monasterii
404 2679 493 2737 beate
517 2680 613 2738 Marte
629 2681 758 2754 virginis
794 2682 1000 2754 zagrabiensis
1016 2689 1046 2741 et
1069 2682 1190 2741 custodi
1214 2683 1341 2742 ecclesie
1364 2697 1469 2755 ragra-

204 2785 329 2856 biensis,
358 2784 491 2843 salutem
529 2791 559 2843 et
585 2786 791 2860 apostolicam
816 2786 1071 2847 benedictionem.
1088 2788 1281 2862 Conquestus
1310 2794 1355 2847 est
1377 2789 1469 2846 nobis

204 2889 378 2965 Stephanus
402 2892 556 2964 presbiter
586 2896 754 2966 perpetuus
785 2893 974 2968 capellanus,
998 2896 1145 2968 magister
1186 2911 1239 2954 are
1260 2901 1465 2969 nuncupatus,

203 2998 242 3054 ad
272 2997 427 3071 capellam
461 2997 625 3070 hospitalis
656 2998 745 3056 beate
768 3000 865 3057 Marie
893 3000 925 3056 in
948 3007 1053 3058 monte
1083 3000 1240 3074 Grecensi‚
1263 2999 1470 3074 zagrabiensis

204 3103 342 3174 diocesis,
367 3102 451 3176 quod
474 3102 816 3162 NicolausVeznethicz
839 3103 877 3162 de
900 3105 1044 3164 Dombro
1058 3111 1089 3164 et
1112 3106 1263 3180 Georgius
1286 3107 1351 3165 eius
1376 3105 1468 3176 tilius,

202 3209 353 3267 Martinus
375 3208 522 3280 carnifex,
555 3209 676 3292 Johann
707 3211 829 3268 italicus
860 3211 899 3269 de
923 3220 1027 3271 monte
1051 3212 1249 3272 Grecensiet
1272 3211 1400 3286 quidam
1416 3211 1471 3268 alii

202 3315 307 3372 clerici
338 3319 368 3372 et
397 3315 470 3372 laici
499 3314 579 3373 dicte
615 3314 756 3388 diocesis,
780 3333 874 3391 super
898 3318 1089 3390 quibusdam
1111 3321 1315 3393 pecuniarum
1339 3318 1470 3375 summis

202 3421 292 3479 bonis
326 3427 357 3478 et
387 3420 481 3478 rebus
515 3420 584 3478 aliis
618 3422 802 3480 iniurientur
830 3422 940 3494 eidem;
971 3422 1041 3481 ideo
1077 3423 1255 3484 discretioni
1285 3430 1387 3482 vestre
1414 3437 1471 3498 per

202 3526 373 3600 apostolica
407 3527 521 3600 scripta
556 3526 749 3600 mandamus,
781 3530 926 3602 quatinus
948 3531 1073 3597 vocatis,
1099 3530 1152 3603 qui
1183 3529 1297 3589 fuerint
1320 3527 1470 3587 evocandi

203 3636 234 3690 et
256 3631 370 3690 auditis
391 3630 551 3690 hincinde
567 3633 745 3706 propositis,
761 3634 846 3706 quod
861 3631 978 3710 justum
991 3635 1093 3705 fuerit,
1110 3636 1321 3711 appellatione
1337 3640 1466 3706 remota,

204 3739 306 3796 usuris
329 3739 528 3810 cessantibus,
541 3738 720 3810 decernatis,
737 3738 882 3799 facientes
899 3740 981 3814 quod
1008 3741 1205 3801 decreveritis
1229 3759 1285 3817 per
1307 3756 1469 3800 censuram

204 3845 444 3903 ecclesiasticam
479 3843 612 3902 firmiter
643 3845 812 3904 observari.
836 3846 942 3904 Testes
965 3853 1069 3905 autem
1094 3849 1148 3921 qui
1171 3847 1287 3907 tuerint
1308 3848 1469 3918 nominati,

202 3953 229 4009 si
251 3966 284 4009 se
307 3951 415 4024 gratia,
431 3950 503 4008 odio
527 3950 578 4008 vel
594 3951 706 4009 timore
729 3952 948 4024 subtraxerint,
972 3969 1100 4011 censura
1123 3954 1228 4025 simili,
1252 3953 1468 4029 appellacione

201 4061 347 4128 cessante,
383 4056 581 4130 compellatis
617 4058 740 4116 veritati
774 4059 985 4117 testimonium
1015 4060 1190 4134 perhibere.
1227 4059 1319 4134 Quod
1353 4061 1380 4118 si
1408 4075 1469 4118 non

200 4164 296 4220 ambo
327 4163 387 4221 hiis
418 4161 606 4236 exequendis
629 4165 799 4237 potueratis
831 4166 986 4239 interesse,
1009 4165 1089 4223 alter
1112 4173 1253 4225 vestrum
1275 4181 1311 4226 ea
1334 4166 1465 4225 nichilo·

200 4270 302 4328 minus
325 4273 504 4342 exequatur.
525 4269 642 4326 Datum
664 4271 763 4328 Rome
785 4271 870 4345 apud
893 4280 1033 4330 sanctum
1057 4271 1192 4331 Petrum.
1216 4274 1305 4332 Anno
1330 4273 1469 4331 incarna-

200 4376 296 4434 cionis
319 4375 475 4434 dominice
500 4375 670 4433 millesimo
703 4376 1007 4450 quadringentesimo
1029 4379 1230 4452 nonagesimo
1253 4379 1357 4451 tercio,
1382 4383 1470 4436 sexto

199 4481 348 4541 kalendas
371 4483 490 4556 aprilis.
513 4481 713 4540 Pontificatus
736 4483 835 4541 nostri
857 4499 937 4541 anno
961 4486 1073 4556 primo.

305 4669 440 4734 Originale
458 4671 484 4718 in
499 4669 655 4721 membrana.
670 4672 702 4718 In
715 4670 814 4721 archiv.
829 4687 886 4722 ven.
906 4673 983 4736 capit.
997 4673 1098 4738 zagrnb.
1120 4675 1181 4730 Act,
1209 4673 1287 4737 capit.
1318 4680 1370 4723 ant.
1406 4673 1460 4724 fasc

200 4763 243 4810 88.
255 4776 294 4810 nr.
308 4774 332 4823 4.
