3804 5858
640 575 713 632 Dec.
730 569 807 650 336.
829 605 873 616 —
895 571 951 630 An.
974 568 1067 650 1484.
1428 583 1487 642 425

225 793 442 868 circumspecti
473 790 575 867 judex,
609 789 711 867 jurati,
746 789 902 862 ceterique
931 789 1014 847 cives
1045 793 1076 846 et
1105 786 1206 845 incole
1242 785 1323 844 dicte
1354 785 1487 844 civitatis

227 901 341 959 montis
364 897 526 957 Grecensis
549 895 756 956 exhibuerunt
778 894 868 952 nobis
883 901 913 953 et
928 897 1184 969 presentaverunt
1200 891 1353 966 quasdam
1369 891 1489 950 litteras

222 1007 341 1080 regales
362 1003 611 1074 adiudicatorias,
634 999 672 1059 de
695 1015 777 1058 noro
803 1016 859 1074 per
881 1003 1000 1075 regiam
1014 1001 1207 1060 maiestatem
1222 998 1298 1074 ipsis
1321 1012 1488 1069 concessas,

222 1114 254 1171 in
278 1124 468 1186 pergameno
491 1112 631 1182 patenter
654 1106 816 1178 confectas,
840 1123 878 1166 ex
902 1109 1017 1182 quibus
1048 1107 1257 1166 edocebamur
1289 1105 1373 1179 ipsos
1404 1104 1488 1162 cives

222 1225 251 1276 et
274 1218 391 1277 incolas
413 1215 552 1291 predicte
575 1215 709 1272 civitatis
726 1215 839 1272 montis
862 1213 1034 1288 Grecensis,
1058 1215 1185 1286 antiqua
1208 1227 1317 1270 eorum
1341 1210 1485 1270 libertate

222 1325 407 1398 requirente,
431 1321 471 1380 ab
494 1321 580 1378 omni
604 1321 762 1378 solucione
785 1320 951 1380 tributaria
973 1321 1109 1380 ubilibet
1140 1320 1221 1378 intra
1243 1318 1397 1376 ambitum
1422 1316 1485 1376 dic-

219 1435 324 1487 torum
347 1441 515 1500 regnorum
537 1439 623 1484 sacre
646 1439 758 1484 corone
781 1426 1001 1500 subiectorum,
1025 1443 1082 1502 per
1104 1424 1234 1485 eandem
1254 1425 1375 1497 regiam
1391 1423 1485 1482 maie·

219 1541 331 1592 statem
354 1534 499 1592 eximisse
521 1537 551 1590 et
574 1538 782 1606 supportasse,
806 1533 1017 1608 volumusque
1040 1548 1096 1592 nos
1119 1530 1246 1591 eosdem
1269 1531 1352 1590 cives
1368 1531 1401 1588 in
1417 1531 1484 1604 ipsa

222 1643 367 1700 libertate
396 1656 453 1714 per
483 1639 604 1712 regiam
628 1639 823 1697 serenitatem
846 1640 923 1714 ipsis
946 1655 1090 1699 concessa
1112 1639 1239 1698 omnino
1262 1653 1328 1696 esse
1350 1639 1433 1695 tutos
1456 1641 1486 1694 et

220 1762 352 1820 securos,
376 1745 600 1805 committimus
624 1745 715 1803 vobis
738 1751 768 1802 et
791 1751 930 1804 vestrum
953 1746 1082 1806 cuilibet
1103 1747 1216 1804 har'um
1240 1744 1318 1802 serie
1344 1743 1484 1814 firmiter,

225 1859 375 1927 quatenus
398 1851 512 1910 amodo
535 1850 680 1925 deinceps
703 1850 841 1925 prefatos
863 1851 1007 1929 judicem,
1038 1853 1131 1925 cives,
1160 1851 1278 1910 incolas
1307 1857 1338 1908 et
1368 1865 1485 1908 merca·

223 1965 306 2017 tores
329 1957 410 2016 dicte
440 1957 574 2016 civitatis
604 1958 718 2016 montis
749 1956 911 2018 Grecensis
943 1959 982 2018 ad
1006 1959 1198 2017 solucionem
1221 1958 1411 2016 tributorum
1435 1971 1486 2013 ve·

224 2057 360 2122 stiorum
383 2061 437 2121 sed
462 2068 491 2121 et
514 2068 692 2122 nostrorum
715 2066 917 2138 propriorum
940 2065 1075 2123 ubilibet
1096 2066 1177 2124 intra
1194 2063 1274 2122 dicta
1292 2078 1386 2136 regna
1400 2077 1486 2120 sacre

220 2184 332 2228 corone
355 2170 493 2227 subiecta
509 2169 718 2242 existencium,
740 2174 847 2228 contra
870 2170 1005 2228 formam
1021 2170 1158 2245 predicte
1174 2171 1315 2244 ipsorum
1332 2169 1485 2227 libertatis

219 2282 250 2335 et
282 2259 491 2349 exempcionis
523 2282 623 2333 artare
654 2281 684 2332 et
717 2275 915 2349 compellere,
939 2283 992 2335 aut
1022 2277 1107 2351 ipsos
1130 2277 1161 2334 in
1184 2289 1315 2352 persona
1338 2280 1369 2333 et
1391 2275 1485 2332 rebus

218 2380 442 2456 quoquomodo
472 2380 624 2455 impedire
657 2381 708 2439 vel
738 2381 963 2456 dampnificare
993 2398 1192 2458 nequaquam
1223 2382 1484 2456 presumpmatis;

220 2487 367 2560 quoniam
390 2487 416 2544 si
450 2503 538 2544 secus
574 2486 718 2560 feceritis,
751 2489 1017 2561 quemadmodum
1053 2489 1309 2548 informacionem
1343 2488 1384 2545 ab
1414 2487 1483 2561 ipsa

217 2593 376 2652 maiestate
399 2593 484 2665 regia
507 2593 666 2664 habemus,
684 2594 801 2653 tributa
822 2595 879 2654 illa
901 2597 933 2654 in
949 2597 1062 2670 quibus
1075 2596 1167 2656 huius
1182 2595 1372 2654 contrarium
1387 2593 1484 2665 fieret,

218 2714 276 2772 pro
300 2699 459 2756 maiestate
482 2700 567 2770 regia
591 2701 737 2774 occupari
761 2699 918 2774 faciemus,
942 2718 998 2762 nec
1021 2718 1109 2761 secus
1133 2701 1260 2760 faciatis.
1284 2701 1482 2759 Presentibus

218 2805 371 2879 perlectis,
395 2804 551 2862 exhibenti
568 2806 727 2864 restitutis.
753 2807 869 2865 Datum
886 2809 917 2866 in
933 2809 1057 2867 civitate
1073 2808 1171 2882 regali
1189 2807 1303 2866 montis
1319 2806 1483 2865 Grecensis

216 2910 367 2984 predicta,
390 2909 467 2968 feria
490 2918 601 2984 quarta
625 2913 768 2984 proxima
791 2920 863 2988 post
886 2914 999 2974 festum
1020 2915 1227 2973 Exaltacionis
1249 2919 1353 2972 sancte
1375 2912 1483 2972 crucis.

216 3019 307 3074 Anno
331 3016 450 3077 domini
472 3018 642 3076 millesimo
666 3019 970 3094 quadringentesimo
992 3023 1203 3094 octuagesimo
1227 3021 1330 3080 tercio.

322 3187 455 3251 Originale
473 3189 501 3237 in
520 3189 674 3242 membrana.
693 3191 726 3238 In
744 3191 858 3254 margine
870 3190 986 3243 inferiori
1004 3193 1158 3258 impressum
1176 3198 1215 3242 est
1234 3191 1349 3258 sigillum
1367 3193 1400 3242 In
1413 3191 1482 3241 arch.

216 3273 263 3328 lib.
282 3291 335 3340 reg.
355 3275 402 3324 civ.
422 3277 602 3340 zagrabiensis.

812 3511 897 3578 336.

321 3665 401 3714 Anno
425 3666 498 3728 1484,
519 3678 542 3728 3.
562 3667 631 3718 rnaii.
650 3669 748 3721 Budee.

216 3789 362 3863 Mallias,
383 3791 561 3866 Hungan'ae
591 3801 639 3852 etc.
670 3814 732 3870 rex,
763 3797 890 3856 omnt'bus
922 3803 1008 3876 regni
1036 3801 1195 3862 Slaooniae
1225 3803 1365 3863 nobilibus
1386 3822 1482 3864 severe

347 3915 501 3985 interdicti,
523 3936 559 3974 ne
581 3937 601 3975 a
623 3922 827 3980 mercatoribus
849 3926 1049 3998 sagrcbr'ensis
1071 3930 1200 4002 vestigat
1219 3931 1346 4004 exigant.

318 4077 450 4135 Mathias
483 4077 533 4136 dei
554 4083 658 4152 gracia
688 4099 744 4142 rex
767 4085 913 4160 Hugarie,
936 4089 1081 4149 Bohemie
1104 4097 1162 4151 etc.
1185 4091 1344 4150 Fidelibus
1367 4094 1480 4151 nostris

210 4182 361 4241 universis
385 4189 415 4240 et
445 4185 576 4257 singulis
599 4188 737 4261 prelatis,
768 4191 949 4268 baronibus,
971 4211 1091 4254 necnon
1113 4198 1273 4256 nobilibus
1297 4205 1327 4257 et
1349 4200 1478 4258 alterius

209 4288 345 4346 cuiusvis
367 4293 465 4347 status
488 4296 518 4348 et
541 4291 729 4352 condicionis
744 4299 978 4370 possessionatis
1000 4301 1179 4361 hominibus
1194 4304 1299 4363 ubivis
1322 4305 1355 4362 in
1376 4319 1472 4378 regno

208 4399 314 4450 nostro
337 4393 500 4454 Sclauonie
522 4397 639 4456 tributa
666 4401 861 4478 habentibus,
888 4408 1063 4466 tenentibus
1086 4425 1140 4467 seu
1171 4411 1374 4484 exigentibus,
1405 4427 1475 4485 pre·

207 4503 307 4555 sentes
323 4509 443 4558 nostras
466 4503 587 4573 visuris,
611 4507 744 4565 salutem
767 4515 797 4568 et
818 4513 964 4583 graciam.
988 4513 1125 4574 Gravem
1149 4517 1309 4590 querelam
1332 4517 1475 4576 fidelium

205 4608 383 4662 nostrorum
407 4607 595 4680 prudentum
617 4617 647 4669 et
670 4613 965 4690 circumspectorum
981 4618 1093 4696 judicis
1115 4629 1145 4680 et
1160 4621 1343 4700 juratorum,
1360 4629 1475 4682 cetero·

207 4725 343 4784 rumque
366 4713 482 4772 civium
506 4717 639 4776 civitatis
663 4727 767 4780 nostre
791 4727 904 4784 montis
927 4725 1090 4787 Grecensis
1113 4729 1204 4787 nobis
1227 4729 1368 4788 oblatam
1390 4745 1477 4788 acce·

207 4816 311 4887 pimus
342 4820 478 4878 multum
509 4821 717 4899 displicenter,
747 4829 831 4902 quod
863 4834 1008 4905 quamvis
1038 4835 1099 4908 ipsi
1122 4851 1140 4892 a
1163 4841 1304 4909 tempore
1328 4834 1474 4894 divorum

204 4935 315 4993 regum
339 4924 507 4998 Hungarie,
524 4934 703 4990 nostrorum
720 4935 837 4994 scilicet
860 4938 1114 5011 predecessorum
1139 4947 1169 5000 et
1184 4942 1339 5015 signanter
1362 4957 1380 4999 a
1398 4947 1475 4999 tern-

205 5038 283 5098 pore
305 5026 424 5088 domini
454 5031 526 5090 Bele
549 5037 640 5108 regis,
663 5038 715 5112 pie
738 5044 896 5116 memorie,
920 5059 938 5102 a
961 5045 1101 5119 qualibet
1123 5047 1281 5107 solucione
1311 5047 1474 5110 tributaria
