3828 5822
650 587 724 650 Dec.
743 600 817 666 3r9.
841 622 883 636 -
908 589 966 648 Are
980 553 1085 668 *rpite
1425 601 1485 670 4⁰2

221 801 370 862 domibus
393 805 531 877 propriis
564 819 622 877 per
652 819 705 863 eos
735 811 766 862 et
800 805 982 879 complures
1002 805 1168 880 presbiteri
1190 821 1263 866 cum
1287 805 1386 866 serris
1409 803 1484 866 fuis·

220 913 288 967 sent
311 907 474 982 interiecti,
498 915 593 983 prout
614 911 674 969 hoc
704 911 844 985 liquetur
872 925 910 969 err
933 911 1103 983 sentenciis,
1128 927 1205 986 guas
1228 917 1337 986 poetes
1359 911 1489 974 molesia

219 1003 325 1073 sancta
347 1013 455 1074 tulerit
473 1021 580 1074 contra
603 1015 681 1074 illos
700 1016 732 1076 in
755 1023 900 1090 quartam
923 1032 1021 1091 usque
1043 1019 1288 1090 generacionem.

325 1120 395 1195 Qua
417 1135 454 1180 re
473 1121 596 1196 cognita
611 1123 826 1182 inclitissimus
841 1122 985 1182 dominus
1007 1122 1184 1182 Lodouicns
1202 1139 1266 1194 ren,
1283 1121 1485 1198 predecessor

218 1226 248 1287 S.
272 1227 311 1287 V.
335 1227 408 1286 huic
430 1228 559 1287 ecclesie
581 1229 718 1301 affectus,
750 1228 870 1288 litteras
901 1245 956 1288 sue
986 1229 1141 1288 libertatis
1163 1230 1247 1303 regie
1270 1229 1430 1304 concessit,
1452 1236 1487 1290 ut
1541 1237 1546 1242 ‘

218 1333 276 1391 hec
299 1333 428 1392 ecclesia
451 1334 483 1393 in
506 1335 596 1393 bonis
619 1341 650 1392 et
672 1334 923 1410 possessionibus
943 1335 1015 1407 suis,
1040 1335 1155 1409 quibus
1177 1335 1210 1394 in
1231 1341 1321 1396 antea
1342 1337 1384 1394 ab
1400 1337 1488 1396 annis

217 1437 343 1497 XXth.
372 1439 503 1514 pacifice
532 1441 773 1515 proscripsisset,
805 1455 929 1515 semper
960 1440 1089 1516 pacifice
1118 1447 1260 1501 servetur
1290 1447 1321 1508 et
1350 1441 1485 1516 gaudeat

218 1545 418 1618 prerogativa
442 1546 604 1606 libertatis.

323 1653 394 1735 Jam
428 1659 589 1727 postremo
621 1658 763 1728 tempore
797 1667 855 1728 per
888 1655 1016 1712 comites
1049 1654 1130 1714 Cilie
1151 1669 1277 1716 rursum
1309 1655 1370 1713 boc
1403 1654 1487 1730 capi·

218 1757 322 1816 tulum
337 1757 396 1818 fuit
419 1760 626 1832 combustum,
642 1759 718 1819 item
734 1759 864 1819 ecclesia
878 1764 1055 1835 expugnata
1080 1767 1112 1820 et
1130 1761 1217 1821 iuxta
1242 1761 1326 1820 velle
1350 1760 1489 1820 canonici

219 1859 341 1935 detenti,
365 1866 482 1939 paetati
505 1869 536 1924 et
558 1865 692 1941 spoliati.

317 1969 428 2044 'Quare
458 1957 619 2046 *supplicat
652 1971 770 2031 dictum
802 1971 984 2048 capitulum,
1007 1977 1042 2032 nt
1076 1973 1245 2032 clemencia
1267 1973 1367 2046 regali
1385 1971 1419 2032 vs.
1443 1969 1481 2030 V.

217 2076 316 2135 instar
349 2077 485 2136 aliorum
520 2091 630 2152 regum
663 2075 734 2154 jura
767 2079 897 2138 ecclesie
929 2079 1022 2139 huius
1055 2092 1150 2154 super
1170 2077 1318 2138 omnibus
1340 2079 1431 2138 bonis
1453 2085 1484 2138 et

217 2183 464 2257 possessionibus
494 2184 527 2242 in
557 2185 671 2258 quibus
701 2185 845 2258 existunt,
876 2185 910 2244 in
938 2185 1070 2259 pacifico
1093 2185 1232 2244 domitrio
1263 2199 1324 2259 pro
1345 2185 1483 2260 presenti

217 2289 403 2362 generaliter
425 2289 606 2364 dignaretur
627 2290 822 2364 confirmare,
845 2295 876 2350 et
899 2291 1021 2350 confere
1044 2305 1136 2350 omne
1157 2289 1321 2367 jussuum
1351 2291 1484 2364 regium,

217 2395 244 2453 si
267 2393 352 2470 quod
375 2396 408 2454 in
430 2396 547 2456 eisdem
570 2397 764 2456 Maiestatem
786 2397 933 2456 Vestram
955 2413 994 2456 ex
1017 2397 1268 2472 quibuscumque
1291 2397 1361 2468 viis,
1377 2396 1480 2455 modis

217 2507 248 2559 et
277 2502 378 2560 causis
409 2501 649 2576 quomodolibet
680 2509 878 2576 concerperet
911 2519 948 2562 sc
978 2518 1163 2563 concernere
1184 2508 1298 2578 posset,
1322 2503 1364 2561 ob
1385 2515 1486 2562 rema·

217 2607 304 2666 dium
328 2608 436 2668 salutis
460 2613 563 2669 eterne
576 2615 606 2668 et
628 2611 832 2684 sancti.regis
855 2609 1007 2686 Stephani
1021 2609 1182 2683 honorem,
1203 2609 1237 2669 in
1259 2609 1346 2668 cuius
1367 2607 1486 2668 honore

216 2719 262 2772 est
284 2713 342 2772 hec
364 2715 493 2774 ecclesia
516 2721 700 2776 constructa.

322 2821 400 2879 Item
431 2819 633 2880 Serenissime
663 2823 809 2898 princeps
839 2821 997 2898 supplicat
1030 2821 1115 2882 idem
1137 2821 1313 2896 capitulum
1335 2819 1364 2880 S.
1388 2819 1425 2882 V.
1447 2827 1483 2880 ut

216 2927 315 2986 oculis
349 2927 560 2988 misericordie
594 2943 649 2991 sue
672 2928 851 3002 dignaretur
873 2929 1027 3002 respicere
1050 2943 1204 3004 pauperes
1226 2926 1333 3002 ipsius,
1356 2927 1411 3002 qui
1427 2943 1483 2987 un·

216 3033 311 3108 dique
341 3039 411 3093 sunt
441 3035 616 3096 miserrime
646 3033 754 3094 afflicti
770 3019 844 3093 ¹tum
876 3050 932 3110 per
963 3034 1082 3094 Tuscos
1106 3049 1177 3092 cum
1208 3049 1265 3108 per
1288 3033 1392 3092 varios
1415 3031 1485 3092 des·

216 3156 324 3199 census
345 3141 510 3200 hominurn
534 3140 562 3200 S.
585 3140 622 3200 V.
645 3157 664 3198 a
688 3139 811 3200 duobus
826 3141 891 3200 ianr
913 3139 1009 3214 annis,
1032 3145 1067 3199 ut
1090 3137 1217 3198 eosdem
1239 3137 1268 3198 S.
1291 3135 1328 3198 V.
1344 3139 1483 3212 graciose

216 3261 235 3306 a
257 3249 393 3322 presenti
415 3247 647 3307 contribueione
676 3252 747 3306 taxe
769 3247 808 3306 M.
832 3245 869 3306 V.
900 3245 1100 3321 dignaremur
1131 3245 1248 3305 habere
1276 3249 1484 3320 supportatus.

321 3353 399 3413 item
420 3353 609 3413 reverendus
644 3351 789 3412 dominus
812 3351 1029 3426 Sigismundus
1052 3345 1218 3427 episcopus
1240 3349 1484 3426 Quinqueeccle-

215 3461 323 3520 siensis
357 3460 523 3535 occupavit
557 3459 694 3518 decimas
728 3459 858 3532 capituli
890 3459 971 3518 inter
1005 3460 1129 3518 Murem
1163 3463 1193 3518 et
1225 3458 1375 3517 Drawam
1409 3472 1483 3516 curn

215 3567 312 3627 tratre
334 3581 391 3626 suo
421 3567 562 3651 Jobanne
585 3571 616 3626 et
638 3571 805 3641 occupatas
828 3577 887 3641 pro
910 3581 944 3624 se
966 3565 1050 3624 dicat
1072 3571 1102 3624 et
1126 3564 1230 3637 exigit,
1252 3578 1347 3638 super
1370 3563 1485 3636 quibus

215 3673 245 3734 S.
268 3673 305 3732 V.
327 3673 401 3732 huic
433 3675 572 3749 capitulo
594 3675 750 3748 graciosas
782 3673 914 3732 contulit
945 3672 1066 3731 litteras
1097 3669 1353 3730 confirmacionis.
1383 3667 1485 3744 Super

216 3780 331 3855 quibus
354 3781 452 3838 eciam
484 3779 613 3838 decimis
635 3780 790 3838 habentur
813 3786 875 3838 tres
898 3778 1051 3838 sentencie
1073 3775 1249 3836 conlormes
1280 3774 1404 3834 concilii
1426 3775 1483 3835 Bu·

215 3885 355 3944 sitiensis.
370 3887 479 3960 ltaque
502 3885 663 3960 supplicat
685 3884 714 3944 S.
737 3885 777 3945 V.
793 3883 878 3943 idern
900 3884 1074 3958 capitulum
1097 3897 1204 3942 amore
1227 3881 1286 3954 dei,
1310 3887 1346 3942 ut
1368 3881 1483 3942 seriose

216 3991 395 4066 dignaretur
424 3991 456 4051 S.
488 3992 525 4051 V.
555 3992 638 4050 dicto
661 3991 789 4050 domino
810 3991 959 4066 episcopo
982 3996 1013 4050 et
1035 3989 1125 4049 tratri
1148 4005 1204 4048 suo
1228 3988 1484 4061 committerent

215 4097 335 4156 decime
365 4098 421 4156 ille
450 4099 523 4156 huic
553 4098 692 4172 capitulo
723 4097 951 4168 exolverentur,
974 4101 1028 4155 aut
1050 4095 1233 4169 dignaretur
1255 4093 1285 4153 S.
1310 4094 1346 4154 V.
1369 4093 1483 4154 litteris

215 4205 279 4262 suis
302 4204 491 4278 permittere,
513 4209 548 4262 ut
571 4208 714 4278 pretextu
730 4203 841 4262 talium
863 4203 1056 4262 decimarum
1077 4202 1165 4262 idem
1188 4201 1363 4276 capitulum
1379 4199 1486 4262 valeat

214 4308 282 4386 jure
306 4309 441 4384 experiri
465 4311 551 4368 cuius
574 4311 635 4369 sint
657 4309 777 4368 decime
798 4309 862 4369 ille.

319 4417 398 4475 item
427 4431 532 4475 comes
561 4415 769 4475 Bemardinus
799 4417 860 4474 sub
890 4418 992 4475 castro
1022 4413 1158 4488 Rybnyk
1189 4418 1220 4472 et
1250 4411 1326 4473 Ozel
1347 4409 1484 4472 decimas

215 4522 345 4598 capituli
375 4538 434 4598 pro
465 4538 499 4580 se
529 4521 645 4582 detinet
675 4528 706 4581 et
728 4521 867 4581 detentas
897 4521 980 4580 dicat
1002 4526 1033 4580 et
1064 4521 1161 4594 exigit
1184 4535 1202 4578 a
1224 4519 1316 4580 certis
1339 4519 1427 4578 annis
1448 4517 1482 4576 in

214 4629 422 4703 preiudieium
444 4629 549 4688 anime
572 4645 633 4689 sue.
1187 4687 1189 4692 .

319 4735 398 4794 Item
431 4735 573 4794 Andreas
602 4737 745 4810 Kreygar
774 4735 807 4795 in
840 4734 1037 4811 pertinenciis
1067 4734 1161 4792 castri
1191 4731 1302 4792 Koztel
1334 4729 1364 4789 S.
1389 4729 1428 4789 V.
1452 4728 1485 4790 in

215 4841 363 4900 comitatu
386 4843 557 4916 zagoriensi
592 4843 729 4902 decimas
751 4843 824 4902 huic
847 4841 985 4916 capitulo
1008 4839 1226 4916 provenientes
1248 4853 1307 4912 pro
1324 4851 1357 4896 se
1378 4836 1484 4909 exigit,

210 4947 298 5007 'dicat
320 4953 351 5008 et
372 4950 546 5023 occupavit.
570 4949 632 5022 Qui
655 4949 809 5008 interiecit
831 4963 930 5008 unum
951 4946 1162 5023 presbiterum
1177 4944 1300 5004 racione
1322 4944 1392 5016 ista,
1408 4941 1484 5016 quia
1569 5013 1573 5023 Ι

215 5056 243 5114 ei
265 5057 390 5114 tenebat
412 5055 624 5130 interdictum,
647 5057 771 5115 racione
793 5070 856 5116 non
879 5053 1047 5113 solucionis
1073 5052 1275 5114 decimarum.

510 5158 512 5162 '
1345 5154 1383 5214 26
