3932 5806
384 539 445 615 264
796 537 871 594 Doc.
895 549 966 592 202.
988 568 1030 578 -
1053 535 1110 593 An.
1131 531 1222 612 1458.

380 759 484 812 torum
502 767 671 824 regnorum
686 758 863 810 nostrorum
879 753 1041 810 Dalmacie
1063 756 1093 810 et
1116 751 1242 810 Croacie
1265 751 1395 808 existitis
1412 749 1551 824 deputati
1566 749 1642 809 iide-

379 860 451 917 liter
474 857 634 932 usquead
657 858 803 916 effectum
825 858 921 917 finem
944 857 1091 933 prosequi
1116 857 1254 916 debeatis
1278 861 1308 914 et
1330 873 1418 915 secus
1441 871 1503 915 non
1519 855 1640 915 facturi.

381 965 539 1022 Presentes
563 968 675 1034 autem,
700 978 776 1036 quas
801 969 929 1039 propter
953 965 1124 1022 carenciam
1147 963 1243 1037 sigilli
1266 965 1365 1021 nostri
1387 963 1522 1035 maioris,
1548 978 1643 1021 annu·

380 1071 441 1128 lari
474 1070 578 1142 sigillo
614 1074 720 1128 nostro
750 1069 880 1128 fecimus
912 1071 1100 1143 consignari,
1132 1077 1203 1144 post
1234 1085 1341 1128 earum
1371 1070 1523 1128 lecturam
1553 1069 1643 1128 reddi

381 1176 527 1234 volumus
550 1177 725 1250 presentati.
755 1177 871 1234 Datum
896 1176 981 1234 Bude
1018 1176 1094 1236 feria
1125 1182 1235 1250 quarta
1265 1176 1409 1250 proxima
1431 1181 1501 1234 ante
1528 1175 1643 1234 festum

381 1282 466 1340 beati
489 1281 633 1355 Gregorii
657 1297 745 1356 pape.
769 1284 860 1341 Anno
885 1283 1004 1341 domini
1027 1283 1196 1342 millesimo
1220 1282 1525 1358 quadringentesimo
1554 1283 1643 1354 quin·

382 1389 563 1462 quagesimo
586 1393 705 1446 octavo.

487 1578 511 1626 E
530 1583 691 1643 transumpto
719 1576 825 1643 capituli
853 1578 1025 1642 zagrabiensis
1054 1579 1086 1627 de
1117 1594 1184 1628 anno
1213 1590 1288 1644 1459.
1326 1579 1358 1628 In
1385 1577 1499 1628 archivio
1523 1577 1569 1628 lib.
1590 1593 1642 1642 reg.

383 1667 453 1718 civit.
472 1665 573 1730 augeb.

974 1915 1062 1980 202.

487 2109 568 2158 Anno
591 2109 665 2174 1458,
689 2108 728 2160 16.
748 2109 841 2160 martii.
861 2108 958 2159 Budae.

381 2237 524 2307 Mothrim,
547 2238 724 2311 Hungariae
746 2245 793 2294 etc.
817 2255 879 2306 rex,
902 2237 1008 2294 civibus
1030 2237 1263 2310 zagraba'emibus
1284 2236 1414 2312 mandat,
1438 2244 1471 2294 ut
1493 2235 1645 2308 diligenter

497 2343 665 2420 advigilent,
689 2363 724 2401 ne
746 2343 873 2401 hmines
895 2350 1022 2401 nocentes
1044 2345 1073 2399 in
1096 2343 1239 2400 civitatem
1262 2344 1335 2401 clam
1359 2343 1529 2416 immigrant.

1085 2499 1239 2549 Commissio
1259 2499 1362 2564 propria
1380 2497 1478 2547 domini
1497 2496 1572 2560 regis.

488 2611 619 2669 Mathias
642 2609 693 2667 dei
715 2611 819 2682 gracia
842 2627 897 2668 rex
921 2611 1087 2684 Hungarie,
1103 2612 1272 2684 Dalmacie,
1290 2612 1418 2670 Croacie
1433 2616 1487 2668 etc.
1505 2609 1644 2667 Circum·

382 2718 487 2792 specii,
511 2716 620 2774 fideles
642 2716 733 2774 nobis
764 2715 876 2775 dilecti.
899 2717 1009 2775 Relatu
1040 2718 1262 2776 nonnullorum
1293 2718 1435 2776 fidelium
1465 2711 1641 2774 nostrorum

383 2824 510 2882 illarum
534 2823 677 2896 parcium
701 2823 920 2896 intelleximus,
941 2823 1098 2897 quomodo
1122 2825 1228 2899 plures
1251 2829 1351 2882 esseut
1367 2823 1478 2881 inillis
1501 2821 1643 2897 partibus

383 2931 519 2988 latrones
554 2933 584 2986 et
617 2927 834 2986 malefactores
868 2931 1017 3001 homines,
1053 2931 1161 3004 quiin
1187 2932 1345 2989 civitatem
1367 2935 1505 2988 nostram
1529 2927 1644 3002 Zagra-

382 3037 522 3095 biensem
554 3049 590 3092 ea
621 3048 720 3106 causa,
752 3041 786 3092 ut
816 3035 926 3094 exinde
949 3037 1085 3110 plurima
1110 3038 1193 3094 mala
1217 3043 1247 3094 et
1269 3041 1454 3096 nocumenta
1476 3035 1641 3108 regnicolis

382 3142 468 3200 illius
483 3146 565 3198 terre
582 3145 686 3198 nostre
702 3139 879 3212 inferentur,
897 3141 977 3199 clam
995 3143 1169 3200 subintrare
1184 3143 1368 3212 niterentur;
1393 3142 1474 3200 unde
1497 3140 1640 3199 fidelitati

357 3229 362 3237 ’
383 3254 485 3306 vestre
501 3247 694 3321 presencium
719 3247 797 3304 serie
820 3249 1012 3306 strictissime
1035 3247 1215 3306 mandantes
1239 3249 1470 3318 committimus,
1494 3252 1644 3321 quatenus

382 3358 483 3429 ipsam
507 3354 665 3411 civitatem
687 3359 826 3411 nostram
849 3355 889 3410 ab
912 3355 1057 3411 omnibus
1081 3355 1247 3412 maliciosis
1270 3359 1300 3412 et
1322 3355 1440 3412 nocivis
1464 3355 1643 3413 hominibus

383 3467 448 3518 tarn
469 3459 617 3534 pervigili
640 3458 780 3516 custodia
796 3458 978 3528 defendatis,
1001 3465 1035 3517 ut
1057 3459 1186 3518 eandem
1209 3461 1361 3518 maiestati
1384 3465 1488 3518 nostre
1511 3476 1529 3518 a
1552 3460 1642 3518 vobis

383 3567 486 3626 debita
510 3565 659 3624 fidelitate
682 3572 712 3623 et
735 3568 885 3624 constanti
909 3566 1085 3636 devocione,
1116 3567 1157 3624 ab
1184 3567 1268 3624 omni
1292 3573 1380 3640 parte
1408 3567 1496 3624 illese
1524 3580 1644 3624 conser-

383 3679 487 3732 vatam
510 3686 722 3745 agnoscamus,
747 3687 805 3746 pro
828 3673 941 3744 quibus
964 3674 1054 3730 vobis
1071 3679 1211 3746 ternpore
1235 3688 1299 3743 suo,
1324 3673 1409 3745 regio
1432 3673 1536 3730 animo
1559 3671 1643 3730 affici

382 3779 551 3837 valeamus.
568 3778 759 3850 Iniungimus
773 3780 854 3835 enim
870 3779 960 3836 vobis
976 3784 1006 3836 et
1022 3779 1053 3836 in
1069 3794 1104 3836 ea
1120 3778 1278 3852 fidelitate,
1299 3787 1361 3852 q'ua
1376 3779 1465 3836 nobis
1489 3777 1644 3836 debitores

383 3885 463 3956 estis,
487 3899 594 3942 rursus
618 3885 849 3956 committimus,
872 3889 906 3942 ut
929 3886 1083 3943 neminem
1108 3887 1139 3944 in
1162 3901 1230 3944 eam
1255 3886 1413 3944 civitatem
1444 3889 1548 3960 preter
1579 3899 1644 3942 ma·

382 3990 531 4064 gnificum
554 3990 611 4072 Jan
634 3989 816 4062 Bythowecz
839 3990 877 4048 de
901 3990 1051 4063 Gereben,
1083 3993 1199 4050 barrum
1224 3997 1370 4064 vestrum,
1394 3992 1446 4048 vel
1468 3992 1566 4064 ipsius
1588 3991 1643 4049 ho·

385 4097 493 4168 mines,
516 4096 582 4154 eius
604 4097 738 4166 nomine,
760 4112 819 4170 pro
842 4111 1037 4171 quacumque
1060 4113 1151 4156 causa
1174 4099 1291 4172 absque
1313 4098 1418 4156 debita
1440 4098 1644 4172 requisicione

386 4203 591 4262 intromittere
614 4203 760 4275 debeatis,
784 4203 838 4261 sed
862 4204 991 4261 eandem
1015 4204 1177 4278 diligentes
1201 4210 1231 4263 et
1254 4205 1422 4280 pervigiles
1445 4209 1549 4263 nostre
1578 4219 1642 4262 ma·

382 4309 483 4368 iestati
503 4310 638 4367 teneatis.
670 4309 785 4366 Datum
809 4309 894 4368 Bude
918 4310 993 4368 seria
1027 4312 1133 4383 quinta
1164 4312 1307 4385 proxima
1330 4317 1400 4384 post
1424 4309 1538 4369 festum
1562 4311 1644 4368 beati

386 4414 529 4489 Gregorii
552 4430 641 4490 pape.
675 4417 766 4474 Anno
790 4415 907 4473 domini
932 4416 1100 4475 millesimo
1124 4417 1427 4491 quadringentesimo
1451 4417 1641 4491 quinquage-

382 4521 463 4580 simo
486 4526 604 4580 octavo.

489 4629 530 4696 (A
550 4631 645 4698 tergo).
667 4628 906 4703 Circumspectis
926 4626 1029 4704 judici,
1052 4626 1161 4704 juratis
1184 4629 1355 4703 ceterisque
1375 4629 1496 4687 civibus
1512 4631 1643 4688 civitatis

383 4741 487 4794 nostre
510 4736 725 4808 zagrabiensis,
749 4735 896 4809 fidelibus
918 4734 1008 4792 nobis
1032 4734 1161 4792 dilectis.

489 4923 623 4988 Originale
642 4925 668 4974 in
687 4924 782 4974 charta.
811 4925 838 4973 A
866 4931 939 4988 tergo
967 4923 1104 4988 vestigium
1131 4923 1234 4972 maioris
1263 4921 1350 4987 sigilli.
1385 4923 1418 4972 In
1444 4923 1558 4972 archivio
1586 4939 1642 4974 ven.

384 5012 469 5077 Capit.
489 5013 589 5076 zagrab.
