3804 5858
385 529 448 605 466
787 520 867 584 'Dec⁸
886 522 964 604 348.
989 559 1031 570 -
1055 527 1110 588 An.
1134 522 1228 604 1488.
1266 541 1271 552 ·

383 743 547 818 prelibatis
570 740 721 800 fratribus
743 746 774 800 et
797 741 961 802 conventui
985 740 1102 800 ordinis
1117 741 1250 816 predicti
1272 739 1339 818 jure
1362 743 1439 816 ipsis
1454 742 1655 801 incumbente

383 846 612 932 possidendam,
629 847 874 907 contradiccione
891 846 966 906 dicti
980 847 1130 929 Johannis
1145 847 1298 906 Horwath
1314 847 1447 906 convicti
1463 851 1493 906 et
1515 848 1656 908 aliorum

385 955 599 1030 quorumlibet
634 955 742 1029 previa
773 955 897 1013 racione
928 968 991 1012 non
1025 954 1173 1012 obstante.
1207 953 1348 1012 Tandem
1382 969 1458 1012 vero
1493 953 1532 1011 ad
1557 953 1657 1013 facies

384 1061 609 1134 premissorum
624 1059 742 1137 jurium
758 1059 1072 1134 possessionariorum
1088 1060 1186 1133 ipsius
1197 1060 1346 1142 Johannis
1370 1060 1523 1118 Horwath
1545 1061 1655 1118 ubivis

384 1166 571 1239 habitorum,
603 1168 709 1225 habita
741 1167 828 1240 prius
851 1166 1004 1239 legittima
1027 1166 1278 1224 reambulacione
1301 1172 1331 1224 et
1353 1165 1506 1239 condigna
1528 1166 1659 1224 estima-

386 1273 472 1331 cione
495 1273 675 1344 eorundem,
699 1272 894 1345 exclusisque
917 1272 1118 1346 porcionibus
1142 1273 1327 1345 quorumvis
1351 1271 1389 1330 de
1412 1271 1530 1330 eisdem
1555 1278 1600 1329 tot
1623 1279 1659 1330 et

391 1383 476 1452 quot,
501 1377 647 1436 videlicet
670 1384 700 1435 et
723 1383 872 1452 quantum
896 1376 934 1434 ad
974 1378 1114 1435 valorem
1148 1378 1394 1452 prescriptarum
1431 1377 1658 1451 quinquaginta

384 1499 563 1542 marcarum
586 1499 618 1542 se
634 1484 800 1542 extendere
833 1485 1031 1556 videbuntur,
1062 1489 1239 1558 seperantes
1261 1493 1291 1542 et
1315 1483 1498 1553 excidentes,
1521 1489 1656 1558 occupet

385 1589 503 1662 eadem,
526 1597 737 1665 occupataque
761 1591 905 1649 manibus
928 1590 1084 1649 dictorum
1108 1589 1241 1648 fratrum
1265 1595 1404 1648 actorum
1430 1591 1512 1664 parti
1533 1590 1657 1648 scilicet

385 1695 515 1754 adverse
538 1696 691 1769 manibus,
715 1696 844 1768 tamdiu,
857 1712 1019 1770 quousque
1034 1698 1075 1754 ab
1088 1695 1205 1754 eisdem
1218 1697 1374 1755 actoribus
1387 1710 1445 1770 pro
1470 1696 1658 1770 prescriptis

386 1802 609 1876 quinquaginta
640 1803 753 1861 marcis
776 1802 1002 1861 redimerentur
1027 1806 1141 1860 statuat
1165 1803 1256 1861 titulo
1281 1802 1418 1875 pignoris
1440 1779 1657 1876 possidendas,

385 1906 479 1965 modo
495 1908 590 1967 simili
612 1908 857 1967 contradiccione
879 1908 953 1966 dicti
973 1908 1122 1991 Johannis
1145 1908 1298 1966 Horvvath
1309 1908 1440 1966 convicti
1464 1913 1495 1966 et
1517 1908 1655 1966 aliorum

387 2013 600 2088 quorumlibet
631 2015 741 2088 previa
764 2014 887 2072 racione
909 2028 970 2072 non
1001 2014 1150 2072 obstante.
1174 2013 1243 2071 lllis
1266 2019 1380 2085 autem,
1403 2014 1458 2087 qui
1481 2012 1563 2072 dicta
1582 2011 1658 2088 jura

386 2103 627 2192 possessionaria
660 2127 846 2196 occupantes
868 2136 900 2178 se
932 2119 1085 2178 redimere
1116 2119 1199 2178 velle
1222 2121 1416 2192 asseruerint,
1440 2135 1498 2194 pro
1522 2120 1658 2178 termino

385 2225 612 2298 redempcionis
636 2225 819 2284 eorumdem
834 2232 960 2284 octavas
983 2223 1054 2284 festi
1070 2225 1167 2284 sancti
1188 2225 1299 2309 Jacobi
1321 2225 1456 2299 apostoli
1479 2241 1561 2284 nunc
1576 2241 1653 2282 ven·

387 2335 471 2388 turas
483 2345 588 2388 coram
600 2331 691 2390 nobis
714 2331 916 2405 comparendi
935 2331 1068 2406 preligat
1083 2337 1114 2390 et
1128 2333 1270 2406 assignet.
1287 2332 1359 2390 Post
1377 2332 1434 2390 hec
1449 2323 1658 2411 (huiusmodi)

387 2437 626 2508 possessionarie
657 2438 888 2509 reservacionis,
911 2437 1180 2509 reambulacionis,
1203 2438 1418 2508 estimacionis,
1441 2437 1658 2512 occupacionis

387 2557 422 2599 ac
448 2542 593 2601 similiter
632 2544 813 2603 statucionis
850 2538 1053 2623 (earumdem,
1095 2544 1221 2616 seriem)
1256 2561 1329 2602 cum
1361 2544 1541 2602 nominibus
1574 2541 1659 2600 dicta

387 2646 457 2723 jura
480 2649 722 2723 possessionaria
752 2665 785 2708 se
815 2649 968 2708 redimere
1000 2650 1084 2708 velle
1107 2651 1322 2721 asserencium,
1346 2649 1386 2708 ad
1410 2649 1507 2708 dictas
1530 2655 1659 2706 octavas

389 2753 460 2812 festi
483 2755 567 2814 beati
578 2755 688 2838 Jacobi
704 2755 841 2830 apostoli
854 2756 999 2813 similiter
1014 2771 1095 2816 nunc
1111 2762 1257 2814 venturas
1273 2756 1426 2830 legititme
1442 2753 1659 2829 perdurandas

388 2861 481 2920 nobis
515 2875 603 2918 more
639 2861 731 2918 solito
765 2861 972 2918 amicabiliter
1006 2861 1191 2946 rescribatis.
1226 2863 1385 2920 Presentes
1416 2867 1520 2919 autem
1543 2853 1660 2934 sigillis

390 2967 586 3040 egregiorum
619 2967 701 3024 Petri
731 2965 876 3038 Bochkay
908 2966 945 3024 de
968 2965 1265 3040 Razynakerezthwr
1296 2973 1327 3025 et
1349 2967 1510 3026 Michaelis
1532 2967 1659 3026 Kerhen

390 3072 429 3130 de
449 3072 631 3130 Belosowch
653 3071 878 3130 vicebanorum
893 3079 924 3130 et
939 3073 1090 3130 comitum
1112 3079 1293 3130 nostrorum
1314 3073 1507 3131 crisiensium
1524 3071 1660 3131 fecimus

390 3179 571 3251 consignari.
602 3178 720 3236 Datum
750 3177 841 3254 Crisii
875 3177 1022 3252 predicta,
1059 3179 1211 3251 vigesimo
1246 3179 1351 3252 primo
1386 3177 1436 3237 die
1470 3183 1658 3238 octavarum

390 3283 461 3344 festi
483 3283 728 3360 Epiphaniarum
751 3283 870 3342 domini
885 3283 1104 3358 predictarum.
1122 3285 1212 3344 Anno
1233 3284 1374 3343 eiusdem
1397 3284 1566 3344 millesimo
1583 3300 1662 3360 qua-

391 3389 635 3464 dringentesimo
658 3390 869 3462 octuagesimo
892 3395 1012 3448 octavo.

498 3527 522 3576 E
541 3531 709 3592 transumpto,
728 3531 768 3576 sat
785 3525 880 3585 lacero,
899 3525 1008 3591 capituli
1026 3526 1201 3590 zagrabiensis
1220 3525 1252 3575 de
1271 3541 1339 3577 anno
1356 3539 1432 3591 1491.
1450 3523 1484 3578 In
1495 3525 1592 3578 archiv.
1610 3525 1662 3582 lib.

393 3631 445 3679 reg,
465 3615 535 3664 civit.
554 3615 655 3679 zagrab.

986 3824 1076 3892 348.

499 3967 580 4017 Anno
604 3967 679 4030 1488,
703 3979 741 4018 12.
762 3967 830 4018 maii.
851 3967 999 4030 Zagrabiae.

400 4093 546 4153 osvaldus
575 4095 654 4169 episc.
686 4093 803 4169 aagrab.
834 4095 978 4151 canonicis
1009 4112 1028 4150 a
1051 4094 1157 4151 divinis
1180 4093 1341 4152 absentibus
1356 4102 1483 4168 poenam
1505 4097 1661 4154 emuniuit.

500 4237 787 4298 Reverendissimus
810 4237 955 4296 dominus
978 4243 1082 4296 noster
1105 4238 1269 4308 Osualdus,
1293 4238 1437 4298 dominus
1468 4245 1498 4298 et
1520 4240 1662 4314 prelatus

395 4353 507 4418 noster,
543 4345 620 4404 feria
653 4344 787 4403 secunda
817 4345 964 4419 proxima
997 4353 1067 4402 ante
1102 4343 1216 4402 festum
1247 4345 1433 4403 ascensionis
1455 4344 1579 4418 Christi,
1604 4363 1662 4421 per

395 4468 485 4510 suam
520 4450 722 4510 diffinitivam
755 4451 942 4509 sentenciam
974 4452 1203 4526 pronunciavit,
1236 4449 1321 4526 quod
1355 4451 1469 4509 amodo
1500 4455 1661 4528 prepositi,

399 4557 564 4631 dignitarii,
578 4557 788 4616 archidiaconi
810 4563 840 4616 et
863 4557 1010 4630 canonici,
1033 4558 1151 4632 ubique
1174 4557 1315 4630 existant,
1333 4556 1469 4632 demptis
1484 4558 1559 4634 illis,
1581 4573 1662 4632 quos

397 4666 444 4724 ius
467 4664 560 4722 habet
582 4669 792 4738 supportatus,
818 4663 873 4737 qui
895 4661 977 4722 infra
996 4663 1112 4721 limites
1127 4663 1219 4721 huius
1235 4663 1323 4735 regni
1338 4663 1504 4736 extiterint,
1528 4664 1662 4724 debeant

396 4771 436 4830 ad
459 4769 647 4829 dominicam
671 4769 709 4829 de
732 4770 874 4845 passione
898 4770 1025 4828 Domini
1047 4771 1219 4842 convenire,
1251 4775 1280 4828 et
1305 4785 1362 4844 per
1382 4769 1440 4827 illa
1462 4771 1567 4829 omnia
1583 4769 1663 4830 festa

398 4891 597 4950 perseverare
617 4892 715 4950 usque
739 4876 777 4934 ad
801 4883 944 4934 octavam
969 4875 1070 4934 Pasce.
1093 4875 1172 4934 Item
1195 4876 1320 4934 veniant
1343 4875 1382 4934 ad
1418 4874 1496 4934 festa
1532 4876 1664 4936 Penthe-

398 4987 512 5054 costes;
525 4982 599 5041 item
611 4981 651 5040 ad
674 4981 787 5042 festum
804 4983 944 5057 corporis
968 4981 1100 5052 Christi;
1123 4983 1198 5041 item
1222 4981 1260 5039 ad
1284 4981 1362 5040 festa
1376 4983 1609 5056 Assumpcionis
1631 4991 1662 5042 et
