3930 5802
394 593 453 652 208
798 591 870 649 Doc.
895 601 962 666 150.
988 623 1026 632 -
1053 591 1108 648 Aa.
1132 601 1221 666 1450.

390 805 513 864 Nicolai
535 805 661 877 Zudich‚
685 804 846 879 Gregorio,
869 807 924 880 qui
946 823 979 864 se
1001 808 1148 880 nepotem
1170 807 1236 864 eius
1259 805 1382 873 fatetur,
1407 804 1481 862 dare
1512 809 1542 862 et
1573 818 1658 862 com·

390 911 513 970 mittere
536 911 649 982 velitis,
673 911 716 970 sic
739 916 774 970 ut
796 913 863 986 ipse
886 912 1003 970 eisdem
1025 915 1130 970 utatur
1152 913 1184 970 in
1207 911 1332 970 civitate
1353 916 1460 968 nostra
1483 914 1513 968 et
1536 924 1598 968 non
1617 909 1657 968 ad

389 1032 500 1077 manus
524 1017 658 1076 divertat
680 1017 805 1090 alienas,
830 1017 927 1076 donec
949 1020 1047 1078 lacius
1071 1017 1231 1076 informati
1261 1018 1385 1090 erimus,
1409 1016 1514 1090 ipsum
1545 1031 1656 1074 verum

389 1139 455 1183 esse
478 1122 633 1182 heredem.
660 1123 827 1182 Pecuniam
850 1129 954 1182 autem
977 1124 1062 1199 apud
1092 1129 1122 1183 te
1152 1123 1325 1183 Seboldum
1355 1138 1454 1195 usque
1483 1121 1654 1180 adventum

389 1235 531 1288 nostrum
566 1231 713 1287 volumus
747 1231 881 1289 retineri.
924 1231 1044 1289 Revera
1067 1247 1126 1305 pro
1150 1237 1238 1306 parte
1261 1228 1410 1303 pellificis
1432 1229 1545 1286 iterum
1566 1243 1654 1287 man-

388 1334 508 1407 damus,
524 1341 674 1408 quatenus
696 1335 806 1408 eidem,
830 1335 981 1411 quidquid
1006 1338 1066 1395 sibi
1090 1336 1344 1396 testamentaliter
1367 1334 1507 1407 legatum
1523 1337 1577 1405 est,
1601 1333 1654 1392 de·

388 1446 521 1516 putetur,
556 1441 714 1499 residuum
749 1447 854 1500 autem
888 1442 1058 1500 secundum
1088 1445 1235 1501 hactenus
1259 1440 1468 1500 introductam
1493 1446 1654 1497 consuetu·

388 1546 493 1604 dinem
509 1551 546 1604 et
569 1547 736 1621 privilegia
758 1549 892 1606 civitatis
915 1555 1017 1607 vestre
1040 1548 1079 1606 ad
1103 1550 1200 1622 ipsius
1232 1547 1384 1607 fabricam
1415 1546 1468 1602 vel
1502 1545 1554 1619 pia
1584 1547 1654 1604 loca
1744 1621 1749 1628 ι

388 1651 605 1724 distribuatur;
629 1659 747 1711 vestras
771 1655 854 1712 enim
878 1656 909 1713 in
932 1655 991 1713 hoc
1023 1671 1084 1714 non
1115 1655 1327 1714 desideramus
1355 1651 1524 1724 infringere
1557 1653 1655 1711 liber·

387 1763 474 1816 tates.
497 1759 613 1817 Datum
636 1761 670 1818 in
692 1761 827 1818 exercitu
844 1763 1012 1835 campestri
1028 1767 1097 1820 ante
1113 1761 1271 1820 civitatem
1287 1758 1437 1818 Zakolcza
1453 1757 1530 1816 feria
1547 1759 1654 1832 quinta

388 1869 459 1938 post
481 1856 594 1922 festum
618 1866 715 1924 sancti
738 1865 879 1925 Vdalrici
902 1868 1050 1942 episcopi.
1074 1860 1166 1926 Anno
1190 1865 1360 1926 MCCCCL.

493 1991 533 2074 (A
558 2005 647 2076 tergo).
671 2005 832 2065 Fidelibus
853 2014 883 2066 et
906 2008 1047 2082 providis
1071 1981 1209 2067 Seboldo
1233 2012 1393 2086 capitaneo
1416 2025 1524 2077 nostro
1547 2032 1654 2092 ragra-

387 2111 495 2184 hiensi‚
518 2127 635 2170 necnon
658 2112 753 2170 iudici
776 2118 806 2170 et
829 2115 937 2172 iuratis
960 2113 1095 2172 civitatis
1118 2121 1223 2174 nostre
1246 2120 1360 2177 montis
1376 2121 1546 2196 Grecensis,
1561 2124 1653 2182 nobis

387 2224 474 2292 grate
497 2217 626 2278 dilectis.

493 2389 627 2454 Originnle
646 2391 672 2439 in
692 2391 787 2443 charta.
823 2391 908 2454 Tergo
927 2390 1040 2454 sigillum
1064 2392 1225 2457 impressum.
1252 2397 1284 2444 Io
1305 2397 1419 2447 archivio
1437 2397 1482 2452 lin
1511 2415 1562 2463 reg.
1583 2400 1653 2453 civit.

386 2479 567 2542 zagrabiensis.

980 2727 1056 2795 150.

493 2853 573 2900 Anno
596 2863 669 2917 1450,
691 2863 731 2903 20.
751 2851 874 2915 Augusti.
906 2852 1052 2916 Zagrabiae.

393 2981 516 3050 (ancus,
538 2997 626 3036 conces
654 2979 747 3036 Cileae
768 2985 797 3036 et
818 2979 919 3050 banus,
944 2977 977 3037 in
999 2997 1098 3041 causa.
1121 2999 1196 3054 quae
1218 2982 1295 3039 mter
1314 2983 1502 3057 Henmagum
1524 2993 1553 3042 ct
1579 3003 1650 3044 com-

385 3087 551 3145 munitatem
580 3086 705 3142 cim'tatis
734 3086 838 3142 montis
874 3083 1028 3142 Grecensis
1057 3088 1165 3159 agatur,
1191 3087 1265 3146 diem
1295 3090 1473 3146 constitutam
1496 3099 1649 3166 prorogat.

492 3231 555 3288 Nos
579 3230 703 3286 Vlricus
726 3228 776 3286 dei
798 3229 901 3302 gracia
924 3229 1013 3302 Cilie‚
1037 3231 1240 3305 Ortenburge,
1257 3233 1446 3308 Zagorieque
1468 3251 1572 3294 comes
1595 3245 1649 3296 etc.

385 3353 503 3397 necnon
526 3335 613 3409 regni
637 3335 801 3393 Sclauonie
824 3336 930 3393 banus.
955 3337 1074 3393 Damus
1098 3351 1157 3411 pro
1180 3340 1340 3411 memoria,
1364 3341 1447 3414 quod
1464 3343 1650 3401 instrumen-

386 3445 481 3502 talem
504 3443 740 3512 exhibicionem,
765 3457 859 3514 quam
883 3443 1025 3514 egregius
1058 3444 1211 3517 llennyng
1242 3445 1281 3503 de
1313 3446 1513 3505 Zomzedwar
1543 3455 1648 3508 contra

316 3628 321 3638 Ι
384 3548 530 3626 judicem,
553 3546 672 3623 juratos
695 3554 724 3604 et
740 3548 823 3605 cives
840 3548 973 3605 civitatis
990 3550 1103 3606 montis
1119 3549 1282 3609 Grecensis
1299 3551 1337 3609 de
1352 3550 1439 3628 juxta
1455 3553 1648 3626 Zagrnbiam‚

384 3657 470 3714 iuxta
493 3653 715 3712 continenciam
739 3653 914 3710 litterarum
936 3659 1112 3712 nostrarum
1137 3659 1425 3730 prorogatoriarum
1451 3660 1649 3734 superiectis

385 3763 417 3820 in
441 3761 552 3818 litteris
576 3759 690 3818 nostris
713 3757 945 3835 adjudicatoriis
969 3762 1119 3818 contentis
1141 3763 1170 3818 in
1195 3764 1313 3821 octavis
1336 3763 1406 3822 festi
1430 3767 1511 3823 beati
1540 3766 1649 3848 Jacobi

384 3867 520 3941 apostoli
554 3865 654 3923 facere
686 3865 848 3922 tenebatur
878 3881 985 3924 coram
1007 3867 1106 3934 nobis,
1131 3867 1169 3925 de
1195 3869 1353 3927 voluntate
1376 3871 1532 3928 nobilium
1555 3873 1644 3944 regni

383 3975 423 4033 ad
448 3983 573 4032 octavas
597 3973 667 4030 festi
690 3974 772 4030 beati
804 3974 964 4031 Michaelis
992 3975 1170 4046 archangeli
1203 3993 1284 4033 nunc
1319 3979 1462 4050 proxime
1497 3987 1642 4035 venturas

384 4081 530 4138 duximus
555 4079 791 4153 prorogandam.
816 4079 974 4137 Presentes
998 4081 1102 4152 sigillo
1125 4083 1241 4153 egregii
1264 4083 1398 4155 Georgii,
1422 4083 1481 4141 filii
1498 4083 1645 4158 Stephani

382 4187 521 4246 Farlrasii
555 4187 593 4244 de
627 4187 747 4256 Ebress‚
783 4187 904 4243 comitis
938 4187 1035 4243 nostri
1070 4188 1286 4259 zagrabiensis,
1312 4187 1441 4246 fecimus
1464 4191 1647 4262 consignari.

382 4295 498 4352 Datum
522 4293 672 4365 Zagrabie
695 4291 816 4349 decimo
851 4307 932 4350 nono
965 4293 1015 4350 die
1047 4295 1170 4350 termini
1204 4296 1368 4367 prenotati.
1405 4299 1495 4354 Anno
1529 4297 1647 4354 domini

383 4402 551 4458 millesimo
575 4398 878 4472 quadringentesimo
903 4399 1168 4473 quinquagesimo.

489 4545 528 4603 (Α
550 4545 643 4608 tergo),
669 4542 727 4600 Pro
751 4539 862 4617 judice,
884 4540 994 4617 juratis
1017 4559 1052 4599 ac
1076 4543 1197 4600 civibus
1214 4544 1366 4600 universis
1382 4545 1516 4602 civitatis
1532 4547 1645 4604 montis

382 4649 543 4706 Grecensis
579 4649 616 4706 dc
647 4647 735 4724 juxta
768 4649 953 4722 Zagrabiam
987 4657 1093 4706 contra
1127 4650 1287 4720 egregium
1319 4651 1471 4724 llennyng
1494 4650 1533 4708 de
1556 4651 1644 4710 Zom-

381 4755 503 4814 zedwar
527 4756 564 4812 ad
589 4761 714 4812 octavas
738 4753 808 4816 sesti
834 4755 916 4812 beati
941 4755 1100 4812 Michaelis
1123 4756 1311 4828 archangeli,
1335 4757 1557 4830 prorogatorie.

487 4945 622 5010 Originale
642 4948 667 4995 in
687 4947 782 4996 charta.
804 4947 829 4994 A
850 4953 921 5007 tergo
941 4945 1077 5007 vestigium
1097 4943 1185 5006 sigilli.
1206 4946 1237 4992 In
1256 4944 1323 4994 arch.
1345 4944 1389 4992 lib.
1411 4961 1461 5006 reg.
1481 4946 1528 4994 civ.
1542 4945 1644 5008 zngrab.
