3930 5802
740 512 811 570 Dec.
834 524 901 586 14].
929 542 966 552 -
993 513 1047 566 An.
1073 519 1160 586 1447·
1497 489 1564 568 ¹201

308 730 467 804 hospitum
491 744 527 787 ac
547 728 790 786 inhabitatorum
814 726 946 784 civitatis
969 725 1105 800 sepefate
1136 723 1348 800 damnumque
1379 725 1520 800 ipsomm
1539 731 1569 783 et

308 839 526 894 nocumentum
550 833 642 892 valde
667 848 832 906 magnum
866 848 938 890 cum
976 837 1081 890 tamen
1112 832 1220 890 eedem
1255 837 1336 890 terre
1359 833 1503 904 arabiles,
1533 847 1568 889 ac

308 944 376 1018 ipsa
410 941 521 999 rubeta
555 945 584 998 et
615 939 730 1010 senilia,
753 953 870 998 necnon
906 943 995 1012 prata
1017 943 1048 997 et
1070 953 1185 1012 pascua
1219 939 1360 1012 ipsorum
1392 937 1504 1016 judicis
1539 945 1569 996 et

307 1045 481 1124 juratorum
505 1061 541 1104 ac
564 1047 781 1104 universorum
813 1045 929 1104 civium
953 1051 983 1103 et
1017 1046 1115 1104 tocius
1146 1046 1378 1104 communitatis
1414 1044 1569 1102 dictorum

308 1155 425 1212 civium
449 1157 479 1212 et
502 1153 661 1226 hospitum
685 1167 721 1209 ac
744 1152 988 1210 inhabitatorum
1012 1152 1145 1210 civitatis
1168 1151 1305 1226 sepefate
1320 1166 1372 1210 eos
1396 1149 1478 1226 justo
1493 1147 1569 1225 juris

308 1261 399 1318 titulo
422 1274 604 1318 concemere
627 1263 658 1317 et
681 1265 821 1332 spectare
844 1257 1046 1317 dinoscuntur
1069 1258 1107 1316 de
1129 1257 1204 1335 jure.
1240 1257 1330 1318 Unde
1353 1257 1434 1316 facta
1460 1257 1568 1315 huius·

310 1356 396 1425 modi
419 1366 644 1440 protestacione
666 1363 806 1439 prefatus
826 1365 967 1437 Mathyas
984 1363 1112 1441 juratus,
1128 1365 1307 1423 nominibus
1330 1369 1361 1422 et
1383 1364 1414 1421 in
1428 1364 1569 1438 personis

308 1487 443 1546 quorum
476 1486 578 1546 supra,
617 1470 774 1546 prefatum
808 1469 1001 1545 Stephanum
1036 1469 1209 1544 Kuhyngar
1243 1471 1390 1528 comitem
1427 1475 1457 1527 et
1480 1470 1565 1542 ipsos

307 1577 424 1654 judices
454 1577 608 1636 nobilium
631 1577 763 1651 predicti
786 1579 951 1636 comitatus
974 1577 1181 1652 zagrabiensis
1204 1581 1234 1636 et
1256 1575 1413 1651 predictos
1448 1576 1569 1634 nobiles

307 1685 393 1743 viros
417 1699 453 1742 ac
475 1684 554 1742 alios
572 1683 729 1757 quoslibet
745 1699 763 1742 a
779 1683 918 1757 predicta
934 1682 1184 1742 reambulacione
1200 1689 1230 1741 et
1252 1683 1405 1742 revisione
1428 1683 1568 1756 ipsarum

307 1797 461 1848 terrarum
484 1790 651 1848 arabilium
674 1805 710 1847 ac
732 1791 917 1848 rubetorum
955 1795 985 1848 et
1015 1789 1166 1862 senilium,
1201 1805 1319 1848 necnon
1352 1797 1516 1864 pratorum
1540 1795 1570 1848 et

308 1911 503 1970 pascuorum,
538 1912 577 1954 ac
598 1898 696 1956 eciam
730 1897 771 1954 ab
805 1897 873 1970 ipsa
905 1895 1039 1955 fassione
1072 1911 1182 1955 eorum
1216 1897 1363 1970 qualibet,
1398 1911 1516 1954 necnon
1550 1911 1568 1953 a

307 2001 508 2072 conseccione,
529 2003 722 2076 sigillacione
744 2009 774 2062 et
797 2004 994 2061 emanacione
1017 2019 1053 2062 ac
1076 2003 1291 2062 extradacione
1306 2009 1370 2060 tam
1387 2003 1569 2075 obligatori-

308 2123 398 2166 arum
420 2123 515 2180 quam
531 2110 764 2167 statutoriarum
780 2109 957 2167 litterarum
972 2109 1193 2184 predictamm,
1210 2124 1304 2183 quam
1320 2109 1418 2166 eciam
1434 2108 1568 2166 aliarum

308 2214 519 2288 quarumlibet
541 2217 717 2274 litterarum
740 2233 797 2291 per
820 2215 946 2274 eosdem
961 2215 1154 2290 Stephanum
1178 2215 1350 2290 Kuhyngar
1373 2216 1519 2274 comitem
1535 2219 1564 2272 et

306 2316 422 2394 judices
444 2321 600 2380 nobilium
623 2325 787 2382 comitatus
810 2323 1016 2395 zagrabiensis
1048 2322 1218 2396 supradicti
1241 2327 1271 2380 et
1293 2323 1372 2380 alios
1408 2322 1567 2395 quoslibet

307 2431 413 2482 contra
435 2426 593 2500 predictos
615 2425 760 2502 judicem,
793 2429 912 2506 juratos
946 2435 976 2486 et
1012 2430 1174 2488 universos
1197 2430 1280 2487 cives
1304 2443 1340 2485 ac
1363 2433 1461 2486 totam
1484 2443 1565 2485 com·

308 2531 491 2590 munitatem
529 2535 655 2604 civium,
678 2536 837 2609 hospitum
871 2541 902 2593 et
938 2536 1184 2594 inhabitatorum
1219 2536 1353 2594 civitatis
1387 2540 1568 2608 prenarrate

307 2638 466 2711 hucusque
483 2639 776 2714 quomodocumque
792 2641 880 2713 sacta,
900 2641 1037 2716 prefatos
1060 2655 1135 2700 vero
1152 2641 1295 2700 dominos
1319 2641 1416 2716 ipsius
1437 2640 1569 2714 capituli

308 2744 513 2816 zagrabiensis
524 2751 554 2804 et
565 2745 644 2804 alios
661 2748 818 2820 quoslibet
830 2748 870 2804 ab
889 2749 957 2822 ipsa
969 2747 1148 2808 huiusmodi
1164 2747 1374 2822 predictarum
1392 2747 1568 2806 litterarum

307 2859 373 2908 tam
394 2850 653 2924 obligatoriarum
677 2857 772 2926 quam
796 2855 1030 2912 statutoriarum
1053 2860 1083 2912 et
1105 2855 1238 2912 aliarum
1274 2853 1487 2928 quarumlibet
1518 2852 1569 2910 lit·

307 2960 444 3014 terarum
468 2958 543 3030 ipsis
558 2955 662 3033 judici,
685 2957 794 3034 juratis
817 2965 847 3018 et
869 2960 1023 3018 universis
1046 2961 1168 3018 civibus
1202 2976 1238 3020 ac
1261 2961 1318 3020 toti
1353 2959 1568 3018 communitati

308 3063 422 3121 civium
446 3070 476 3122 et
498 3065 657 3138 hospitum
681 3081 716 3122 ac
739 3067 984 3126 inhabitatorum
1007 3067 1141 3124 civitatis
1166 3066 1303 3140 sepefata
1328 3067 1359 3124 in
1392 3065 1473 3124 sacto
1505 3063 1570 3122 dic-

310 3175 410 3226 tamm
433 3176 587 3228 terrarum
610 3187 718 3229 eorum
741 3173 909 3230 arabilium
933 3179 962 3230 ei
984 3174 1168 3232 rubetorum
1191 3187 1227 3230 ac
1258 3173 1408 3240 senilium,
1448 3186 1568 3229 necnon

307 3280 468 3347 pratorum
491 3283 521 3333 et
542 3292 729 3349 pascuorum
750 3294 857 3336 eorum
881 3279 1063 3337 nocivarum
1086 3285 1116 3336 et
1140 3281 1365 3338 contrariarum
1389 3277 1500 3336 confici
1536 3284 1566 3334 et

308 3380 588 3450 emanarisaccione‚
622 3385 850 3457 procuracione,
885 3387 1086 3450 extraccione.
1110 3386 1289 3458 recepcione
1313 3401 1348 3442 ao
1374 3385 1414 3442 ab
1436 3399 1568 3456 occupa-

308 3486 400 3558 cione,
418 3486 596 3546 deicncione
614 3495 643 3546 et
665 3490 869 3564 usurpacione
886 3489 1097 3563 predictarum
1113 3497 1267 3548 terrarum
1283 3492 1460 3562 arabilium,
1476 3491 1567 3548 rube-

308 3599 409 3651 torum
433 3599 463 3652 et
486 3594 626 3654 senilium
650 3612 686 3652 ac
709 3602 871 3670 pratorum
895 3601 925 3654 et
946 3612 1133 3672 pascuorum
1157 3613 1192 3654 ac
1223 3598 1282 3655 sibi
1318 3598 1393 3670 ipsis
1428 3612 1478 3654 eas
1513 3612 1567 3653 seu

309 3715 341 3757 ea
364 3701 630 3774 appropriacione,
653 3703 891 3776 perpetuacione
914 3709 943 3760 et
966 3703 1206 3773 statuisaccione,
1230 3719 1324 3776 seque
1348 3705 1431 3775 ipsos
1455 3704 1487 3760 in
1510 3701 1565 3758 do·

306 3806 436 3864 minium
462 3807 643 3866 earumdem
666 3816 820 3865 terrarum
844 3809 1020 3878 arabilium,
1036 3811 1217 3867 rubetorum
1243 3817 1272 3866 et
1296 3809 1435 3866 senilium
1450 3824 1568 3881 acpra·

306 3919 409 3970 torum
422 3919 451 3970 et
464 3929 650 3986 pascuorum
664 3916 775 3988 quovis
788 3916 907 3988 quesito
919 3915 1032 3986 colore,
1045 3917 1175 3988 ingenio,
1189 3916 1283 3974 modo
1292 3933 1345 3974 seu
1362 3916 1462 3974 sorma
1475 3917 1569 3974 intro-

306 4019 459 4091 missione,
476 4036 588 4078 usuum
605 4037 729 4094 quoque
745 4027 774 4079 et
791 4021 950 4080 fructuum
965 4037 1000 4079 ac
1017 4022 1229 4095 quarumlibet
1245 4023 1415 4080 utilitatum
1427 4023 1569 4094 ipsarum

307 4127 508 4198 percepcione
531 4141 585 4184 seu
602 4126 858 4200 percipisaccione
882 4128 1103 4200 quoquomodo
1127 4127 1190 4203 jam
1214 4128 1303 4186 sactis
1334 4129 1386 4185 vel
1422 4126 1568 4186 faciendis

307 4230 467 4302 prohibuit
489 4232 726 4290 contradicendo
750 4239 779 4289 et
802 4234 988 4290 contradixit
1011 4233 1179 4292 inhibendo
1204 4237 1329 4309 publice
1353 4241 1382 4292 et
1406 4234 1567 4292 manifeste

307 4349 411 4393 coram
435 4337 534 4409 nobis,
558 4339 752 4412 presencium
787 4353 962 4397 nostrarum
998 4342 1106 4412 vigore
1130 4347 1159 4398 et
1183 4342 1360 4399 testimonio
1393 4342 1568 4400 litterarum

306 4441 468 4500 mediante.
491 4443 608 4500 Datum
630 4443 779 4516 Zagrabie
803 4445 925 4503 decimo
949 4452 1059 4503 octavo
1088 4446 1137 4504 die
1172 4453 1353 4505 octavarum
1390 4448 1459 4505 sesti
1486 4450 1569 4506 beati

307 4547 466 4605 Michaelis
482 4549 668 4622 archangeli.
689 4552 776 4610 Anno
792 4552 910 4608 domini
923 4529 1093 4608 millesimo
1109 4553 1416 4625 quadringentesimo
1432 4553 1569 4627 quadra·

306 4655 424 4726 gesimo
446 4656 588 4728 septimo

412 4790 545 4853 Originaie
564 4792 591 4840 in
610 4791 706 4844 charta.
725 4795 752 4842 A
771 4801 844 4856 tergo
862 4795 971 4858 vestigia
990 4794 1066 4843 trium
1085 4793 1236 4858 sigillorum.
1268 4797 1300 4844 In
1313 4765 1432 4845 ¹archivio
1451 4796 1496 4848 lib.
1515 4813 1567 4861 reg.

306 4879 375 4928 civit.
394 4880 567 4941 zagrabieusis
