<?xml version="1.0" encoding="UTF-8"?>
<!DOCTYPE html PUBLIC "-//W3C//DTD XHTML 1.0 Transitional//EN"
    "http://www.w3.org/TR/xhtml1/DTD/xhtml1-transitional.dtd">
<html xmlns="http://www.w3.org/1999/xhtml" xml:lang="en" lang="en">
 <head>
  <title>
</title>
<meta http-equiv="Content-Type" content="text/html;charset=utf-8" />
  <meta name='ocr-system' content='tesseract 3.04.00' />
  <meta name='ocr-capabilities' content='ocr_page ocr_carea ocr_par ocr_line ocrx_word'/>
</head>
<body>
  <div class='ocr_page' id='page_1' title='image "./monumentahistor20laszgoog_0686.png"; bbox 0 0 3804 5858; ppageno 0'>
   <div class='ocr_carea' id='block_1_1' title="bbox 228 581 1494 2032">
    <p class='ocr_par' dir='ltr' id='par_1_1' title="bbox 228 581 1494 1835">
     <span class='ocr_line' id='line_1_1' title="bbox 639 581 1489 664; baseline 0.002 -20"><span class='ocrx_word' id='word_1_1' title='bbox 639 587 711 646; x_wconf 80' lang='lat' dir='ltr'>Dec.</span> <span class='ocrx_word' id='word_1_2' title='bbox 729 600 804 664; x_wconf 69' lang='lat'>342.</span> <span class='ocrx_word' id='word_1_3' title='bbox 830 619 869 628; x_wconf 95' lang='lat'>—</span> <span class='ocrx_word' id='word_1_4' title='bbox 895 585 950 642; x_wconf 86' lang='lat' dir='ltr'>An.</span> <span class='ocrx_word' id='word_1_5' title='bbox 974 581 1065 662; x_wconf 80' lang='lat'><em>1487.</em></span> <span class='ocrx_word' id='word_1_6' title='bbox 1427 605 1489 664; x_wconf 75' lang='lat'>429</span> 
     </span>
     <span class='ocr_line' id='line_1_2' title="bbox 228 801 1489 875; baseline 0 -13"><span class='ocrx_word' id='word_1_7' title='bbox 228 805 326 862; x_wconf 89' lang='lat' dir='ltr'><strong>nostri</strong></span> <span class='ocrx_word' id='word_1_8' title='bbox 349 802 512 862; x_wconf 87' lang='lat' dir='ltr'>Sclauonie</span> <span class='ocrx_word' id='word_1_9' title='bbox 543 804 677 860; x_wconf 89' lang='lat' dir='ltr'>mineras</span> <span class='ocrx_word' id='word_1_10' title='bbox 709 801 822 858; x_wconf 90' lang='lat' dir='ltr'>salium</span> <span class='ocrx_word' id='word_1_11' title='bbox 855 801 1036 874; x_wconf 87' lang='lat' dir='ltr'>perquirere</span> <span class='ocrx_word' id='word_1_12' title='bbox 1067 805 1097 858; x_wconf 90' lang='lat' dir='ltr'>et</span> <span class='ocrx_word' id='word_1_13' title='bbox 1121 817 1179 875; x_wconf 93' lang='lat' dir='ltr'>pro</span> <span class='ocrx_word' id='word_1_14' title='bbox 1203 803 1362 860; x_wconf 90' lang='lat' dir='ltr'>maiestate</span> <span class='ocrx_word' id='word_1_15' title='bbox 1384 809 1489 862; x_wconf 91' lang='lat' dir='ltr'>nostra</span> 
     </span>
     <span class='ocr_line' id='line_1_3' title="bbox 229 906 1492 985; baseline 0 -17"><span class='ocrx_word' id='word_1_16' title='bbox 229 925 382 985; x_wconf 90' lang='lat' dir='ltr'>occupare</span> <span class='ocrx_word' id='word_1_17' title='bbox 413 909 531 968; x_wconf 90' lang='lat' dir='ltr'>debeat.</span> <span class='ocrx_word' id='word_1_18' title='bbox 562 908 635 966; x_wconf 91' lang='lat' dir='ltr'>ldeo</span> <span class='ocrx_word' id='word_1_19' title='bbox 667 907 810 965; x_wconf 88' lang='lat' dir='ltr'>fidelitati</span> <span class='ocrx_word' id='word_1_20' title='bbox 840 911 943 964; x_wconf 82' lang='lat' dir='ltr'>vestre</span> <span class='ocrx_word' id='word_1_21' title='bbox 966 906 1078 964; x_wconf 89' lang='lat' dir='ltr'>harum</span> <span class='ocrx_word' id='word_1_22' title='bbox 1101 908 1180 964; x_wconf 88' lang='lat' dir='ltr'>serie</span> <span class='ocrx_word' id='word_1_23' title='bbox 1201 908 1394 981; x_wconf 71' lang='lat' dir='ltr'>mandamus</span> <span class='ocrx_word' id='word_1_24' title='bbox 1418 925 1492 983; x_wconf 91' lang='lat' dir='ltr'>qua·</span> 
     </span>
     <span class='ocr_line' id='line_1_4' title="bbox 229 1013 1492 1091; baseline 0 -16"><span class='ocrx_word' id='word_1_25' title='bbox 229 1022 317 1076; x_wconf 88' lang='lat' dir='ltr'>tenus</span> <span class='ocrx_word' id='word_1_26' title='bbox 340 1017 443 1074; x_wconf 89' lang='lat' dir='ltr'>statim</span> <span class='ocrx_word' id='word_1_27' title='bbox 467 1016 542 1074; x_wconf 91' lang='lat' dir='ltr'>visis</span> <span class='ocrx_word' id='word_1_28' title='bbox 558 1013 760 1088; x_wconf 82' lang='lat' dir='ltr'>presentibus,</span> <span class='ocrx_word' id='word_1_29' title='bbox 785 1029 882 1070; x_wconf 88' lang='lat' dir='ltr'>unum</span> <span class='ocrx_word' id='word_1_30' title='bbox 905 1028 943 1070; x_wconf 88' lang='lat' dir='ltr'>ex</span> <span class='ocrx_word' id='word_1_31' title='bbox 958 1013 1136 1070; x_wconf 91' lang='lat' dir='ltr'>hominibus</span> <span class='ocrx_word' id='word_1_32' title='bbox 1152 1015 1263 1072; x_wconf 84' lang='lat' dir='ltr'>vestris</span> <span class='ocrx_word' id='word_1_33' title='bbox 1280 1031 1372 1089; x_wconf 89' lang='lat' dir='ltr'>penes</span> <span class='ocrx_word' id='word_1_34' title='bbox 1388 1017 1492 1091; x_wconf 89' lang='lat' dir='ltr'>ipsum</span> 
     </span>
     <span class='ocr_line' id='line_1_5' title="bbox 229 1119 1494 1196; baseline 0.001 -15"><span class='ocrx_word' id='word_1_35' title='bbox 229 1122 418 1196; x_wconf 86' lang='lat' dir='ltr'>Gregorium</span> <span class='ocrx_word' id='word_1_36' title='bbox 431 1121 469 1180; x_wconf 92' lang='lat' dir='ltr'>de</span> <span class='ocrx_word' id='word_1_37' title='bbox 482 1121 668 1193; x_wconf 86' lang='lat' dir='ltr'>Zthwbycza</span> <span class='ocrx_word' id='word_1_38' title='bbox 681 1119 843 1194; x_wconf 74' lang='lat' dir='ltr'>deputetis</span> <span class='ocrx_word' id='word_1_39' title='bbox 857 1120 909 1192; x_wconf 95' lang='lat' dir='ltr'>qui</span> <span class='ocrx_word' id='word_1_40' title='bbox 926 1120 957 1176; x_wconf 94' lang='lat' dir='ltr'>in</span> <span class='ocrx_word' id='word_1_41' title='bbox 972 1119 1157 1192; x_wconf 91' lang='lat' dir='ltr'>inquirendo</span> <span class='ocrx_word' id='word_1_42' title='bbox 1173 1121 1352 1180; x_wconf 89' lang='lat' dir='ltr'>huiusmodi</span> <span class='ocrx_word' id='word_1_43' title='bbox 1369 1123 1494 1182; x_wconf 89' lang='lat' dir='ltr'>mineris</span> 
     </span>
     <span class='ocr_line' id='line_1_6' title="bbox 229 1225 1493 1302; baseline 0.002 -18"><span class='ocrx_word' id='word_1_44' title='bbox 229 1227 343 1286; x_wconf 87' lang='lat' dir='ltr'>salium</span> <span class='ocrx_word' id='word_1_45' title='bbox 377 1226 478 1285; x_wconf 90' lang='lat' dir='ltr'>eidem</span> <span class='ocrx_word' id='word_1_46' title='bbox 513 1227 599 1284; x_wconf 89' lang='lat' dir='ltr'>omni</span> <span class='ocrx_word' id='word_1_47' title='bbox 630 1226 748 1283; x_wconf 83' lang='lat' dir='ltr'>auxilio</span> <span class='ocrx_word' id='word_1_48' title='bbox 779 1231 809 1283; x_wconf 89' lang='lat' dir='ltr'>et</span> <span class='ocrx_word' id='word_1_49' title='bbox 839 1225 1016 1284; x_wconf 89' lang='lat' dir='ltr'>assistencia</span> <span class='ocrx_word' id='word_1_50' title='bbox 1048 1225 1155 1284; x_wconf 90' lang='lat' dir='ltr'>adesse</span> <span class='ocrx_word' id='word_1_51' title='bbox 1178 1225 1306 1298; x_wconf 89' lang='lat' dir='ltr'>debeat;</span> <span class='ocrx_word' id='word_1_52' title='bbox 1329 1229 1493 1302; x_wconf 87' lang='lat' dir='ltr'>providea-</span> 
     </span>
     <span class='ocr_line' id='line_1_7' title="bbox 229 1333 1493 1408; baseline 0.002 -16"><span class='ocrx_word' id='word_1_53' title='bbox 229 1335 339 1408; x_wconf 91' lang='lat' dir='ltr'>tisque,</span> <span class='ocrx_word' id='word_1_54' title='bbox 363 1340 397 1392; x_wconf 92' lang='lat' dir='ltr'>ut</span> <span class='ocrx_word' id='word_1_55' title='bbox 420 1334 599 1406; x_wconf 84' lang='lat' dir='ltr'>iobagiones</span> <span class='ocrx_word' id='word_1_56' title='bbox 622 1333 726 1403; x_wconf 90' lang='lat' dir='ltr'>vestri,</span> <span class='ocrx_word' id='word_1_57' title='bbox 751 1333 803 1405; x_wconf 92' lang='lat' dir='ltr'>qui</span> <span class='ocrx_word' id='word_1_58' title='bbox 827 1347 921 1407; x_wconf 91' lang='lat' dir='ltr'>super</span> <span class='ocrx_word' id='word_1_59' title='bbox 944 1333 1065 1402; x_wconf 86' lang='lat' dir='ltr'>haere,</span> <span class='ocrx_word' id='word_1_60' title='bbox 1090 1348 1146 1406; x_wconf 93' lang='lat' dir='ltr'>per</span> <span class='ocrx_word' id='word_1_61' title='bbox 1170 1334 1254 1407; x_wconf 86' lang='lat' dir='ltr'>ipsos</span> <span class='ocrx_word' id='word_1_62' title='bbox 1278 1335 1418 1394; x_wconf 89' lang='lat' dir='ltr'>homines</span> <span class='ocrx_word' id='word_1_63' title='bbox 1439 1350 1493 1394; x_wconf 91' lang='lat' dir='ltr'>no·</span> 
     </span>
     <span class='ocr_line' id='line_1_8' title="bbox 229 1437 1493 1514; baseline 0.002 -16"><span class='ocrx_word' id='word_1_64' title='bbox 229 1447 310 1498; x_wconf 92' lang='lat' dir='ltr'>stros</span> <span class='ocrx_word' id='word_1_65' title='bbox 332 1441 536 1514; x_wconf 89' lang='lat' dir='ltr'>inquirentur,</span> <span class='ocrx_word' id='word_1_66' title='bbox 560 1440 694 1497; x_wconf 90' lang='lat' dir='ltr'>mineras</span> <span class='ocrx_word' id='word_1_67' title='bbox 717 1438 895 1496; x_wconf 89' lang='lat' dir='ltr'>huiusmodi</span> <span class='ocrx_word' id='word_1_68' title='bbox 920 1437 1054 1496; x_wconf 88' lang='lat' dir='ltr'>fideliter</span> <span class='ocrx_word' id='word_1_69' title='bbox 1077 1438 1220 1510; x_wconf 70' lang='lat' dir='ltr'>referant</span> <span class='ocrx_word' id='word_1_70' title='bbox 1243 1445 1360 1498; x_wconf 88' lang='lat' dir='ltr'>etcum</span> <span class='ocrx_word' id='word_1_71' title='bbox 1376 1440 1493 1500; x_wconf 90' lang='lat' dir='ltr'>eisdem</span> 
     </span>
     <span class='ocr_line' id='line_1_9' title="bbox 229 1543 1494 1620; baseline 0.001 -15"><span class='ocrx_word' id='word_1_72' title='bbox 229 1547 409 1606; x_wconf 89' lang='lat' dir='ltr'>hominibus</span> <span class='ocrx_word' id='word_1_73' title='bbox 433 1546 545 1604; x_wconf 89' lang='lat' dir='ltr'>nostris</span> <span class='ocrx_word' id='word_1_74' title='bbox 569 1544 748 1620; x_wconf 88' lang='lat' dir='ltr'>procedant.</span> <span class='ocrx_word' id='word_1_75' title='bbox 778 1543 872 1602; x_wconf 91' lang='lat' dir='ltr'>Secus</span> <span class='ocrx_word' id='word_1_76' title='bbox 895 1545 998 1617; x_wconf 87' lang='lat' dir='ltr'>igitur,</span> <span class='ocrx_word' id='word_1_77' title='bbox 1028 1545 1055 1602; x_wconf 90' lang='lat' dir='ltr'>si</span> <span class='ocrx_word' id='word_1_78' title='bbox 1077 1546 1308 1604; x_wconf 88' lang='lat' dir='ltr'>ammissionem</span> <span class='ocrx_word' id='word_1_79' title='bbox 1339 1548 1494 1606; x_wconf 89' lang='lat' dir='ltr'>bonorum</span> 
     </span>
     <span class='ocr_line' id='line_1_10' title="bbox 229 1650 1493 1728; baseline 0.002 -18"><span class='ocrx_word' id='word_1_80' title='bbox 229 1658 406 1712; x_wconf 89' lang='lat' dir='ltr'>vestrorum</span> <span class='ocrx_word' id='word_1_81' title='bbox 430 1653 546 1710; x_wconf 86' lang='lat' dir='ltr'>evitare</span> <span class='ocrx_word' id='word_1_82' title='bbox 570 1652 690 1725; x_wconf 91' lang='lat' dir='ltr'>cupitis,</span> <span class='ocrx_word' id='word_1_83' title='bbox 713 1665 775 1710; x_wconf 93' lang='lat' dir='ltr'>non</span> <span class='ocrx_word' id='word_1_84' title='bbox 799 1650 917 1708; x_wconf 83' lang='lat' dir='ltr'>faciatis</span> <span class='ocrx_word' id='word_1_85' title='bbox 948 1651 1065 1708; x_wconf 89' lang='lat' dir='ltr'>Datum</span> <span class='ocrx_word' id='word_1_86' title='bbox 1087 1651 1172 1710; x_wconf 91' lang='lat' dir='ltr'>Bude</span> <span class='ocrx_word' id='word_1_87' title='bbox 1194 1653 1325 1711; x_wconf 90' lang='lat' dir='ltr'>sabbato</span> <span class='ocrx_word' id='word_1_88' title='bbox 1348 1655 1493 1728; x_wconf 88' lang='lat' dir='ltr'>proximo</span> 
     </span>
     <span class='ocr_line' id='line_1_11' title="bbox 229 1757 1447 1835; baseline -0.002 -17"><span class='ocrx_word' id='word_1_89' title='bbox 229 1765 301 1835; x_wconf 90' lang='lat' dir='ltr'>post</span> <span class='ocrx_word' id='word_1_90' title='bbox 325 1759 493 1818; x_wconf 88' lang='lat' dir='ltr'>Ambrosii.</span> <span class='ocrx_word' id='word_1_91' title='bbox 518 1761 606 1818; x_wconf 88' lang='lat' dir='ltr'>Anno</span> <span class='ocrx_word' id='word_1_92' title='bbox 631 1757 883 1816; x_wconf 82' lang='lat' dir='ltr'>MCCCCLXXX</span> <span class='ocrx_word' id='word_1_93' title='bbox 906 1765 1000 1816; x_wconf 84' lang='lat' dir='ltr'>sexto.</span> <span class='ocrx_word' id='word_1_94' title='bbox 1444 1809 1447 1816; x_wconf 91' lang='lat'>.</span> 
     </span>
    </p>

    <p class='ocr_par' dir='ltr' id='par_1_2' title="bbox 229 1864 1494 2032">
     <span class='ocr_line' id='line_1_12' title="bbox 335 1864 1494 1939; baseline 0.007 -21"><span class='ocrx_word' id='word_1_95' title='bbox 335 1871 367 1930; x_wconf 83' lang='grc' dir='ltr'>(Α</span> <span class='ocrx_word' id='word_1_96' title='bbox 386 1872 475 1933; x_wconf 81' lang='lat' dir='ltr'>tergo).</span> <span class='ocrx_word' id='word_1_97' title='bbox 495 1865 682 1924; x_wconf 86' lang='lat' dir='ltr'>Honorabili</span> <span class='ocrx_word' id='word_1_98' title='bbox 704 1864 842 1939; x_wconf 87' lang='lat' dir='ltr'>capitulo</span> <span class='ocrx_word' id='word_1_99' title='bbox 866 1865 994 1923; x_wconf 87' lang='lat' dir='ltr'>ecclesie</span> <span class='ocrx_word' id='word_1_100' title='bbox 1009 1865 1225 1938; x_wconf 77' lang='lat' dir='ltr'>zagrabieusis,</span> <span class='ocrx_word' id='word_1_101' title='bbox 1241 1865 1387 1926; x_wconf 89' lang='lat' dir='ltr'>fidelibus</span> <span class='ocrx_word' id='word_1_102' title='bbox 1403 1867 1494 1926; x_wconf 89' lang='lat' dir='ltr'>nobis</span> 
     </span>
     <span class='ocr_line' id='line_1_13' title="bbox 229 1973 358 2032; baseline 0 -1"><span class='ocrx_word' id='word_1_103' title='bbox 229 1973 358 2032; x_wconf 90' lang='lat' dir='ltr'>dilectis.</span> 
     </span>
    </p>
   </div>
   <div class='ocr_carea' id='block_1_2' title="bbox 232 2109 1492 2264">
    <p class='ocr_par' dir='ltr' id='par_1_3' title="bbox 232 2109 1492 2264">
     <span class='ocr_line' id='line_1_14' title="bbox 335 2109 1492 2174; baseline 0.003 -16"><span class='ocrx_word' id='word_1_104' title='bbox 335 2109 468 2174; x_wconf 84' lang='lat' dir='ltr'>Originale</span> <span class='ocrx_word' id='word_1_105' title='bbox 487 2109 514 2158; x_wconf 91' lang='lat' dir='ltr'>iu</span> <span class='ocrx_word' id='word_1_106' title='bbox 533 2109 629 2160; x_wconf 86' lang='lat' dir='ltr'>charta.</span> <span class='ocrx_word' id='word_1_107' title='bbox 659 2109 686 2156; x_wconf 92' lang='lat' dir='ltr'>A</span> <span class='ocrx_word' id='word_1_108' title='bbox 712 2115 784 2172; x_wconf 82' lang='lat' dir='ltr'>tergo</span> <span class='ocrx_word' id='word_1_109' title='bbox 818 2109 955 2171; x_wconf 86' lang='lat' dir='ltr'>vestigium</span> <span class='ocrx_word' id='word_1_110' title='bbox 984 2109 1102 2174; x_wconf 86' lang='lat' dir='ltr'>impressi</span> <span class='ocrx_word' id='word_1_111' title='bbox 1131 2109 1218 2173; x_wconf 84' lang='lat' dir='ltr'>sigilli.</span> <span class='ocrx_word' id='word_1_112' title='bbox 1250 2111 1282 2158; x_wconf 91' lang='lat' dir='ltr'>In</span> <span class='ocrx_word' id='word_1_113' title='bbox 1301 2110 1416 2160; x_wconf 84' lang='lat' dir='ltr'>archivio</span> <span class='ocrx_word' id='word_1_114' title='bbox 1435 2128 1492 2164; x_wconf 87' lang='lat' dir='ltr'>ven.</span> 
     </span>
     <span class='ocr_line' id='line_1_15' title="bbox 232 2197 519 2264; baseline 0.003 -17"><span class='ocrx_word' id='word_1_115' title='bbox 232 2199 316 2264; x_wconf 87' lang='lat' dir='ltr'>Capit.</span> <span class='ocrx_word' id='word_1_116' title='bbox 338 2197 399 2250; x_wconf 90' lang='lat' dir='ltr'>eccl.</span> <span class='ocrx_word' id='word_1_117' title='bbox 419 2197 519 2261; x_wconf 83' lang='lat' dir='ltr'>zagrab.</span> 
     </span>
    </p>
   </div>
   <div class='ocr_carea' id='block_1_3' title="bbox 335 2407 907 2616">
    <p class='ocr_par' dir='ltr' id='par_1_4' title="bbox 335 2407 907 2616">
     <span class='ocr_line' id='line_1_16' title="bbox 821 2407 907 2475; baseline -0.058 0"><span class='ocrx_word' id='word_1_118' title='bbox 821 2407 907 2475; x_wconf 79' lang='lat'>342.</span> 
     </span>
     <span class='ocr_line' id='line_1_17' title="bbox 335 2551 880 2616; baseline -0.006 -15"><span class='ocrx_word' id='word_1_119' title='bbox 335 2555 416 2601; x_wconf 86' lang='lat' dir='ltr'>Anno</span> <span class='ocrx_word' id='word_1_120' title='bbox 438 2553 512 2616; x_wconf 87' lang='lat'>1487,</span> <span class='ocrx_word' id='word_1_121' title='bbox 533 2553 573 2604; x_wconf 90' lang='lat'>26.</span> <span class='ocrx_word' id='word_1_122' title='bbox 591 2551 706 2616; x_wconf 81' lang='lat' dir='ltr'>januarii.</span> <span class='ocrx_word' id='word_1_123' title='bbox 731 2551 880 2614; x_wconf 81' lang='lat' dir='ltr'>Zagrabiae.</span> 
     </span>
    </p>
   </div>
   <div class='ocr_carea' id='block_1_4' title="bbox 230 2675 1496 2858">
    <p class='ocr_par' dir='ltr' id='par_1_5' title="bbox 230 2675 1496 2858">
     <span class='ocr_line' id='line_1_18' title="bbox 236 2675 1496 2752; baseline 0.006 -17"><span class='ocrx_word' id='word_1_124' title='bbox 236 2676 430 2736; x_wconf 81' lang='lat' dir='ltr'>communitas</span> <span class='ocrx_word' id='word_1_125' title='bbox 463 2679 591 2737; x_wconf 83' lang='lat' dir='ltr'>civitatis</span> <span class='ocrx_word' id='word_1_126' title='bbox 627 2679 729 2735; x_wconf 84' lang='lat' dir='ltr'>montis</span> <span class='ocrx_word' id='word_1_127' title='bbox 768 2675 919 2736; x_wconf 81' lang='lat' dir='ltr'>Grecensts</span> <span class='ocrx_word' id='word_1_128' title='bbox 947 2679 1099 2752; x_wconf 74' lang='lat' dir='ltr'>fratrebus</span> <span class='ocrx_word' id='word_1_129' title='bbox 1131 2679 1269 2736; x_wconf 80' lang='lat' dir='ltr'>Eremitis</span> <span class='ocrx_word' id='word_1_130' title='bbox 1298 2682 1428 2752; x_wconf 85' lang='lat' dir='ltr'>concedit,</span> <span class='ocrx_word' id='word_1_131' title='bbox 1460 2690 1496 2742; x_wconf 85' lang='lat' dir='ltr'>ut</span> 
     </span>
     <span class='ocr_line' id='line_1_19' title="bbox 230 2784 1493 2858; baseline 0.005 -17"><span class='ocrx_word' id='word_1_132' title='bbox 230 2785 335 2841; x_wconf 85' lang='lat' dir='ltr'>tum&#39;m</span> <span class='ocrx_word' id='word_1_133' title='bbox 366 2785 396 2841; x_wconf 81' lang='lat' dir='ltr'>in</span> <span class='ocrx_word' id='word_1_134' title='bbox 428 2785 544 2842; x_wconf 83' lang='lat' dir='ltr'>civitate</span> <span class='ocrx_word' id='word_1_135' title='bbox 574 2786 663 2842; x_wconf 84' lang='lat' dir='ltr'>sitam</span> <span class='ocrx_word' id='word_1_136' title='bbox 687 2791 851 2841; x_wconf 79' lang='lat' dir='ltr'>restaurent</span> <span class='ocrx_word' id='word_1_137' title='bbox 871 2784 901 2840; x_wconf 87' lang='lat' dir='ltr'>in</span> <span class='ocrx_word' id='word_1_138' title='bbox 924 2802 1013 2857; x_wconf 80' lang='lat' dir='ltr'>eaque</span> <span class='ocrx_word' id='word_1_139' title='bbox 1039 2803 1127 2841; x_wconf 85' lang='lat' dir='ltr'>unum</span> <span class='ocrx_word' id='word_1_140' title='bbox 1159 2786 1332 2858; x_wconf 82' lang='lat' dir='ltr'>inquilinum</span> <span class='ocrx_word' id='word_1_141' title='bbox 1353 2789 1493 2848; x_wconf 84' lang='lat' dir='ltr'>collocent.</span> 
     </span>
    </p>
   </div>
   <div class='ocr_carea' id='block_1_5' title="bbox 230 2926 1526 5126">
    <p class='ocr_par' dir='ltr' id='par_1_6' title="bbox 230 2926 1526 5126">
     <span class='ocr_line' id='line_1_20' title="bbox 337 2926 1494 3004; baseline 0.003 -18"><span class='ocrx_word' id='word_1_142' title='bbox 337 2929 400 2986; x_wconf 91' lang='lat' dir='ltr'>Nos</span> <span class='ocrx_word' id='word_1_143' title='bbox 423 2929 629 2986; x_wconf 89' lang='lat' dir='ltr'>communitas</span> <span class='ocrx_word' id='word_1_144' title='bbox 652 2929 768 2986; x_wconf 90' lang='lat' dir='ltr'>civium</span> <span class='ocrx_word' id='word_1_145' title='bbox 792 2929 925 2986; x_wconf 87' lang='lat' dir='ltr'>civitatis</span> <span class='ocrx_word' id='word_1_146' title='bbox 948 2929 1061 2986; x_wconf 89' lang='lat' dir='ltr'>montis</span> <span class='ocrx_word' id='word_1_147' title='bbox 1085 2928 1246 2987; x_wconf 87' lang='lat' dir='ltr'>Grecensis</span> <span class='ocrx_word' id='word_1_148' title='bbox 1269 2929 1308 2986; x_wconf 91' lang='lat' dir='ltr'>de</span> <span class='ocrx_word' id='word_1_149' title='bbox 1330 2926 1416 3004; x_wconf 85' lang='lat' dir='ltr'>juxta</span> <span class='ocrx_word' id='word_1_150' title='bbox 1439 2933 1494 2990; x_wconf 90' lang='lat' dir='ltr'>Za·</span> 
     </span>
     <span class='ocr_line' id='line_1_21' title="bbox 230 3033 1493 3107; baseline 0.003 -15"><span class='ocrx_word' id='word_1_151' title='bbox 230 3036 381 3107; x_wconf 83' lang='lat' dir='ltr'>grabinm.</span> <span class='ocrx_word' id='word_1_152' title='bbox 405 3033 454 3091; x_wconf 87' lang='lat' dir='ltr'>Ad</span> <span class='ocrx_word' id='word_1_153' title='bbox 478 3035 695 3092; x_wconf 91' lang='lat' dir='ltr'>universorum</span> <span class='ocrx_word' id='word_1_154' title='bbox 718 3035 912 3107; x_wconf 90' lang='lat' dir='ltr'>presencium</span> <span class='ocrx_word' id='word_1_155' title='bbox 943 3040 972 3092; x_wconf 91' lang='lat' dir='ltr'>et</span> <span class='ocrx_word' id='word_1_156' title='bbox 1003 3033 1181 3092; x_wconf 81' lang='lat' dir='ltr'>futurorum</span> <span class='ocrx_word' id='word_1_157' title='bbox 1213 3035 1358 3092; x_wconf 87' lang='lat' dir='ltr'>noticiam</span> <span class='ocrx_word' id='word_1_158' title='bbox 1381 3038 1493 3096; x_wconf 88' lang='lat' dir='ltr'>harum</span> 
     </span>
     <span class='ocr_line' id='line_1_22' title="bbox 230 3139 1494 3217; baseline 0.003 -19"><span class='ocrx_word' id='word_1_159' title='bbox 230 3143 308 3200; x_wconf 88' lang='lat' dir='ltr'>serie</span> <span class='ocrx_word' id='word_1_160' title='bbox 331 3141 477 3199; x_wconf 86' lang='lat' dir='ltr'>volumus</span> <span class='ocrx_word' id='word_1_161' title='bbox 501 3141 673 3214; x_wconf 88' lang='lat' dir='ltr'>pervenire,</span> <span class='ocrx_word' id='word_1_162' title='bbox 693 3139 777 3214; x_wconf 91' lang='lat' dir='ltr'>quod</span> <span class='ocrx_word' id='word_1_163' title='bbox 801 3155 856 3198; x_wconf 93' lang='lat' dir='ltr'>nos</span> <span class='ocrx_word' id='word_1_164' title='bbox 879 3147 1000 3198; x_wconf 89' lang='lat' dir='ltr'>matura</span> <span class='ocrx_word' id='word_1_165' title='bbox 1025 3140 1260 3212; x_wconf 90' lang='lat' dir='ltr'>deliberacione,</span> <span class='ocrx_word' id='word_1_166' title='bbox 1285 3141 1494 3217; x_wconf 84' lang='lat' dir='ltr'>deligentique</span> 
     </span>
     <span class='ocr_line' id='line_1_23' title="bbox 230 3247 1489 3322; baseline 0.001 -16"><span class='ocrx_word' id='word_1_167' title='bbox 230 3249 359 3306; x_wconf 87' lang='lat' dir='ltr'>consilio</span> <span class='ocrx_word' id='word_1_168' title='bbox 380 3263 415 3304; x_wconf 92' lang='lat' dir='ltr'>ac</span> <span class='ocrx_word' id='word_1_169' title='bbox 438 3248 576 3306; x_wconf 89' lang='lat' dir='ltr'>unanimi</span> <span class='ocrx_word' id='word_1_170' title='bbox 599 3248 758 3305; x_wconf 88' lang='lat' dir='ltr'>voluntate</span> <span class='ocrx_word' id='word_1_171' title='bbox 782 3247 860 3306; x_wconf 91' lang='lat' dir='ltr'>inter</span> <span class='ocrx_word' id='word_1_172' title='bbox 883 3263 939 3305; x_wconf 90' lang='lat' dir='ltr'>nos</span> <span class='ocrx_word' id='word_1_173' title='bbox 959 3247 1139 3321; x_wconf 86' lang='lat' dir='ltr'>prehabitis,</span> <span class='ocrx_word' id='word_1_174' title='bbox 1164 3247 1393 3306; x_wconf 87' lang='lat' dir='ltr'>considerantes</span> <span class='ocrx_word' id='word_1_175' title='bbox 1417 3265 1489 3322; x_wconf 91' lang='lat' dir='ltr'>quo·</span> 
     </span>
     <span class='ocr_line' id='line_1_24' title="bbox 231 3353 1494 3414; baseline 0.003 -4"><span class='ocrx_word' id='word_1_176' title='bbox 231 3353 326 3411; x_wconf 90' lang='lat' dir='ltr'>modo</span> <span class='ocrx_word' id='word_1_177' title='bbox 351 3355 444 3411; x_wconf 88' lang='lat' dir='ltr'>turris</span> <span class='ocrx_word' id='word_1_178' title='bbox 467 3359 589 3411; x_wconf 90' lang='lat' dir='ltr'>murata</span> <span class='ocrx_word' id='word_1_179' title='bbox 612 3353 745 3412; x_wconf 85' lang='lat' dir='ltr'>fratrum</span> <span class='ocrx_word' id='word_1_180' title='bbox 769 3354 1000 3412; x_wconf 90' lang='lat' dir='ltr'>Heremitarum</span> <span class='ocrx_word' id='word_1_181' title='bbox 1032 3369 1086 3411; x_wconf 92' lang='lat' dir='ltr'>seu</span> <span class='ocrx_word' id='word_1_182' title='bbox 1116 3353 1243 3411; x_wconf 89' lang='lat' dir='ltr'>claustri</span> <span class='ocrx_word' id='word_1_183' title='bbox 1277 3353 1366 3412; x_wconf 90' lang='lat' dir='ltr'>beate</span> <span class='ocrx_word' id='word_1_184' title='bbox 1398 3357 1494 3414; x_wconf 89' lang='lat' dir='ltr'>Marie</span> 
     </span>
     <span class='ocr_line' id='line_1_25' title="bbox 231 3458 1526 3535; baseline 0.002 -18"><span class='ocrx_word' id='word_1_185' title='bbox 231 3459 362 3532; x_wconf 86' lang='lat' dir='ltr'>virginis</span> <span class='ocrx_word' id='word_1_186' title='bbox 384 3459 415 3517; x_wconf 92' lang='lat' dir='ltr'>in</span> <span class='ocrx_word' id='word_1_187' title='bbox 438 3461 654 3534; x_wconf 89' lang='lat' dir='ltr'>promontorio</span> <span class='ocrx_word' id='word_1_188' title='bbox 678 3459 869 3532; x_wconf 84' lang='lat' dir='ltr'>zagrabiensi</span> <span class='ocrx_word' id='word_1_189' title='bbox 893 3459 1013 3517; x_wconf 86' lang='lat' dir='ltr'>fundati</span> <span class='ocrx_word' id='word_1_190' title='bbox 1037 3475 1108 3516; x_wconf 91' lang='lat' dir='ltr'>curn</span> <span class='ocrx_word' id='word_1_191' title='bbox 1131 3459 1196 3517; x_wconf 91' lang='lat' dir='ltr'>suis</span> <span class='ocrx_word' id='word_1_192' title='bbox 1219 3458 1323 3518; x_wconf 85' lang='lat' dir='ltr'>lundis</span> <span class='ocrx_word' id='word_1_193' title='bbox 1346 3467 1376 3518; x_wconf 90' lang='lat' dir='ltr'>et</span> <span class='ocrx_word' id='word_1_194' title='bbox 1400 3463 1493 3535; x_wconf 90' lang='lat' dir='ltr'>perti·</span> <span class='ocrx_word' id='word_1_195' title='bbox 1520 3465 1526 3478; x_wconf 79' lang='lat'><strong>⁴</strong></span> 
     </span>
     <span class='ocr_line' id='line_1_26' title="bbox 231 3563 1491 3640; baseline 0.002 -18"><span class='ocrx_word' id='word_1_196' title='bbox 231 3565 347 3622; x_wconf 86' lang='lat' dir='ltr'>neoclis</span> <span class='ocrx_word' id='word_1_197' title='bbox 370 3566 401 3622; x_wconf 91' lang='lat' dir='ltr'>iu</span> <span class='ocrx_word' id='word_1_198' title='bbox 425 3565 548 3623; x_wconf 89' lang='lat' dir='ltr'>civitate</span> <span class='ocrx_word' id='word_1_199' title='bbox 571 3570 675 3622; x_wconf 90' lang='lat' dir='ltr'>nostra</span> <span class='ocrx_word' id='word_1_200' title='bbox 699 3581 734 3622; x_wconf 92' lang='lat' dir='ltr'>ac</span> <span class='ocrx_word' id='word_1_201' title='bbox 758 3566 837 3625; x_wconf 91' lang='lat' dir='ltr'>inter</span> <span class='ocrx_word' id='word_1_202' title='bbox 859 3581 915 3623; x_wconf 93' lang='lat' dir='ltr'>nos</span> <span class='ocrx_word' id='word_1_203' title='bbox 937 3581 956 3622; x_wconf 90' lang='lat' dir='ltr'>a</span> <span class='ocrx_word' id='word_1_204' title='bbox 979 3569 1067 3640; x_wconf 91' lang='lat' dir='ltr'>parte</span> <span class='ocrx_word' id='word_1_205' title='bbox 1089 3563 1236 3622; x_wconf 90' lang='lat' dir='ltr'>videlicet</span> <span class='ocrx_word' id='word_1_206' title='bbox 1248 3565 1445 3625; x_wconf 89' lang='lat' dir='ltr'>meridionali</span> <span class='ocrx_word' id='word_1_207' title='bbox 1462 3573 1491 3625; x_wconf 90' lang='lat' dir='ltr'>et</span> 
     </span>
     <span class='ocr_line' id='line_1_27' title="bbox 232 3670 1490 3745; baseline 0.002 -17"><span class='ocrx_word' id='word_1_208' title='bbox 232 3673 310 3729; x_wconf 87' lang='lat' dir='ltr'>inter</span> <span class='ocrx_word' id='word_1_209' title='bbox 333 3670 445 3730; x_wconf 86' lang='lat' dir='ltr'>fundos</span> <span class='ocrx_word' id='word_1_210' title='bbox 467 3687 503 3729; x_wconf 89' lang='lat' dir='ltr'>ac</span> <span class='ocrx_word' id='word_1_211' title='bbox 526 3673 630 3730; x_wconf 88' lang='lat' dir='ltr'>civilia</span> <span class='ocrx_word' id='word_1_212' title='bbox 653 3671 784 3730; x_wconf 89' lang='lat' dir='ltr'>condam</span> <span class='ocrx_word' id='word_1_213' title='bbox 802 3672 916 3730; x_wconf 91' lang='lat' dir='ltr'>Mathie</span> <span class='ocrx_word' id='word_1_214' title='bbox 939 3672 1101 3730; x_wconf 90' lang='lat' dir='ltr'>Thechech</span> <span class='ocrx_word' id='word_1_215' title='bbox 1117 3687 1155 3730; x_wconf 85' lang='lat' dir='ltr'>ex</span> <span class='ocrx_word' id='word_1_216' title='bbox 1171 3687 1239 3744; x_wconf 89' lang='lat' dir='ltr'>una,</span> <span class='ocrx_word' id='word_1_217' title='bbox 1257 3672 1398 3745; x_wconf 85' lang='lat' dir='ltr'>partibus</span> <span class='ocrx_word' id='word_1_218' title='bbox 1415 3687 1490 3731; x_wconf 89' lang='lat' dir='ltr'>vero</span> 
     </span>
     <span class='ocr_line' id='line_1_28' title="bbox 231 3777 1493 3852; baseline 0.002 -18"><span class='ocrx_word' id='word_1_219' title='bbox 231 3794 269 3835; x_wconf 92' lang='lat' dir='ltr'>ex</span> <span class='ocrx_word' id='word_1_220' title='bbox 293 3777 391 3836; x_wconf 87' lang='lat' dir='ltr'>altera</span> <span class='ocrx_word' id='word_1_221' title='bbox 413 3778 490 3835; x_wconf 92' lang='lat' dir='ltr'>olim</span> <span class='ocrx_word' id='word_1_222' title='bbox 512 3777 633 3835; x_wconf 91' lang='lat' dir='ltr'>discreti</span> <span class='ocrx_word' id='word_1_223' title='bbox 659 3777 776 3835; x_wconf 89' lang='lat' dir='ltr'>domini</span> <span class='ocrx_word' id='word_1_224' title='bbox 800 3778 904 3836; x_wconf 81' lang='lat' dir='ltr'>Alexii</span> <span class='ocrx_word' id='word_1_225' title='bbox 919 3778 1093 3852; x_wconf 83' lang='lat' dir='ltr'>presbiteri,</span> <span class='ocrx_word' id='word_1_226' title='bbox 1109 3778 1283 3835; x_wconf 90' lang='lat' dir='ltr'>concivium</span> <span class='ocrx_word' id='word_1_227' title='bbox 1307 3783 1493 3852; x_wconf 85' lang='lat' dir='ltr'>nostrorum,</span> 
     </span>
     <span class='ocr_line' id='line_1_29' title="bbox 233 3883 1494 3959; baseline 0.001 -17"><span class='ocrx_word' id='word_1_228' title='bbox 233 3885 341 3942; x_wconf 90' lang='lat' dir='ltr'>habita</span> <span class='ocrx_word' id='word_1_229' title='bbox 364 3889 395 3942; x_wconf 91' lang='lat' dir='ltr'>et</span> <span class='ocrx_word' id='word_1_230' title='bbox 417 3885 558 3954; x_wconf 82' lang='lat' dir='ltr'>existens,</span> <span class='ocrx_word' id='word_1_231' title='bbox 583 3883 681 3942; x_wconf 91' lang='lat' dir='ltr'>dictos</span> <span class='ocrx_word' id='word_1_232' title='bbox 705 3883 816 3942; x_wconf 86' lang='lat' dir='ltr'>fratres</span> <span class='ocrx_word' id='word_1_233' title='bbox 847 3885 1022 3943; x_wconf 89' lang='lat' dir='ltr'>Heremitas</span> <span class='ocrx_word' id='word_1_234' title='bbox 1043 3889 1074 3942; x_wconf 89' lang='lat' dir='ltr'>et</span> <span class='ocrx_word' id='word_1_235' title='bbox 1096 3884 1268 3942; x_wconf 89' lang='lat' dir='ltr'>claustrum</span> <span class='ocrx_word' id='word_1_236' title='bbox 1292 3898 1401 3942; x_wconf 90' lang='lat' dir='ltr'>eorum</span> <span class='ocrx_word' id='word_1_237' title='bbox 1424 3901 1494 3959; x_wconf 94' lang='lat' dir='ltr'>pre·</span> 
     </span>
     <span class='ocr_line' id='line_1_30' title="bbox 234 3989 1494 4064; baseline 0.002 -17"><span class='ocrx_word' id='word_1_238' title='bbox 234 3989 360 4060; x_wconf 91' lang='lat' dir='ltr'>dictum,</span> <span class='ocrx_word' id='word_1_239' title='bbox 384 3997 479 4064; x_wconf 88' lang='lat' dir='ltr'>prout</span> <span class='ocrx_word' id='word_1_240' title='bbox 508 4005 546 4048; x_wconf 86' lang='lat' dir='ltr'>ex</span> <span class='ocrx_word' id='word_1_241' title='bbox 578 3991 669 4048; x_wconf 90' lang='lat' dir='ltr'>certis</span> <span class='ocrx_word' id='word_1_242' title='bbox 700 3990 811 4049; x_wconf 90' lang='lat' dir='ltr'>litteris</span> <span class='ocrx_word' id='word_1_243' title='bbox 834 3992 947 4050; x_wconf 89' lang='lat' dir='ltr'>nostris</span> <span class='ocrx_word' id='word_1_244' title='bbox 969 4006 1073 4049; x_wconf 89' lang='lat' dir='ltr'>eoram</span> <span class='ocrx_word' id='word_1_245' title='bbox 1095 3991 1186 4049; x_wconf 91' lang='lat' dir='ltr'>nobis</span> <span class='ocrx_word' id='word_1_246' title='bbox 1209 3992 1399 4064; x_wconf 90' lang='lat' dir='ltr'>specietenus</span> <span class='ocrx_word' id='word_1_247' title='bbox 1422 4007 1494 4064; x_wconf 91' lang='lat' dir='ltr'>pro·</span> 
     </span>
     <span class='ocr_line' id='line_1_31' title="bbox 231 4095 1494 4173; baseline 0.003 -21"><span class='ocrx_word' id='word_1_248' title='bbox 231 4095 331 4154; x_wconf 86' lang='lat' dir='ltr'>ductis</span> <span class='ocrx_word' id='word_1_249' title='bbox 364 4101 394 4153; x_wconf 89' lang='lat' dir='ltr'>et</span> <span class='ocrx_word' id='word_1_250' title='bbox 425 4095 571 4154; x_wconf 84' lang='lat' dir='ltr'>exhibitis</span> <span class='ocrx_word' id='word_1_251' title='bbox 603 4096 738 4154; x_wconf 89' lang='lat' dir='ltr'>vidimus</span> <span class='ocrx_word' id='word_1_252' title='bbox 769 4097 852 4155; x_wconf 90' lang='lat' dir='ltr'>clare</span> <span class='ocrx_word' id='word_1_253' title='bbox 883 4097 1040 4169; x_wconf 83' lang='lat' dir='ltr'>contineri,</span> <span class='ocrx_word' id='word_1_254' title='bbox 1072 4097 1218 4171; x_wconf 88' lang='lat' dir='ltr'>empticio</span> <span class='ocrx_word' id='word_1_255' title='bbox 1249 4102 1279 4155; x_wconf 88' lang='lat' dir='ltr'>et</span> <span class='ocrx_word' id='word_1_256' title='bbox 1310 4097 1404 4170; x_wconf 90' lang='lat' dir='ltr'>pleno</span> <span class='ocrx_word' id='word_1_257' title='bbox 1426 4095 1494 4173; x_wconf 90' lang='lat' dir='ltr'>jure</span> 
     </span>
     <span class='ocr_line' id='line_1_32' title="bbox 231 4202 1493 4278; baseline 0.002 -19"><span class='ocrx_word' id='word_1_258' title='bbox 231 4218 427 4274; x_wconf 88' lang='lat' dir='ltr'>concernens,</span> <span class='ocrx_word' id='word_1_259' title='bbox 463 4202 504 4260; x_wconf 92' lang='lat' dir='ltr'>ab</span> <span class='ocrx_word' id='word_1_260' title='bbox 527 4203 605 4262; x_wconf 92' lang='lat' dir='ltr'>olim</span> <span class='ocrx_word' id='word_1_261' title='bbox 640 4209 669 4262; x_wconf 92' lang='lat' dir='ltr'>et</span> <span class='ocrx_word' id='word_1_262' title='bbox 703 4205 743 4261; x_wconf 90' lang='lat' dir='ltr'>ab</span> <span class='ocrx_word' id='word_1_263' title='bbox 778 4205 905 4277; x_wconf 90' lang='lat' dir='ltr'>antiquo</span> <span class='ocrx_word' id='word_1_264' title='bbox 940 4204 1085 4278; x_wconf 91' lang='lat' dir='ltr'>pluribus</span> <span class='ocrx_word' id='word_1_265' title='bbox 1108 4203 1268 4261; x_wconf 86' lang='lat' dir='ltr'>retroactis</span> <span class='ocrx_word' id='word_1_266' title='bbox 1291 4204 1493 4276; x_wconf 90' lang='lat' dir='ltr'>temporibus,</span> 
     </span>
     <span class='ocr_line' id='line_1_33' title="bbox 232 4307 1494 4382; baseline 0.002 -17"><span class='ocrx_word' id='word_1_267' title='bbox 232 4309 330 4366; x_wconf 92' lang='lat' dir='ltr'>immo</span> <span class='ocrx_word' id='word_1_268' title='bbox 365 4309 462 4366; x_wconf 91' lang='lat' dir='ltr'>eciam</span> <span class='ocrx_word' id='word_1_269' title='bbox 499 4309 681 4382; x_wconf 89' lang='lat' dir='ltr'>priusquam</span> <span class='ocrx_word' id='word_1_270' title='bbox 716 4309 798 4367; x_wconf 90' lang='lat' dir='ltr'>dicto</span> <span class='ocrx_word' id='word_1_271' title='bbox 829 4310 966 4367; x_wconf 92' lang='lat' dir='ltr'>claustro</span> <span class='ocrx_word' id='word_1_272' title='bbox 995 4313 1075 4367; x_wconf 91' lang='lat' dir='ltr'>esset</span> <span class='ocrx_word' id='word_1_273' title='bbox 1105 4307 1239 4380; x_wconf 89' lang='lat' dir='ltr'>vendita,</span> <span class='ocrx_word' id='word_1_274' title='bbox 1266 4309 1494 4368; x_wconf 90' lang='lat' dir='ltr'>habitatoribus</span> 
     </span>
     <span class='ocr_line' id='line_1_34' title="bbox 233 4413 1493 4489; baseline 0.002 -18"><span class='ocrx_word' id='word_1_275' title='bbox 233 4413 342 4472; x_wconf 84' lang='lat' dir='ltr'>fuisset</span> <span class='ocrx_word' id='word_1_276' title='bbox 365 4413 510 4472; x_wconf 89' lang='lat' dir='ltr'>destituta</span> <span class='ocrx_word' id='word_1_277' title='bbox 530 4421 624 4488; x_wconf 92' lang='lat' dir='ltr'>atque</span> <span class='ocrx_word' id='word_1_278' title='bbox 648 4415 769 4489; x_wconf 90' lang='lat' dir='ltr'>penitus</span> <span class='ocrx_word' id='word_1_279' title='bbox 794 4415 921 4486; x_wconf 89' lang='lat' dir='ltr'>deserta,</span> <span class='ocrx_word' id='word_1_280' title='bbox 946 4431 984 4474; x_wconf 88' lang='lat' dir='ltr'>ex</span> <span class='ocrx_word' id='word_1_281' title='bbox 1006 4417 1093 4474; x_wconf 91' lang='lat' dir='ltr'>cuius</span> <span class='ocrx_word' id='word_1_282' title='bbox 1116 4415 1209 4473; x_wconf 92' lang='lat' dir='ltr'>turris</span> <span class='ocrx_word' id='word_1_283' title='bbox 1233 4414 1418 4486; x_wconf 89' lang='lat' dir='ltr'>desercione,</span> <span class='ocrx_word' id='word_1_284' title='bbox 1442 4415 1493 4473; x_wconf 91' lang='lat' dir='ltr'>de·</span> 
     </span>
     <span class='ocr_line' id='line_1_35' title="bbox 233 4519 1494 4596; baseline 0.002 -18"><span class='ocrx_word' id='word_1_285' title='bbox 233 4520 395 4578; x_wconf 91' lang='lat' dir='ltr'>stitucione</span> <span class='ocrx_word' id='word_1_286' title='bbox 426 4527 457 4578; x_wconf 91' lang='lat' dir='ltr'>et</span> <span class='ocrx_word' id='word_1_287' title='bbox 487 4519 609 4579; x_wconf 85' lang='lat' dir='ltr'>delectu</span> <span class='ocrx_word' id='word_1_288' title='bbox 639 4523 699 4580; x_wconf 93' lang='lat' dir='ltr'>hiis</span> <span class='ocrx_word' id='word_1_289' title='bbox 729 4523 893 4596; x_wconf 89' lang='lat' dir='ltr'>presertim</span> <span class='ocrx_word' id='word_1_290' title='bbox 925 4522 1088 4596; x_wconf 87' lang='lat' dir='ltr'>impacatis</span> <span class='ocrx_word' id='word_1_291' title='bbox 1111 4528 1141 4580; x_wconf 91' lang='lat' dir='ltr'>et</span> <span class='ocrx_word' id='word_1_292' title='bbox 1163 4536 1181 4580; x_wconf 91' lang='lat' dir='ltr'>a</span> <span class='ocrx_word' id='word_1_293' title='bbox 1205 4521 1314 4578; x_wconf 89' lang='lat' dir='ltr'>Turcis</span> <span class='ocrx_word' id='word_1_294' title='bbox 1337 4522 1494 4581; x_wconf 89' lang='lat' dir='ltr'>timorosis</span> 
     </span>
     <span class='ocr_line' id='line_1_36' title="bbox 230 4626 1494 4704; baseline 0.002 -21"><span class='ocrx_word' id='word_1_295' title='bbox 230 4626 425 4699; x_wconf 92' lang='lat' dir='ltr'>temporibus</span> <span class='ocrx_word' id='word_1_296' title='bbox 448 4631 552 4684; x_wconf 93' lang='lat' dir='ltr'>nostre</span> <span class='ocrx_word' id='word_1_297' title='bbox 575 4627 701 4697; x_wconf 88' lang='lat' dir='ltr'>civitati,</span> <span class='ocrx_word' id='word_1_298' title='bbox 718 4627 995 4702; x_wconf 89' lang='lat' dir='ltr'>communitatique</span> <span class='ocrx_word' id='word_1_299' title='bbox 1017 4643 1078 4686; x_wconf 92' lang='lat' dir='ltr'>non</span> <span class='ocrx_word' id='word_1_300' title='bbox 1103 4642 1218 4704; x_wconf 91' lang='lat' dir='ltr'>parvus</span> <span class='ocrx_word' id='word_1_301' title='bbox 1240 4627 1341 4699; x_wconf 88' lang='lat' dir='ltr'>timor,</span> <span class='ocrx_word' id='word_1_302' title='bbox 1358 4626 1494 4686; x_wconf 85' lang='lat' dir='ltr'>formido</span> 
     </span>
     <span class='ocr_line' id='line_1_37' title="bbox 231 4731 1494 4805; baseline 0.001 -16"><span class='ocrx_word' id='word_1_303' title='bbox 231 4737 325 4804; x_wconf 88' lang='lat' dir='ltr'>atque</span> <span class='ocrx_word' id='word_1_304' title='bbox 359 4746 459 4805; x_wconf 90' lang='lat' dir='ltr'>pavor</span> <span class='ocrx_word' id='word_1_305' title='bbox 490 4732 577 4802; x_wconf 84' lang='lat' dir='ltr'>foret,</span> <span class='ocrx_word' id='word_1_306' title='bbox 609 4733 789 4805; x_wconf 86' lang='lat' dir='ltr'>cautelaque</span> <span class='ocrx_word' id='word_1_307' title='bbox 820 4749 942 4791; x_wconf 90' lang='lat' dir='ltr'>summe</span> <span class='ocrx_word' id='word_1_308' title='bbox 972 4735 1141 4792; x_wconf 89' lang='lat' dir='ltr'>necessaria</span> <span class='ocrx_word' id='word_1_309' title='bbox 1173 4731 1212 4790; x_wconf 90' lang='lat' dir='ltr'>ad</span> <span class='ocrx_word' id='word_1_310' title='bbox 1236 4733 1295 4790; x_wconf 92' lang='lat' dir='ltr'>hoc</span> <span class='ocrx_word' id='word_1_311' title='bbox 1318 4732 1494 4791; x_wconf 88' lang='lat' dir='ltr'>adhibenda</span> 
     </span>
     <span class='ocr_line' id='line_1_38' title="bbox 231 4836 1494 4911; baseline 0.002 -16"><span class='ocrx_word' id='word_1_312' title='bbox 231 4838 376 4908; x_wconf 87' lang='lat' dir='ltr'>restabat,</span> <span class='ocrx_word' id='word_1_313' title='bbox 401 4839 442 4895; x_wconf 93' lang='lat' dir='ltr'>ob</span> <span class='ocrx_word' id='word_1_314' title='bbox 466 4838 633 4911; x_wconf 88' lang='lat' dir='ltr'>peticiones</span> <span class='ocrx_word' id='word_1_315' title='bbox 656 4839 754 4896; x_wconf 90' lang='lat' dir='ltr'>eciam</span> <span class='ocrx_word' id='word_1_316' title='bbox 779 4837 933 4897; x_wconf 88' lang='lat' dir='ltr'>dictorum</span> <span class='ocrx_word' id='word_1_317' title='bbox 964 4837 1096 4897; x_wconf 78' lang='lat' dir='ltr'>fratrum</span> <span class='ocrx_word' id='word_1_318' title='bbox 1120 4839 1352 4896; x_wconf 88' lang='lat' dir='ltr'>Heremitarum</span> <span class='ocrx_word' id='word_1_319' title='bbox 1376 4836 1415 4896; x_wconf 94' lang='lat' dir='ltr'>ad</span> <span class='ocrx_word' id='word_1_320' title='bbox 1438 4837 1494 4898; x_wconf 81' lang='lat' dir='ltr'>nus</span> 
     </span>
     <span class='ocr_line' id='line_1_39' title="bbox 232 4942 1495 5020; baseline 0.002 -18"><span class='ocrx_word' id='word_1_321' title='bbox 232 4943 363 5018; x_wconf 89' lang='lat' dir='ltr'>proinde</span> <span class='ocrx_word' id='word_1_322' title='bbox 386 4942 491 5016; x_wconf 85' lang='lat' dir='ltr'>factas,</span> <span class='ocrx_word' id='word_1_323' title='bbox 516 4959 633 5002; x_wconf 90' lang='lat' dir='ltr'>necnon</span> <span class='ocrx_word' id='word_1_324' title='bbox 656 4945 698 5002; x_wconf 93' lang='lat' dir='ltr'>ob</span> <span class='ocrx_word' id='word_1_325' title='bbox 721 4945 930 5004; x_wconf 86' lang='lat' dir='ltr'>reverenciam</span> <span class='ocrx_word' id='word_1_326' title='bbox 955 4951 985 5004; x_wconf 91' lang='lat' dir='ltr'>et</span> <span class='ocrx_word' id='word_1_327' title='bbox 1007 4961 1095 5020; x_wconf 90' lang='lat' dir='ltr'>spem</span> <span class='ocrx_word' id='word_1_328' title='bbox 1126 4961 1161 5003; x_wconf 89' lang='lat' dir='ltr'>ac</span> <span class='ocrx_word' id='word_1_329' title='bbox 1185 4945 1394 5018; x_wconf 89' lang='lat' dir='ltr'>devocionem,</span> <span class='ocrx_word' id='word_1_330' title='bbox 1418 4961 1495 5019; x_wconf 88' lang='lat' dir='ltr'>quas</span> 
     </span>
     <span class='ocr_line' id='line_1_40' title="bbox 230 5049 1494 5126; baseline 0.003 -18"><span class='ocrx_word' id='word_1_331' title='bbox 230 5050 269 5108; x_wconf 93' lang='lat' dir='ltr'>ad</span> <span class='ocrx_word' id='word_1_332' title='bbox 286 5051 507 5123; x_wconf 88' lang='lat' dir='ltr'>venerabilem,</span> <span class='ocrx_word' id='word_1_333' title='bbox 523 5049 844 5126; x_wconf 84' lang='lat' dir='ltr'>gloriosissimamque</span> <span class='ocrx_word' id='word_1_334' title='bbox 858 5053 1039 5126; x_wconf 85' lang='lat' dir='ltr'>genitricem</span> <span class='ocrx_word' id='word_1_335' title='bbox 1055 5053 1202 5112; x_wconf 88' lang='lat' dir='ltr'>creatoris</span> <span class='ocrx_word' id='word_1_336' title='bbox 1217 5058 1247 5110; x_wconf 91' lang='lat' dir='ltr'>et</span> <span class='ocrx_word' id='word_1_337' title='bbox 1264 5051 1382 5110; x_wconf 91' lang='lat' dir='ltr'>domini</span> <span class='ocrx_word' id='word_1_338' title='bbox 1396 5052 1494 5112; x_wconf 91' lang='lat' dir='ltr'>nostri</span> 
     </span>
    </p>
   </div>
   <div class='ocr_carea' id='block_1_6' title="bbox 0 0 1911 5858">
    <p class='ocr_par' dir='ltr' id='par_1_7' title="bbox 0 0 1911 5858">
     <span class='ocr_line' id='line_1_41' title="bbox 0 0 1911 5858; baseline 0 0"><span class='ocrx_word' id='word_1_339' title='bbox 0 0 1911 5858; x_wconf 95' lang='lat' dir='ltr'> </span> 
     </span>
    </p>
   </div>
  </div>
 </body>
</html>
