<?xml version="1.0" encoding="UTF-8"?>
<!DOCTYPE html PUBLIC "-//W3C//DTD XHTML 1.0 Transitional//EN"
    "http://www.w3.org/TR/xhtml1/DTD/xhtml1-transitional.dtd">
<html xmlns="http://www.w3.org/1999/xhtml" xml:lang="en" lang="en">
 <head>
  <title>
</title>
<meta http-equiv="Content-Type" content="text/html;charset=utf-8" />
  <meta name='ocr-system' content='tesseract 3.04.00' />
  <meta name='ocr-capabilities' content='ocr_page ocr_carea ocr_par ocr_line ocrx_word'/>
</head>
<body>
  <div class='ocr_page' id='page_1' title='image "./monumentahistor20laszgoog_0402.png"; bbox 0 0 3930 5802; ppageno 0'>
   <div class='ocr_carea' id='block_1_1' title="bbox 684 555 1144 650">
    <p class='ocr_par' dir='ltr' id='par_1_1' title="bbox 684 555 1144 650">
     <span class='ocr_line' id='line_1_1' title="bbox 684 555 1144 650; baseline 0.002 -31"><span class='ocrx_word' id='word_1_1' title='bbox 684 642 688 650; x_wconf 30' lang='grc'>1</span> <span class='ocrx_word' id='word_1_2' title='bbox 719 555 950 620; x_wconf 79' lang='lat' dir='ltr'><strong>Doc.116.-</strong></span> <span class='ocrx_word' id='word_1_3' title='bbox 973 555 1144 640; x_wconf 71' lang='lat' dir='ltr'><strong>Arc1438.</strong></span> 
     </span>
    </p>
   </div>
   <div class='ocr_carea' id='block_1_2' title="bbox 412 876 976 1088">
    <p class='ocr_par' dir='ltr' id='par_1_2' title="bbox 412 876 976 1088">
     <span class='ocr_line' id='line_1_2' title="bbox 898 876 976 943; baseline -0.077 1"><span class='ocrx_word' id='word_1_4' title='bbox 898 876 976 943; x_wconf 79' lang='lat'>116.</span> 
     </span>
     <span class='ocr_line' id='line_1_3' title="bbox 412 1016 956 1088; baseline -0.002 -21"><span class='ocrx_word' id='word_1_5' title='bbox 412 1017 494 1068; x_wconf 77' lang='lat' dir='ltr'><strong>Anno</strong></span> <span class='ocrx_word' id='word_1_6' title='bbox 515 1018 590 1082; x_wconf 79' lang='lat'><strong>1438,</strong></span> <span class='ocrx_word' id='word_1_7' title='bbox 610 1031 635 1082; x_wconf 78' lang='lat'><strong>4.</strong></span> <span class='ocrx_word' id='word_1_8' title='bbox 654 1016 748 1070; x_wconf 83' lang='lat' dir='ltr'><strong>martii.</strong></span> <span class='ocrx_word' id='word_1_9' title='bbox 766 1016 865 1070; x_wconf 81' lang='lat' dir='ltr'><strong>Budee.</strong></span> <span class='ocrx_word' id='word_1_10' title='bbox 953 1083 956 1088; x_wconf 25' lang='grc' dir='ltr'>Ι</span> 
     </span>
    </p>
   </div>
   <div class='ocr_carea' id='block_1_3' title="bbox 305 1143 1572 1328">
    <p class='ocr_par' dir='ltr' id='par_1_3' title="bbox 305 1143 1572 1328">
     <span class='ocr_line' id='line_1_4' title="bbox 311 1143 1572 1229; baseline 0.002 -28"><span class='ocrx_word' id='word_1_11' title='bbox 311 1143 414 1202; x_wconf 83' lang='lat' dir='ltr'><strong>Coram</strong></span> <span class='ocrx_word' id='word_1_12' title='bbox 436 1144 563 1216; x_wconf 82' lang='lat' dir='ltr'><strong>Alberto,</strong></span> <span class='ocrx_word' id='word_1_13' title='bbox 585 1144 744 1218; x_wconf 81' lang='lat' dir='ltr'><strong>Hungun&#39;e</strong></span> <span class='ocrx_word' id='word_1_14' title='bbox 764 1151 812 1203; x_wconf 81' lang='lat' dir='ltr'><strong>etc.</strong></span> <span class='ocrx_word' id='word_1_15' title='bbox 835 1163 911 1220; x_wconf 80' lang='lat' dir='ltr'><strong>rege,</strong></span> <span class='ocrx_word' id='word_1_16' title='bbox 931 1143 1048 1221; x_wconf 74' lang='lat' dir='ltr'><strong>Jiediccs</strong></span> <span class='ocrx_word' id='word_1_17' title='bbox 1069 1144 1168 1204; x_wconf 80' lang='lat' dir='ltr'><strong>delecti</strong></span> <span class='ocrx_word' id='word_1_18' title='bbox 1187 1144 1223 1203; x_wconf 83' lang='lat' dir='ltr'><strong>de</strong></span> <span class='ocrx_word' id='word_1_19' title='bbox 1244 1145 1363 1229; x_wconf 65' lang='lat' dir='ltr'><strong>injurias</strong></span> <span class='ocrx_word' id='word_1_20' title='bbox 1386 1164 1406 1203; x_wconf 88' lang='lat' dir='ltr'><em>a</em></span> <span class='ocrx_word' id='word_1_21' title='bbox 1434 1145 1572 1204; x_wconf 80' lang='lat' dir='ltr'><strong>Vilhelmo</strong></span> 
     </span>
     <span class='ocr_line' id='line_1_5' title="bbox 305 1250 1569 1328; baseline -0.001 -18"><span class='ocrx_word' id='word_1_22' title='bbox 305 1252 461 1310; x_wconf 80' lang='lat' dir='ltr'><strong>castellano</strong></span> <span class='ocrx_word' id='word_1_23' title='bbox 483 1251 575 1310; x_wconf 68' lang='lat' dir='ltr'><strong>castri</strong></span> <span class='ocrx_word' id='word_1_24' title='bbox 594 1250 723 1310; x_wconf 82' lang='lat' dir='ltr'><strong>Medved</strong></span> <span class='ocrx_word' id='word_1_25' title='bbox 733 1251 828 1327; x_wconf 65' lang='lat' dir='ltr'><strong>sactes</strong></span> <span class='ocrx_word' id='word_1_26' title='bbox 849 1251 950 1310; x_wconf 60' lang='lat' dir='ltr'><strong>debant</strong></span> <span class='ocrx_word' id='word_1_27' title='bbox 968 1251 1144 1324; x_wconf 69' lang='lat' dir='ltr'><strong>sentenciam,</strong></span> <span class='ocrx_word' id='word_1_28' title='bbox 1167 1270 1277 1328; x_wconf 79' lang='lat' dir='ltr'><strong>quaec</strong></span> <span class='ocrx_word' id='word_1_29' title='bbox 1291 1270 1358 1327; x_wconf 82' lang='lat' dir='ltr'><strong>rege</strong></span> <span class='ocrx_word' id='word_1_30' title='bbox 1372 1251 1569 1327; x_wconf 81' lang='lat' dir='ltr'><strong>confimatur.</strong></span> 
     </span>
    </p>
   </div>
   <div class='ocr_carea' id='block_1_4' title="bbox 304 1410 1575 4029">
    <p class='ocr_par' dir='ltr' id='par_1_4' title="bbox 304 1410 1575 4029">
     <span class='ocr_line' id='line_1_6' title="bbox 413 1410 1569 1487; baseline 0.003 -17"><span class='ocrx_word' id='word_1_31' title='bbox 413 1412 478 1471; x_wconf 90' lang='lat' dir='ltr'><strong>Nos</strong></span> <span class='ocrx_word' id='word_1_32' title='bbox 501 1412 651 1471; x_wconf 82' lang='lat' dir='ltr'><strong>Albertus</strong></span> <span class='ocrx_word' id='word_1_33' title='bbox 674 1410 724 1471; x_wconf 89' lang='lat' dir='ltr'><strong>dei</strong></span> <span class='ocrx_word' id='word_1_34' title='bbox 746 1412 850 1486; x_wconf 80' lang='lat' dir='ltr'>gracia</span> <span class='ocrx_word' id='word_1_35' title='bbox 882 1427 939 1470; x_wconf 85' lang='lat' dir='ltr'><strong>rex</strong></span> <span class='ocrx_word' id='word_1_36' title='bbox 961 1411 1130 1487; x_wconf 79' lang='lat' dir='ltr'><strong>Hungarie,</strong></span> <span class='ocrx_word' id='word_1_37' title='bbox 1160 1413 1330 1485; x_wconf 88' lang='lat' dir='ltr'><strong>Dalmacie‚</strong></span> <span class='ocrx_word' id='word_1_38' title='bbox 1361 1413 1490 1474; x_wconf 89' lang='lat' dir='ltr'><strong>Croacie</strong></span> <span class='ocrx_word' id='word_1_39' title='bbox 1512 1418 1569 1474; x_wconf 80' lang='lat' dir='ltr'><strong>etc</strong></span> 
     </span>
     <span class='ocr_line' id='line_1_7' title="bbox 306 1517 1573 1592; baseline 0.001 -15"><span class='ocrx_word' id='word_1_40' title='bbox 306 1519 494 1592; x_wconf 76' lang='lat' dir='ltr'><strong>Austrieque</strong></span> <span class='ocrx_word' id='word_1_41' title='bbox 528 1522 559 1578; x_wconf 91' lang='lat' dir='ltr'><strong>et</strong></span> <span class='ocrx_word' id='word_1_42' title='bbox 592 1517 685 1578; x_wconf 88' lang='lat' dir='ltr'><strong>Stirie</strong></span> <span class='ocrx_word' id='word_1_43' title='bbox 719 1517 799 1592; x_wconf 83' lang='lat' dir='ltr'><strong>dux,</strong></span> <span class='ocrx_word' id='word_1_44' title='bbox 832 1532 951 1577; x_wconf 87' lang='lat' dir='ltr'><strong>necnon</strong></span> <span class='ocrx_word' id='word_1_45' title='bbox 988 1518 1128 1576; x_wconf 89' lang='lat' dir='ltr'><strong>marchio</strong></span> <span class='ocrx_word' id='word_1_46' title='bbox 1161 1519 1301 1578; x_wconf 91' lang='lat' dir='ltr'><strong>Morauie</strong></span> <span class='ocrx_word' id='word_1_47' title='bbox 1333 1524 1389 1578; x_wconf 80' lang='lat' dir='ltr'><strong>etc</strong></span> <span class='ocrx_word' id='word_1_48' title='bbox 1423 1519 1573 1578; x_wconf 89' lang='lat' dir='ltr'><strong>Memorie</strong></span> 
     </span>
     <span class='ocr_line' id='line_1_8' title="bbox 308 1623 1575 1698; baseline -0.001 -15"><span class='ocrx_word' id='word_1_49' title='bbox 308 1623 565 1683; x_wconf 87' lang='lat' dir='ltr'><strong>commendamus</strong></span> <span class='ocrx_word' id='word_1_50' title='bbox 589 1639 646 1698; x_wconf 94' lang='lat' dir='ltr'><strong>per</strong></span> <span class='ocrx_word' id='word_1_51' title='bbox 667 1630 836 1698; x_wconf 82' lang='lat' dir='ltr'><strong>presentes,</strong></span> <span class='ocrx_word' id='word_1_52' title='bbox 872 1623 955 1698; x_wconf 92' lang='lat' dir='ltr'><strong>quod</strong></span> <span class='ocrx_word' id='word_1_53' title='bbox 992 1639 1064 1685; x_wconf 90' lang='lat' dir='ltr'><strong>cum</strong></span> <span class='ocrx_word' id='word_1_54' title='bbox 1088 1623 1206 1684; x_wconf 52' lang='lat' dir='ltr'><strong>fideles*</strong></span> <span class='ocrx_word' id='word_1_55' title='bbox 1235 1625 1333 1684; x_wconf 83' lang='lat' dir='ltr'><strong>nostri</strong></span> <span class='ocrx_word' id='word_1_56' title='bbox 1363 1623 1496 1684; x_wconf 81' lang='lat' dir='ltr'><strong>illustris</strong></span> <span class='ocrx_word' id='word_1_57' title='bbox 1518 1625 1575 1683; x_wconf 92' lang='lat' dir='ltr'><strong>Vl·</strong></span> 
     </span>
     <span class='ocr_line' id='line_1_9' title="bbox 305 1728 1573 1806; baseline -0.001 -17"><span class='ocrx_word' id='word_1_58' title='bbox 305 1730 388 1790; x_wconf 90' lang='lat' dir='ltr'><strong>ricns</strong></span> <span class='ocrx_word' id='word_1_59' title='bbox 411 1729 500 1802; x_wconf 90' lang='lat' dir='ltr'><strong>Cilie,</strong></span> <span class='ocrx_word' id='word_1_60' title='bbox 535 1728 757 1802; x_wconf 80' lang='lat' dir='ltr'><strong>Ortumburge,</strong></span> <span class='ocrx_word' id='word_1_61' title='bbox 791 1729 983 1804; x_wconf 78' lang='lat' dir='ltr'><strong>Zagorieque</strong></span> <span class='ocrx_word' id='word_1_62' title='bbox 1016 1733 1071 1789; x_wconf 84' lang='lat' dir='ltr'><strong>etc.</strong></span> <span class='ocrx_word' id='word_1_63' title='bbox 1095 1745 1209 1804; x_wconf 88' lang='lat' dir='ltr'><strong>comes,</strong></span> <span class='ocrx_word' id='word_1_64' title='bbox 1233 1731 1447 1806; x_wconf 86' lang='lat' dir='ltr'><strong>personaliter,</strong></span> <span class='ocrx_word' id='word_1_65' title='bbox 1478 1745 1573 1790; x_wconf 88' lang='lat' dir='ltr'><strong>onera</strong></span> 
     </span>
     <span class='ocr_line' id='line_1_10' title="bbox 306 1834 1573 1909; baseline 0 -15"><span class='ocrx_word' id='word_1_66' title='bbox 306 1840 337 1894; x_wconf 91' lang='lat' dir='ltr'><strong>et</strong></span> <span class='ocrx_word' id='word_1_67' title='bbox 359 1835 542 1909; x_wconf 79' lang='lat' dir='ltr'><strong>gravamina</strong></span> <span class='ocrx_word' id='word_1_68' title='bbox 576 1834 721 1894; x_wconf 90' lang='lat' dir='ltr'><strong>similiter</strong></span> <span class='ocrx_word' id='word_1_69' title='bbox 754 1835 886 1894; x_wconf 85' lang='lat' dir='ltr'><strong>illustris</strong></span> <span class='ocrx_word' id='word_1_70' title='bbox 921 1835 1070 1895; x_wconf 88' lang='lat' dir='ltr'><strong>Friderici</strong></span> <span class='ocrx_word' id='word_1_71' title='bbox 1106 1835 1290 1896; x_wconf 89' lang='lat' dir='ltr'><strong>eorumdem</strong></span> <span class='ocrx_word' id='word_1_72' title='bbox 1324 1835 1412 1908; x_wconf 92' lang='lat' dir='ltr'><strong>Cilie,</strong></span> <span class='ocrx_word' id='word_1_73' title='bbox 1447 1836 1573 1895; x_wconf 91' lang='lat' dir='ltr'><strong>Ortum·</strong></span> 
     </span>
     <span class='ocr_line' id='line_1_11' title="bbox 306 1940 1573 2016; baseline 0 -16"><span class='ocrx_word' id='word_1_74' title='bbox 306 1941 416 2015; x_wconf 81' lang='lat' dir='ltr'><strong>burge,</strong></span> <span class='ocrx_word' id='word_1_75' title='bbox 450 1940 641 2016; x_wconf 80' lang='lat' dir='ltr'><strong>Zagorieque</strong></span> <span class='ocrx_word' id='word_1_76' title='bbox 663 1947 718 2001; x_wconf 86' lang='lat' dir='ltr'><strong>etc</strong></span> <span class='ocrx_word' id='word_1_77' title='bbox 743 1942 874 2014; x_wconf 88' lang='lat' dir='ltr'><strong>comitis,</strong></span> <span class='ocrx_word' id='word_1_78' title='bbox 908 1941 1007 2015; x_wconf 85' lang='lat' dir='ltr'><strong>patris</strong></span> <span class='ocrx_word' id='word_1_79' title='bbox 1040 1941 1098 2014; x_wconf 88' lang='lat' dir='ltr'><strong>sui,</strong></span> <span class='ocrx_word' id='word_1_80' title='bbox 1132 1957 1169 2000; x_wconf 91' lang='lat' dir='ltr'><strong>ac</strong></span> <span class='ocrx_word' id='word_1_81' title='bbox 1191 1943 1331 2001; x_wconf 90' lang='lat' dir='ltr'><strong>omnium</strong></span> <span class='ocrx_word' id='word_1_82' title='bbox 1369 1940 1573 2000; x_wconf 82' lang='lat' dir='ltr'><strong>familiarium</strong></span> 
     </span>
     <span class='ocr_line' id='line_1_12' title="bbox 305 2047 1572 2124; baseline 0 -18"><span class='ocrx_word' id='word_1_83' title='bbox 305 2051 336 2106; x_wconf 92' lang='lat' dir='ltr'><strong>et</strong></span> <span class='ocrx_word' id='word_1_84' title='bbox 368 2047 532 2106; x_wconf 89' lang='lat' dir='ltr'><strong>hominum</strong></span> <span class='ocrx_word' id='word_1_85' title='bbox 565 2062 694 2107; x_wconf 92' lang='lat' dir='ltr'><strong>suorum</strong></span> <span class='ocrx_word' id='word_1_86' title='bbox 727 2062 764 2107; x_wconf 90' lang='lat' dir='ltr'><strong>ac</strong></span> <span class='ocrx_word' id='word_1_87' title='bbox 795 2047 835 2106; x_wconf 93' lang='lat' dir='ltr'><strong>ad</strong></span> <span class='ocrx_word' id='word_1_88' title='bbox 872 2048 957 2122; x_wconf 86' lang='lat' dir='ltr'><strong>ipsos</strong></span> <span class='ocrx_word' id='word_1_89' title='bbox 991 2049 1121 2106; x_wconf 86' lang='lat' dir='ltr'><strong>comites</strong></span> <span class='ocrx_word' id='word_1_90' title='bbox 1158 2048 1392 2124; x_wconf 86' lang='lat' dir='ltr'><strong>pertinencium,</strong></span> <span class='ocrx_word' id='word_1_91' title='bbox 1427 2052 1572 2106; x_wconf 86' lang='lat' dir='ltr'><strong>notanter</strong></span> 
     </span>
     <span class='ocr_line' id='line_1_13' title="bbox 305 2152 1575 2229; baseline 0 -17"><span class='ocrx_word' id='word_1_92' title='bbox 305 2152 469 2226; x_wconf 88' lang='lat' dir='ltr'><strong>Vylhelmi</strong></span> <span class='ocrx_word' id='word_1_93' title='bbox 502 2154 661 2227; x_wconf 90' lang='lat' dir='ltr'><strong>capetanei</strong></span> <span class='ocrx_word' id='word_1_94' title='bbox 699 2169 753 2212; x_wconf 91' lang='lat' dir='ltr'><strong>seu</strong></span> <span class='ocrx_word' id='word_1_95' title='bbox 792 2153 953 2212; x_wconf 88' lang='lat' dir='ltr'><strong>castellani</strong></span> <span class='ocrx_word' id='word_1_96' title='bbox 986 2154 1079 2212; x_wconf 82' lang='lat' dir='ltr'><strong>castri</strong></span> <span class='ocrx_word' id='word_1_97' title='bbox 1119 2153 1168 2213; x_wconf 88' lang='lat' dir='ltr'><strong>sui</strong></span> <span class='ocrx_word' id='word_1_98' title='bbox 1207 2153 1328 2212; x_wconf 85' lang='lat' dir='ltr'><strong>Medwe</strong></span> <span class='ocrx_word' id='word_1_99' title='bbox 1357 2154 1511 2229; x_wconf 89' lang='lat' dir='ltr'><strong>appellati</strong></span> <span class='ocrx_word' id='word_1_100' title='bbox 1543 2159 1575 2212; x_wconf 91' lang='lat' dir='ltr'><strong>et</strong></span> 
     </span>
     <span class='ocr_line' id='line_1_14' title="bbox 305 2258 1573 2334; baseline 0 -17"><span class='ocrx_word' id='word_1_101' title='bbox 305 2258 451 2318; x_wconf 86' lang='lat' dir='ltr'><strong>similiter</strong></span> <span class='ocrx_word' id='word_1_102' title='bbox 472 2258 513 2318; x_wconf 90' lang='lat' dir='ltr'><strong>ad</strong></span> <span class='ocrx_word' id='word_1_103' title='bbox 536 2259 670 2318; x_wconf 91' lang='lat' dir='ltr'><strong>eundem</strong></span> <span class='ocrx_word' id='word_1_104' title='bbox 706 2260 932 2334; x_wconf 87' lang='lat' dir='ltr'><strong>pertinencium</strong></span> <span class='ocrx_word' id='word_1_105' title='bbox 963 2274 1122 2333; x_wconf 73' lang='lat' dir='ltr'><strong>superse</strong></span> <span class='ocrx_word' id='word_1_106' title='bbox 1152 2258 1405 2333; x_wconf 87' lang='lat' dir='ltr'><strong>assumpmeudo,</strong></span> <span class='ocrx_word' id='word_1_107' title='bbox 1439 2260 1480 2317; x_wconf 88' lang='lat' dir='ltr'><strong>ab</strong></span> <span class='ocrx_word' id='word_1_108' title='bbox 1503 2274 1573 2332; x_wconf 90' lang='lat' dir='ltr'><strong>una,</strong></span> 
     </span>
     <span class='ocr_line' id='line_1_15' title="bbox 305 2361 1573 2440; baseline 0 -18"><span class='ocrx_word' id='word_1_109' title='bbox 305 2363 380 2422; x_wconf 90' lang='lat' dir='ltr'><strong>item</strong></span> <span class='ocrx_word' id='word_1_110' title='bbox 403 2363 531 2438; x_wconf 86' lang='lat' dir='ltr'><strong>providi</strong></span> <span class='ocrx_word' id='word_1_111' title='bbox 564 2370 595 2424; x_wconf 91' lang='lat' dir='ltr'><strong>et</strong></span> <span class='ocrx_word' id='word_1_112' title='bbox 624 2365 842 2440; x_wconf 88' lang='lat' dir='ltr'><strong>circumspecti</strong></span> <span class='ocrx_word' id='word_1_113' title='bbox 875 2364 937 2422; x_wconf 88' lang='lat' dir='ltr'><strong>viri</strong></span> <span class='ocrx_word' id='word_1_114' title='bbox 960 2363 1077 2435; x_wconf 90' lang='lat' dir='ltr'><strong>Petrus,</strong></span> <span class='ocrx_word' id='word_1_115' title='bbox 1112 2363 1190 2421; x_wconf 88' lang='lat' dir='ltr'><strong>alias</strong></span> <span class='ocrx_word' id='word_1_116' title='bbox 1213 2362 1307 2422; x_wconf 84' lang='lat' dir='ltr'><strong>iudex</strong></span> <span class='ocrx_word' id='word_1_117' title='bbox 1329 2368 1360 2422; x_wconf 89' lang='lat' dir='ltr'><strong>et</strong></span> <span class='ocrx_word' id='word_1_118' title='bbox 1382 2363 1503 2422; x_wconf 77' lang='lat' dir='ltr'><strong>blasius</strong></span> <span class='ocrx_word' id='word_1_119' title='bbox 1525 2361 1573 2440; x_wconf 88' lang='lat' dir='ltr'><strong>ju·</strong></span> 
     </span>
     <span class='ocr_line' id='line_1_16' title="bbox 305 2467 1574 2543; baseline -0.002 -14"><span class='ocrx_word' id='word_1_120' title='bbox 305 2474 401 2542; x_wconf 88' lang='lat' dir='ltr'><strong>ratus,</strong></span> <span class='ocrx_word' id='word_1_121' title='bbox 425 2471 510 2529; x_wconf 84' lang='lat' dir='ltr'><strong>cives</strong></span> <span class='ocrx_word' id='word_1_122' title='bbox 533 2471 667 2530; x_wconf 87' lang='lat' dir='ltr'><strong>civitatis</strong></span> <span class='ocrx_word' id='word_1_123' title='bbox 697 2476 801 2530; x_wconf 91' lang='lat' dir='ltr'><strong>nostre</strong></span> <span class='ocrx_word' id='word_1_124' title='bbox 831 2469 1000 2529; x_wconf 90' lang='lat' dir='ltr'><strong>maiestatis</strong></span> <span class='ocrx_word' id='word_1_125' title='bbox 1031 2469 1146 2528; x_wconf 93' lang='lat' dir='ltr'><strong>montis</strong></span> <span class='ocrx_word' id='word_1_126' title='bbox 1169 2467 1331 2528; x_wconf 90' lang='lat' dir='ltr'><strong>Grecensis</strong></span> <span class='ocrx_word' id='word_1_127' title='bbox 1354 2469 1392 2528; x_wconf 92' lang='lat' dir='ltr'><strong>de</strong></span> <span class='ocrx_word' id='word_1_128' title='bbox 1423 2469 1574 2543; x_wconf 79' lang='lat' dir='ltr'><strong>Zagrabia</strong></span> 
     </span>
     <span class='ocr_line' id='line_1_17' title="bbox 306 2575 1574 2651; baseline -0.002 -17"><span class='ocrx_word' id='word_1_129' title='bbox 306 2576 514 2650; x_wconf 86' lang='lat' dir='ltr'><strong>personaliter</strong></span> <span class='ocrx_word' id='word_1_130' title='bbox 547 2592 606 2651; x_wconf 93' lang='lat' dir='ltr'><strong>pro</strong></span> <span class='ocrx_word' id='word_1_131' title='bbox 629 2593 662 2635; x_wconf 92' lang='lat' dir='ltr'><strong>se</strong></span> <span class='ocrx_word' id='word_1_132' title='bbox 684 2581 715 2635; x_wconf 90' lang='lat' dir='ltr'><strong>et</strong></span> <span class='ocrx_word' id='word_1_133' title='bbox 738 2592 796 2650; x_wconf 92' lang='lat' dir='ltr'><strong>pro</strong></span> <span class='ocrx_word' id='word_1_134' title='bbox 827 2579 893 2634; x_wconf 88' lang='lat' dir='ltr'><strong>tota</strong></span> <span class='ocrx_word' id='word_1_135' title='bbox 924 2576 1147 2634; x_wconf 87' lang='lat' dir='ltr'><strong>communitate</strong></span> <span class='ocrx_word' id='word_1_136' title='bbox 1176 2575 1294 2634; x_wconf 88' lang='lat' dir='ltr'><strong>civium</strong></span> <span class='ocrx_word' id='word_1_137' title='bbox 1327 2576 1461 2634; x_wconf 84' lang='lat' dir='ltr'><strong>civitatis</strong></span> <span class='ocrx_word' id='word_1_138' title='bbox 1495 2575 1574 2634; x_wconf 89' lang='lat' dir='ltr'><strong>eius·</strong></span> 
     </span>
     <span class='ocr_line' id='line_1_18' title="bbox 305 2681 1573 2756; baseline 0.001 -17"><span class='ocrx_word' id='word_1_139' title='bbox 305 2681 474 2740; x_wconf 87' lang='lat' dir='ltr'><strong>demeum</strong></span> <span class='ocrx_word' id='word_1_140' title='bbox 507 2683 729 2756; x_wconf 91' lang='lat' dir='ltr'><strong>procuratoriis</strong></span> <span class='ocrx_word' id='word_1_141' title='bbox 758 2682 870 2741; x_wconf 88' lang='lat' dir='ltr'><strong>litteris</strong></span> <span class='ocrx_word' id='word_1_142' title='bbox 900 2681 1039 2740; x_wconf 90' lang='lat' dir='ltr'><strong>eiusdem</strong></span> <span class='ocrx_word' id='word_1_143' title='bbox 1073 2681 1207 2739; x_wconf 81' lang='lat' dir='ltr'><strong>civitatis</strong></span> <span class='ocrx_word' id='word_1_144' title='bbox 1237 2682 1279 2738; x_wconf 94' lang='lat' dir='ltr'><strong>ab</strong></span> <span class='ocrx_word' id='word_1_145' title='bbox 1301 2681 1400 2740; x_wconf 90' lang='lat' dir='ltr'><strong>altera</strong></span> <span class='ocrx_word' id='word_1_146' title='bbox 1422 2681 1573 2756; x_wconf 87' lang='lat' dir='ltr'><strong>partibus,</strong></span> 
     </span>
     <span class='ocr_line' id='line_1_19' title="bbox 305 2787 1574 2860; baseline 0 -14"><span class='ocrx_word' id='word_1_147' title='bbox 305 2803 410 2847; x_wconf 91' lang='lat' dir='ltr'><strong>coram</strong></span> <span class='ocrx_word' id='word_1_148' title='bbox 432 2789 523 2846; x_wconf 91' lang='lat' dir='ltr'><strong>nobis</strong></span> <span class='ocrx_word' id='word_1_149' title='bbox 546 2789 704 2847; x_wconf 91' lang='lat' dir='ltr'><strong>constituti</strong></span> <span class='ocrx_word' id='word_1_150' title='bbox 727 2788 766 2846; x_wconf 91' lang='lat' dir='ltr'><strong>de</strong></span> <span class='ocrx_word' id='word_1_151' title='bbox 799 2793 904 2846; x_wconf 87' lang='lat' dir='ltr'><strong>nostre</strong></span> <span class='ocrx_word' id='word_1_152' title='bbox 934 2787 1103 2846; x_wconf 89' lang='lat' dir='ltr'><strong>maiestatis</strong></span> <span class='ocrx_word' id='word_1_153' title='bbox 1137 2787 1266 2860; x_wconf 88' lang='lat' dir='ltr'><strong>speciali</strong></span> <span class='ocrx_word' id='word_1_154' title='bbox 1300 2787 1518 2846; x_wconf 89' lang='lat' dir='ltr'><strong>commissione</strong></span> <span class='ocrx_word' id='word_1_155' title='bbox 1544 2793 1574 2846; x_wconf 89' lang='lat' dir='ltr'><strong>et</strong></span> 
     </span>
     <span class='ocr_line' id='line_1_20' title="bbox 304 2892 1571 2970; baseline 0 -17"><span class='ocrx_word' id='word_1_156' title='bbox 304 2895 443 2968; x_wconf 90' lang='lat' dir='ltr'><strong>licencia,</strong></span> <span class='ocrx_word' id='word_1_157' title='bbox 465 2895 722 2970; x_wconf 90' lang='lat' dir='ltr'><strong>prelatorumque</strong></span> <span class='ocrx_word' id='word_1_158' title='bbox 752 2901 783 2952; x_wconf 88' lang='lat' dir='ltr'><strong>et</strong></span> <span class='ocrx_word' id='word_1_159' title='bbox 804 2894 959 2953; x_wconf 88' lang='lat' dir='ltr'><strong>baronum</strong></span> <span class='ocrx_word' id='word_1_160' title='bbox 988 2898 1166 2952; x_wconf 89' lang='lat' dir='ltr'><strong>nostrorum</strong></span> <span class='ocrx_word' id='word_1_161' title='bbox 1188 2892 1409 2952; x_wconf 83' lang='lat' dir='ltr'><strong>interveniente</strong></span> <span class='ocrx_word' id='word_1_162' title='bbox 1432 2894 1571 2967; x_wconf 91' lang='lat' dir='ltr'><strong>consilio,</strong></span> 
     </span>
     <span class='ocr_line' id='line_1_21' title="bbox 304 2999 1575 3075; baseline 0 -17"><span class='ocrx_word' id='word_1_163' title='bbox 304 3001 449 3059; x_wconf 87' lang='lat' dir='ltr'><strong>universa</strong></span> <span class='ocrx_word' id='word_1_164' title='bbox 475 3006 506 3060; x_wconf 91' lang='lat' dir='ltr'><strong>et</strong></span> <span class='ocrx_word' id='word_1_165' title='bbox 529 3001 638 3075; x_wconf 86' lang='lat' dir='ltr'><strong>quevis</strong></span> <span class='ocrx_word' id='word_1_166' title='bbox 669 2999 759 3074; x_wconf 84' lang='lat' dir='ltr'><strong>facta,</strong></span> <span class='ocrx_word' id='word_1_167' title='bbox 788 3014 907 3060; x_wconf 89' lang='lat' dir='ltr'><strong>necnon</strong></span> <span class='ocrx_word' id='word_1_168' title='bbox 942 2999 1156 3057; x_wconf 90' lang='lat' dir='ltr'><strong>contenciones</strong></span> <span class='ocrx_word' id='word_1_169' title='bbox 1179 3003 1210 3056; x_wconf 89' lang='lat' dir='ltr'><strong>et</strong></span> <span class='ocrx_word' id='word_1_170' title='bbox 1235 2999 1462 3058; x_wconf 87' lang='lat' dir='ltr'><strong>controversias</strong></span> <span class='ocrx_word' id='word_1_171' title='bbox 1495 3000 1575 3058; x_wconf 91' lang='lat' dir='ltr'><strong>inter</strong></span> 
     </span>
     <span class='ocr_line' id='line_1_22' title="bbox 304 3104 1574 3180; baseline 0 -17"><span class='ocrx_word' id='word_1_172' title='bbox 304 3105 390 3179; x_wconf 90' lang='lat' dir='ltr'><strong>ipsos</strong></span> <span class='ocrx_word' id='word_1_173' title='bbox 420 3121 519 3179; x_wconf 91' lang='lat' dir='ltr'><strong>usque</strong></span> <span class='ocrx_word' id='word_1_174' title='bbox 553 3105 649 3164; x_wconf 89' lang='lat' dir='ltr'><strong>modo</strong></span> <span class='ocrx_word' id='word_1_175' title='bbox 685 3106 955 3180; x_wconf 89' lang='lat' dir='ltr'><strong>qualitercumque</strong></span> <span class='ocrx_word' id='word_1_176' title='bbox 985 3109 1071 3162; x_wconf 92' lang='lat' dir='ltr'><strong>mota</strong></span> <span class='ocrx_word' id='word_1_177' title='bbox 1101 3119 1138 3162; x_wconf 91' lang='lat' dir='ltr'><strong>ac</strong></span> <span class='ocrx_word' id='word_1_178' title='bbox 1172 3104 1316 3162; x_wconf 87' lang='lat' dir='ltr'><strong>subortas</strong></span> <span class='ocrx_word' id='word_1_179' title='bbox 1350 3109 1381 3162; x_wconf 88' lang='lat' dir='ltr'><strong>et</strong></span> <span class='ocrx_word' id='word_1_180' title='bbox 1413 3105 1574 3164; x_wconf 90' lang='lat' dir='ltr'><strong>suscitatas</strong></span> 
     </span>
     <span class='ocr_line' id='line_1_23' title="bbox 304 3210 1572 3286; baseline -0.001 -16"><span class='ocrx_word' id='word_1_181' title='bbox 304 3216 514 3286; x_wconf 84' lang='lat' dir='ltr'><strong>pretextuque</strong></span> <span class='ocrx_word' id='word_1_182' title='bbox 537 3226 672 3284; x_wconf 91' lang='lat' dir='ltr'><strong>quorum</strong></span> <span class='ocrx_word' id='word_1_183' title='bbox 696 3219 727 3270; x_wconf 88' lang='lat' dir='ltr'><strong>et</strong></span> <span class='ocrx_word' id='word_1_184' title='bbox 750 3227 884 3286; x_wconf 88' lang='lat' dir='ltr'><strong>quarum</strong></span> <span class='ocrx_word' id='word_1_185' title='bbox 909 3210 1018 3270; x_wconf 89' lang='lat' dir='ltr'><strong>eedem</strong></span> <span class='ocrx_word' id='word_1_186' title='bbox 1033 3216 1138 3284; x_wconf 91' lang='lat' dir='ltr'><strong>partes</strong></span> <span class='ocrx_word' id='word_1_187' title='bbox 1161 3225 1242 3268; x_wconf 91' lang='lat' dir='ltr'><strong>nunc</strong></span> <span class='ocrx_word' id='word_1_188' title='bbox 1264 3224 1371 3268; x_wconf 90' lang='lat' dir='ltr'><strong>coram</strong></span> <span class='ocrx_word' id='word_1_189' title='bbox 1394 3211 1485 3268; x_wconf 89' lang='lat' dir='ltr'><strong>nobis</strong></span> <span class='ocrx_word' id='word_1_190' title='bbox 1508 3211 1572 3270; x_wconf 91' lang='lat' dir='ltr'><strong>litis</strong></span> 
     </span>
     <span class='ocr_line' id='line_1_24' title="bbox 310 3313 1575 3392; baseline 0.001 -18"><span class='ocrx_word' id='word_1_191' title='bbox 310 3322 341 3375; x_wconf 90' lang='lat' dir='ltr'><strong>et</strong></span> <span class='ocrx_word' id='word_1_192' title='bbox 359 3317 529 3392; x_wconf 86' lang='lat' dir='ltr'><strong>questionis</strong></span> <span class='ocrx_word' id='word_1_193' title='bbox 555 3318 702 3377; x_wconf 83' lang='lat' dir='ltr'><strong>materias</strong></span> <span class='ocrx_word' id='word_1_194' title='bbox 717 3325 823 3377; x_wconf 89' lang='lat' dir='ltr'><strong>contra</strong></span> <span class='ocrx_word' id='word_1_195' title='bbox 845 3333 912 3378; x_wconf 90' lang='lat' dir='ltr'><strong>sese</strong></span> <span class='ocrx_word' id='word_1_196' title='bbox 927 3332 1056 3376; x_wconf 88' lang='lat' dir='ltr'><strong>movere</strong></span> <span class='ocrx_word' id='word_1_197' title='bbox 1074 3315 1309 3391; x_wconf 89' lang='lat' dir='ltr'><strong>pretendissent,</strong></span> <span class='ocrx_word' id='word_1_198' title='bbox 1331 3313 1455 3391; x_wconf 77' lang='lat' dir='ltr'><strong>judicio,</strong></span> <span class='ocrx_word' id='word_1_199' title='bbox 1470 3315 1575 3391; x_wconf 91' lang='lat' dir='ltr'><strong>dispo-</strong></span> 
     </span>
     <span class='ocr_line' id='line_1_25' title="bbox 306 3421 1572 3496; baseline 0.001 -16"><span class='ocrx_word' id='word_1_200' title='bbox 306 3422 425 3492; x_wconf 90' lang='lat' dir='ltr'><strong>sicioni,</strong></span> <span class='ocrx_word' id='word_1_201' title='bbox 449 3421 671 3482; x_wconf 89' lang='lat' dir='ltr'><strong>deliberacioni</strong></span> <span class='ocrx_word' id='word_1_202' title='bbox 692 3428 723 3482; x_wconf 91' lang='lat' dir='ltr'><strong>et</strong></span> <span class='ocrx_word' id='word_1_203' title='bbox 745 3423 875 3482; x_wconf 90' lang='lat' dir='ltr'><strong>arbitrio</strong></span> <span class='ocrx_word' id='word_1_204' title='bbox 898 3422 1041 3484; x_wconf 89' lang='lat' dir='ltr'><strong>fidelium</strong></span> <span class='ocrx_word' id='word_1_205' title='bbox 1064 3430 1243 3482; x_wconf 87' lang='lat' dir='ltr'><strong>nostrorum</strong></span> <span class='ocrx_word' id='word_1_206' title='bbox 1259 3421 1498 3496; x_wconf 83' lang='lat' dir='ltr'><strong>magnificorum</strong></span> <span class='ocrx_word' id='word_1_207' title='bbox 1514 3423 1572 3481; x_wconf 90' lang='lat' dir='ltr'><strong>La·</strong></span> 
     </span>
     <span class='ocr_line' id='line_1_26' title="bbox 306 3523 1574 3605; baseline 0.001 -18"><span class='ocrx_word' id='word_1_208' title='bbox 306 3523 408 3594; x_wconf 80' lang='lat' dir='ltr'><strong>dislai,</strong></span> <span class='ocrx_word' id='word_1_209' title='bbox 423 3527 484 3588; x_wconf 84' lang='lat' dir='ltr'><strong>filii</strong></span> <span class='ocrx_word' id='word_1_210' title='bbox 507 3528 638 3604; x_wconf 89' lang='lat' dir='ltr'><strong>palatini</strong></span> <span class='ocrx_word' id='word_1_211' title='bbox 661 3529 700 3586; x_wconf 91' lang='lat' dir='ltr'><strong>de</strong></span> <span class='ocrx_word' id='word_1_212' title='bbox 722 3528 815 3602; x_wconf 88' lang='lat' dir='ltr'><strong>Gara,</strong></span> <span class='ocrx_word' id='word_1_213' title='bbox 838 3529 1074 3602; x_wconf 91' lang='lat' dir='ltr'><strong>machouiensis,</strong></span> <span class='ocrx_word' id='word_1_214' title='bbox 1097 3535 1127 3588; x_wconf 89' lang='lat' dir='ltr'><strong>et</strong></span> <span class='ocrx_word' id='word_1_215' title='bbox 1144 3529 1319 3588; x_wconf 88' lang='lat' dir='ltr'><strong>Mathlrouis</strong></span> <span class='ocrx_word' id='word_1_216' title='bbox 1342 3528 1381 3587; x_wconf 91' lang='lat' dir='ltr'><strong>de</strong></span> <span class='ocrx_word' id='word_1_217' title='bbox 1404 3529 1574 3605; x_wconf 87' lang='lat' dir='ltr'><strong>Tallowcz,</strong></span> 
     </span>
     <span class='ocr_line' id='line_1_27' title="bbox 305 3633 1573 3710; baseline 0.001 -17"><span class='ocrx_word' id='word_1_218' title='bbox 305 3634 469 3694; x_wconf 86' lang='lat' dir='ltr'><strong>Dalmacie</strong></span> <span class='ocrx_word' id='word_1_219' title='bbox 490 3641 521 3693; x_wconf 94' lang='lat' dir='ltr'><strong>et</strong></span> <span class='ocrx_word' id='word_1_220' title='bbox 544 3633 671 3694; x_wconf 91' lang='lat' dir='ltr'><strong>Croacie</strong></span> <span class='ocrx_word' id='word_1_221' title='bbox 694 3635 916 3710; x_wconf 88' lang='lat' dir='ltr'><strong>predictorum,</strong></span> <span class='ocrx_word' id='word_1_222' title='bbox 950 3636 1111 3710; x_wconf 88' lang='lat' dir='ltr'><strong>tociusque</strong></span> <span class='ocrx_word' id='word_1_223' title='bbox 1132 3633 1296 3694; x_wconf 89' lang='lat' dir='ltr'><strong>Sclauonie</strong></span> <span class='ocrx_word' id='word_1_224' title='bbox 1326 3650 1495 3710; x_wconf 80' lang='lat' dir='ltr'><strong>regnorum</strong></span> <span class='ocrx_word' id='word_1_225' title='bbox 1518 3651 1573 3694; x_wconf 91' lang='lat' dir='ltr'><strong>no·</strong></span> 
     </span>
     <span class='ocr_line' id='line_1_28' title="bbox 307 3740 1574 3816; baseline -0.001 -16"><span class='ocrx_word' id='word_1_226' title='bbox 307 3747 444 3800; x_wconf 88' lang='lat' dir='ltr'><strong>strorum</strong></span> <span class='ocrx_word' id='word_1_227' title='bbox 468 3741 631 3813; x_wconf 91' lang='lat' dir='ltr'><strong>banorum,</strong></span> <span class='ocrx_word' id='word_1_228' title='bbox 665 3741 804 3816; x_wconf 88' lang='lat' dir='ltr'><strong>plenarie</strong></span> <span class='ocrx_word' id='word_1_229' title='bbox 837 3742 1053 3801; x_wconf 87' lang='lat' dir='ltr'><strong>submisissent</strong></span> <span class='ocrx_word' id='word_1_230' title='bbox 1076 3757 1182 3802; x_wconf 88' lang='lat' dir='ltr'><strong>coram</strong></span> <span class='ocrx_word' id='word_1_231' title='bbox 1205 3742 1296 3801; x_wconf 89' lang='lat' dir='ltr'><strong>nobis</strong></span> <span class='ocrx_word' id='word_1_232' title='bbox 1319 3743 1375 3801; x_wconf 89' lang='lat' dir='ltr'><strong>tali</strong></span> <span class='ocrx_word' id='word_1_233' title='bbox 1397 3740 1507 3800; x_wconf 90' lang='lat' dir='ltr'><strong>modo:</strong></span> <span class='ocrx_word' id='word_1_234' title='bbox 1540 3747 1574 3800; x_wconf 91' lang='lat' dir='ltr'><strong>ut</strong></span> 
     </span>
     <span class='ocr_line' id='line_1_29' title="bbox 307 3845 1572 3924; baseline 0 -18"><span class='ocrx_word' id='word_1_235' title='bbox 307 3845 461 3922; x_wconf 93' lang='lat' dir='ltr'><strong>quidquid</strong></span> <span class='ocrx_word' id='word_1_236' title='bbox 483 3846 579 3906; x_wconf 91' lang='lat' dir='ltr'><strong>iidem</strong></span> <span class='ocrx_word' id='word_1_237' title='bbox 603 3847 677 3906; x_wconf 89' lang='lat' dir='ltr'><strong>bani</strong></span> <span class='ocrx_word' id='word_1_238' title='bbox 699 3847 797 3906; x_wconf 89' lang='lat' dir='ltr'><strong>nostri</strong></span> <span class='ocrx_word' id='word_1_239' title='bbox 820 3848 933 3908; x_wconf 90' lang='lat' dir='ltr'><strong>auditis</strong></span> <span class='ocrx_word' id='word_1_240' title='bbox 956 3849 1098 3924; x_wconf 91' lang='lat' dir='ltr'><strong>parcium</strong></span> <span class='ocrx_word' id='word_1_241' title='bbox 1133 3847 1346 3923; x_wconf 90' lang='lat' dir='ltr'><strong>predictarum</strong></span> <span class='ocrx_word' id='word_1_242' title='bbox 1378 3848 1572 3922; x_wconf 90' lang='lat' dir='ltr'><strong>proposicio-</strong></span> 
     </span>
     <span class='ocr_line' id='line_1_30' title="bbox 306 3954 1573 4029; baseline 0.001 -17"><span class='ocrx_word' id='word_1_243' title='bbox 306 3954 408 4026; x_wconf 92' lang='lat' dir='ltr'><strong>nibus,</strong></span> <span class='ocrx_word' id='word_1_244' title='bbox 443 3954 654 4028; x_wconf 88' lang='lat' dir='ltr'><strong>querimoniis,</strong></span> <span class='ocrx_word' id='word_1_245' title='bbox 690 3954 961 4029; x_wconf 89' lang='lat' dir='ltr'><strong>responsionibus,</strong></span> <span class='ocrx_word' id='word_1_246' title='bbox 996 3954 1241 4028; x_wconf 83' lang='lat' dir='ltr'><strong>allegacionibus</strong></span> <span class='ocrx_word' id='word_1_247' title='bbox 1272 3959 1303 4012; x_wconf 90' lang='lat' dir='ltr'><strong>et</strong></span> <span class='ocrx_word' id='word_1_248' title='bbox 1332 3954 1573 4027; x_wconf 89' lang='lat' dir='ltr'><strong>obieccionibus,</strong></span> 
     </span>
    </p>
   </div>
   <div class='ocr_carea' id='block_1_5' title="bbox 208 4059 1571 4140">
    <p class='ocr_par' dir='ltr' id='par_1_5' title="bbox 208 4059 1571 4140">
     <span class='ocr_line' id='line_1_31' title="bbox 208 4059 1571 4140; baseline 0 -22"><span class='ocrx_word' id='word_1_249' title='bbox 208 4133 211 4140; x_wconf 91' lang='lat'>.</span> <span class='ocrx_word' id='word_1_250' title='bbox 305 4059 484 4133; x_wconf 89' lang='lat' dir='ltr'><strong>habitisque</strong></span> <span class='ocrx_word' id='word_1_251' title='bbox 509 4060 752 4134; x_wconf 89' lang='lat' dir='ltr'><strong>probacionibus</strong></span> <span class='ocrx_word' id='word_1_252' title='bbox 774 4067 804 4120; x_wconf 90' lang='lat' dir='ltr'><strong>et</strong></span> <span class='ocrx_word' id='word_1_253' title='bbox 827 4061 989 4135; x_wconf 84' lang='lat' dir='ltr'><strong>legittimis</strong></span> <span class='ocrx_word' id='word_1_254' title='bbox 1006 4059 1200 4119; x_wconf 87' lang='lat' dir='ltr'><strong>documentis</strong></span> <span class='ocrx_word' id='word_1_255' title='bbox 1215 4061 1296 4120; x_wconf 90' lang='lat' dir='ltr'><strong>inter</strong></span> <span class='ocrx_word' id='word_1_256' title='bbox 1318 4059 1443 4119; x_wconf 89' lang='lat' dir='ltr'><strong>easdem</strong></span> <span class='ocrx_word' id='word_1_257' title='bbox 1466 4065 1571 4136; x_wconf 85' lang='lat' dir='ltr'><strong>partes</strong></span> 
     </span>
    </p>
   </div>
   <div class='ocr_carea' id='block_1_6' title="bbox 304 4159 1612 5180">
    <p class='ocr_par' dir='ltr' id='par_1_6' title="bbox 304 4159 1612 5180">
     <span class='ocr_line' id='line_1_32' title="bbox 306 4159 1575 4244; baseline 0.002 -21"><span class='ocrx_word' id='word_1_258' title='bbox 306 4165 506 4240; x_wconf 88' lang='lat' dir='ltr'><strong>disponerent</strong></span> <span class='ocrx_word' id='word_1_259' title='bbox 529 4171 559 4224; x_wconf 90' lang='lat' dir='ltr'><strong>et</strong></span> <span class='ocrx_word' id='word_1_260' title='bbox 581 4167 818 4244; x_wconf 90' lang='lat' dir='ltr'><strong>arbitrarentur,</strong></span> <span class='ocrx_word' id='word_1_261' title='bbox 848 4167 881 4225; x_wconf 91' lang='lat' dir='ltr'><strong>id</strong></span> <span class='ocrx_word' id='word_1_262' title='bbox 905 4167 973 4241; x_wconf 90' lang='lat' dir='ltr'><strong>ipse</strong></span> <span class='ocrx_word' id='word_1_263' title='bbox 1003 4168 1096 4224; x_wconf 91' lang='lat' dir='ltr'><strong>ambe</strong></span> <span class='ocrx_word' id='word_1_264' title='bbox 1131 4172 1235 4241; x_wconf 89' lang='lat' dir='ltr'><strong>partes</strong></span> <span class='ocrx_word' id='word_1_265' title='bbox 1265 4159 1444 4225; x_wconf 90' lang='lat' dir='ltr'><strong>inconcusse</strong></span> <span class='ocrx_word' id='word_1_266' title='bbox 1467 4168 1575 4225; x_wconf 91' lang='lat' dir='ltr'><strong>obser·</strong></span> 
     </span>
     <span class='ocr_line' id='line_1_33' title="bbox 307 4270 1572 4347; baseline 0.002 -19"><span class='ocrx_word' id='word_1_267' title='bbox 307 4286 382 4330; x_wconf 84' lang='lat' dir='ltr'><strong>vare</strong></span> <span class='ocrx_word' id='word_1_268' title='bbox 405 4270 562 4330; x_wconf 87' lang='lat' dir='ltr'><strong>deberent.</strong></span> <span class='ocrx_word' id='word_1_269' title='bbox 586 4270 668 4330; x_wconf 91' lang='lat' dir='ltr'><strong>Casu</strong></span> <span class='ocrx_word' id='word_1_270' title='bbox 683 4287 767 4345; x_wconf 85' lang='lat' dir='ltr'><strong>vero,</strong></span> <span class='ocrx_word' id='word_1_271' title='bbox 792 4287 855 4346; x_wconf 90' lang='lat' dir='ltr'><strong>quo</strong></span> <span class='ocrx_word' id='word_1_272' title='bbox 870 4273 977 4347; x_wconf 89' lang='lat' dir='ltr'><strong>aliqua</strong></span> <span class='ocrx_word' id='word_1_273' title='bbox 993 4273 1136 4346; x_wconf 89' lang='lat' dir='ltr'><strong>parcium</strong></span> <span class='ocrx_word' id='word_1_274' title='bbox 1159 4272 1371 4346; x_wconf 87' lang='lat' dir='ltr'><strong>predictarum</strong></span> <span class='ocrx_word' id='word_1_275' title='bbox 1394 4272 1572 4332; x_wconf 88' lang='lat' dir='ltr'><strong>huiusmodi</strong></span> 
     </span>
     <span class='ocr_line' id='line_1_34' title="bbox 307 4375 1612 4453; baseline 0.002 -19"><span class='ocrx_word' id='word_1_276' title='bbox 307 4375 548 4452; x_wconf 88' lang='lat' dir='ltr'><strong>disposicionem</strong></span> <span class='ocrx_word' id='word_1_277' title='bbox 570 4382 600 4436; x_wconf 90' lang='lat' dir='ltr'><strong>et</strong></span> <span class='ocrx_word' id='word_1_278' title='bbox 623 4378 789 4437; x_wconf 89' lang='lat' dir='ltr'><strong>arbitrium</strong></span> <span class='ocrx_word' id='word_1_279' title='bbox 812 4379 1059 4453; x_wconf 89' lang='lat' dir='ltr'><strong>prescriptorum</strong></span> <span class='ocrx_word' id='word_1_280' title='bbox 1081 4378 1237 4438; x_wconf 89' lang='lat' dir='ltr'><strong>banorum</strong></span> <span class='ocrx_word' id='word_1_281' title='bbox 1263 4384 1441 4437; x_wconf 92' lang='lat' dir='ltr'><strong>nostrorum</strong></span> <span class='ocrx_word' id='word_1_282' title='bbox 1464 4394 1573 4453; x_wconf 89' lang='lat' dir='ltr'><strong>accep·</strong></span> <span class='ocrx_word' id='word_1_283' title='bbox 1609 4383 1612 4388; x_wconf 87' lang='lat'>&#39;</span> 
     </span>
     <span class='ocr_line' id='line_1_35' title="bbox 306 4483 1574 4560; baseline 0.003 -20"><span class='ocrx_word' id='word_1_284' title='bbox 306 4486 372 4541; x_wconf 89' lang='lat' dir='ltr'><strong>tare</strong></span> <span class='ocrx_word' id='word_1_285' title='bbox 396 4489 426 4540; x_wconf 90' lang='lat' dir='ltr'><strong>et</strong></span> <span class='ocrx_word' id='word_1_286' title='bbox 448 4483 616 4542; x_wconf 89' lang='lat' dir='ltr'><strong>observare</strong></span> <span class='ocrx_word' id='word_1_287' title='bbox 639 4484 671 4542; x_wconf 92' lang='lat' dir='ltr'><strong>in</strong></span> <span class='ocrx_word' id='word_1_288' title='bbox 692 4489 758 4542; x_wconf 91' lang='lat' dir='ltr'><strong>toto</strong></span> <span class='ocrx_word' id='word_1_289' title='bbox 780 4483 833 4542; x_wconf 84' lang='lat' dir='ltr'><strong>vel</strong></span> <span class='ocrx_word' id='word_1_290' title='bbox 855 4485 887 4543; x_wconf 94' lang='lat' dir='ltr'><strong>in</strong></span> <span class='ocrx_word' id='word_1_291' title='bbox 917 4492 1006 4560; x_wconf 88' lang='lat' dir='ltr'><strong>parte</strong></span> <span class='ocrx_word' id='word_1_292' title='bbox 1040 4485 1140 4544; x_wconf 91' lang='lat' dir='ltr'><strong>nollet</strong></span> <span class='ocrx_word' id='word_1_293' title='bbox 1170 4501 1224 4543; x_wconf 89' lang='lat' dir='ltr'><strong>seu</strong></span> <span class='ocrx_word' id='word_1_294' title='bbox 1261 4491 1426 4557; x_wconf 89' lang='lat' dir='ltr'><strong>recusaret,</strong></span> <span class='ocrx_word' id='word_1_295' title='bbox 1461 4491 1574 4544; x_wconf 88' lang='lat' dir='ltr'><strong>extunc</strong></span> 
     </span>
     <span class='ocr_line' id='line_1_36' title="bbox 307 4588 1574 4666; baseline 0.002 -20"><span class='ocrx_word' id='word_1_296' title='bbox 307 4589 381 4646; x_wconf 88' lang='lat' dir='ltr'><strong>talis</strong></span> <span class='ocrx_word' id='word_1_297' title='bbox 404 4603 478 4662; x_wconf 92' lang='lat' dir='ltr'><strong>pars</strong></span> <span class='ocrx_word' id='word_1_298' title='bbox 501 4595 609 4649; x_wconf 88' lang='lat' dir='ltr'><strong>contra</strong></span> <span class='ocrx_word' id='word_1_299' title='bbox 638 4596 760 4664; x_wconf 88' lang='lat' dir='ltr'><strong>partem</strong></span> <span class='ocrx_word' id='word_1_300' title='bbox 791 4589 933 4664; x_wconf 87' lang='lat' dir='ltr'><strong>alteram,</strong></span> <span class='ocrx_word' id='word_1_301' title='bbox 956 4588 1043 4666; x_wconf 86' lang='lat' dir='ltr'><strong>juxta</strong></span> <span class='ocrx_word' id='word_1_302' title='bbox 1077 4596 1219 4649; x_wconf 87' lang='lat' dir='ltr'><strong>contenta</strong></span> <span class='ocrx_word' id='word_1_303' title='bbox 1241 4591 1374 4650; x_wconf 88' lang='lat' dir='ltr'><strong>aliarum</strong></span> <span class='ocrx_word' id='word_1_304' title='bbox 1398 4591 1574 4650; x_wconf 91' lang='lat' dir='ltr'><strong>litterarum</strong></span> 
     </span>
     <span class='ocr_line' id='line_1_37' title="bbox 307 4693 1574 4771; baseline 0.002 -19"><span class='ocrx_word' id='word_1_305' title='bbox 307 4699 485 4752; x_wconf 87' lang='lat' dir='ltr'><strong>nostrarum</strong></span> <span class='ocrx_word' id='word_1_306' title='bbox 508 4693 769 4767; x_wconf 79' lang='lat' dir='ltr'><strong>obligatoriarum</strong></span> <span class='ocrx_word' id='word_1_307' title='bbox 791 4695 959 4770; x_wconf 87' lang='lat' dir='ltr'><strong>superinde</strong></span> <span class='ocrx_word' id='word_1_308' title='bbox 974 4695 1193 4770; x_wconf 80' lang='lat' dir='ltr'><strong>confectarum,</strong></span> <span class='ocrx_word' id='word_1_309' title='bbox 1215 4697 1317 4771; x_wconf 89' lang='lat' dir='ltr'><strong>ipsam</strong></span> <span class='ocrx_word' id='word_1_310' title='bbox 1334 4697 1574 4770; x_wconf 87' lang='lat' dir='ltr'><strong>disposicionem</strong></span> 
     </span>
     <span class='ocr_line' id='line_1_38' title="bbox 305 4802 1574 4877; baseline 0.002 -19"><span class='ocrx_word' id='word_1_311' title='bbox 305 4805 526 4875; x_wconf 87' lang='lat' dir='ltr'><strong>acceptantem‚</strong></span> <span class='ocrx_word' id='word_1_312' title='bbox 549 4816 639 4860; x_wconf 89' lang='lat' dir='ltr'><strong>suam</strong></span> <span class='ocrx_word' id='word_1_313' title='bbox 654 4802 812 4860; x_wconf 89' lang='lat' dir='ltr'><strong>accionem</strong></span> <span class='ocrx_word' id='word_1_314' title='bbox 836 4803 1026 4860; x_wconf 88' lang='lat' dir='ltr'><strong>ammitteret</strong></span> <span class='ocrx_word' id='word_1_315' title='bbox 1049 4817 1084 4861; x_wconf 91' lang='lat' dir='ltr'><strong>ac</strong></span> <span class='ocrx_word' id='word_1_316' title='bbox 1106 4802 1234 4876; x_wconf 88' lang='lat' dir='ltr'><strong>iusuper</strong></span> <span class='ocrx_word' id='word_1_317' title='bbox 1253 4803 1285 4861; x_wconf 92' lang='lat' dir='ltr'><strong>in</strong></span> <span class='ocrx_word' id='word_1_318' title='bbox 1301 4803 1446 4861; x_wconf 89' lang='lat' dir='ltr'><strong>omnibus</strong></span> <span class='ocrx_word' id='word_1_319' title='bbox 1469 4803 1574 4877; x_wconf 90' lang='lat' dir='ltr'><strong>acqui-</strong></span> 
     </span>
     <span class='ocr_line' id='line_1_39' title="bbox 304 4906 1572 4983; baseline 0.002 -17"><span class='ocrx_word' id='word_1_320' title='bbox 304 4906 475 4966; x_wconf 88' lang='lat' dir='ltr'><strong>sicionibus</strong></span> <span class='ocrx_word' id='word_1_321' title='bbox 498 4910 529 4965; x_wconf 90' lang='lat' dir='ltr'><strong>et</strong></span> <span class='ocrx_word' id='word_1_322' title='bbox 550 4907 728 4966; x_wconf 88' lang='lat' dir='ltr'><strong>accionibus</strong></span> <span class='ocrx_word' id='word_1_323' title='bbox 751 4908 849 4982; x_wconf 89' lang='lat' dir='ltr'><strong>ipsius</strong></span> <span class='ocrx_word' id='word_1_324' title='bbox 872 4908 971 4982; x_wconf 87' lang='lat' dir='ltr'><strong>partis</strong></span> <span class='ocrx_word' id='word_1_325' title='bbox 994 4908 1183 4983; x_wconf 87' lang='lat' dir='ltr'><strong>acceptantis</strong></span> <span class='ocrx_word' id='word_1_326' title='bbox 1210 4909 1428 4968; x_wconf 90' lang='lat' dir='ltr'><strong>succumberet</strong></span> <span class='ocrx_word' id='word_1_327' title='bbox 1450 4913 1480 4967; x_wconf 93' lang='lat' dir='ltr'><strong>et</strong></span> <span class='ocrx_word' id='word_1_328' title='bbox 1500 4923 1572 4967; x_wconf 92' lang='lat' dir='ltr'><strong>con·</strong></span> 
     </span>
     <span class='ocr_line' id='line_1_40' title="bbox 307 5012 1573 5089; baseline 0.003 -19"><span class='ocrx_word' id='word_1_329' title='bbox 307 5013 484 5072; x_wconf 84' lang='lat' dir='ltr'><strong>vinceretur</strong></span> <span class='ocrx_word' id='word_1_330' title='bbox 506 5013 575 5088; x_wconf 88' lang='lat' dir='ltr'><strong>ipso</strong></span> <span class='ocrx_word' id='word_1_331' title='bbox 598 5012 688 5073; x_wconf 85' lang='lat' dir='ltr'><strong>facto.</strong></span> <span class='ocrx_word' id='word_1_332' title='bbox 712 5012 853 5072; x_wconf 90' lang='lat' dir='ltr'><strong>Tandem</strong></span> <span class='ocrx_word' id='word_1_333' title='bbox 875 5013 972 5073; x_wconf 90' lang='lat' dir='ltr'><strong>iidem</strong></span> <span class='ocrx_word' id='word_1_334' title='bbox 988 5013 1151 5074; x_wconf 91' lang='lat' dir='ltr'><strong>Ladislaus</strong></span> <span class='ocrx_word' id='word_1_335' title='bbox 1167 5021 1198 5074; x_wconf 88' lang='lat' dir='ltr'><strong>et</strong></span> <span class='ocrx_word' id='word_1_336' title='bbox 1213 5013 1340 5089; x_wconf 76' lang='lat' dir='ltr'><strong>Mathlro</strong></span> <span class='ocrx_word' id='word_1_337' title='bbox 1363 5015 1445 5088; x_wconf 86' lang='lat' dir='ltr'><strong>bani,</strong></span> <span class='ocrx_word' id='word_1_338' title='bbox 1468 5021 1573 5075; x_wconf 91' lang='lat' dir='ltr'><strong>nostre</strong></span> 
     </span>
     <span class='ocr_line' id='line_1_41' title="bbox 1474 5137 1513 5180; baseline 0 0"><span class='ocrx_word' id='word_1_339' title='bbox 1474 5137 1513 5180; x_wconf 88' lang='lat' dir='ltr'><strong>ro</strong></span> 
     </span>
    </p>
   </div>
   <div class='ocr_carea' id='block_1_7' title="bbox 0 0 1973 5802">
    <p class='ocr_par' dir='ltr' id='par_1_7' title="bbox 0 0 1973 5802">
     <span class='ocr_line' id='line_1_42' title="bbox 0 0 1973 5802; baseline 0 0"><span class='ocrx_word' id='word_1_340' title='bbox 0 0 1973 5802; x_wconf 95' lang='lat' dir='ltr'><strong> </strong></span> 
     </span>
    </p>
   </div>
  </div>
 </body>
</html>
