3804 5858
1888 218 1891 366 l

388 541 452 618 426
803 541 875 600 Doc.
894 549 967 616 337.
994 574 1030 582 —
1056 535 1229 617 An.148,1,

1891 687 1893 758 l

387 756 525 828 exempti
557 756 617 814 sint
648 762 678 814 et
711 755 845 828 liberati,
878 772 933 830 per
955 763 1155 830 nostramque
1187 756 1378 813 maiestatem
1403 756 1433 813 in
1452 755 1560 814 eadem
1584 757 1651 830 ipsa

387 860 531 919 libertate
561 861 743 934 confirmati,
774 878 869 937 super
899 861 1087 936 quaquidem
1118 862 1263 920 libertate
1293 859 1424 938 juridice
1448 861 1651 935 procedentes

386 971 494 1026 contra
517 983 574 1026 vos
596 968 715 1027 litteras
738 969 938 1027 sentenciales
951 971 1168 1043 reportassent.
1190 968 1228 1025 Et
1251 968 1323 1026 licet
1346 983 1402 1026 nos
1426 968 1544 1041 pluries
1567 951 1676 1026 coms

386 1073 528 1131 misimus
551 1074 650 1144 vobis,
667 1079 700 1132 ut
713 1073 838 1133 eosdem
854 1075 937 1133 cives
960 1080 1081 1133 nostros
1105 1075 1136 1132 in
1159 1073 1235 1132 locis
1259 1075 1450 1132 tributorum
1474 1078 1650 1132 vestrarum

385 1194 447 1237 non
477 1179 669 1254 impediretis
699 1180 737 1238 ad
762 1181 1009 1254 solucionemqre
1041 1180 1237 1238 tributariam
1258 1185 1364 1238 contra
1387 1179 1521 1238 sormam
1545 1179 1650 1237 huius·

387 1284 474 1343 modi
496 1286 636 1357 ipsorum
660 1289 871 1362 exempcionis
887 1293 917 1346 et
940 1288 1093 1346 libertatis
1116 1301 1178 1344 non
1200 1288 1358 1359 cogeretis,
1382 1302 1439 1345 vos
1463 1293 1649 1344 tamennon

386 1391 499 1449 curatis
522 1393 700 1452 huiusmodi
724 1393 876 1452 mandatis
891 1395 1012 1466 nostris,
1029 1393 1153 1450 eosdem
1170 1393 1254 1451 cives
1264 1399 1386 1450 nostros
1409 1399 1439 1450 et
1462 1397 1649 1450 mercatores

387 1497 417 1554 in
442 1497 518 1556 locis
536 1499 724 1558 tributorum
740 1505 918 1559 vestrorum
938 1500 1083 1574 spoliare,
1098 1498 1322 1572 dampnificare
1342 1504 1371 1557 et
1389 1499 1572 1573 perturbare
1588 1512 1649 1555 non

385 1604 545 1663 cessaretis
574 1607 606 1663 in
637 1606 869 1680 displicenciam
892 1606 1111 1665 mandatorum
1134 1611 1312 1664 nostrorum
1334 1604 1521 1676 huiusmodi,
1546 1604 1650 1678 prelu-

386 1707 564 1784 diciumque
586 1711 739 1770 libertatis
769 1714 910 1787 ipsorum
942 1713 1113 1788 prescripte
1136 1728 1197 1770 non
1221 1711 1387 1769 modicum.
1420 1710 1523 1784 Quare
1546 1709 1648 1767 fideli-

386 1815 501 1873 tatibus
532 1819 644 1876 vestris
665 1824 694 1876 et
717 1819 845 1877 cuilibet
876 1825 1014 1877 vestrum
1044 1819 1155 1876 harum
1187 1818 1265 1876 serie
1288 1817 1421 1876 firmiter
1443 1817 1648 1891 precipientes

386 1920 577 1994 mandamus,
609 1929 759 1998 quatenus
789 1925 902 1983 amodo
932 1926 1038 1983 nullus
1072 1925 1197 1982 omnino
1228 1930 1367 1982 vestrum
1397 1922 1567 1998 aprelatis
1607 1923 1646 1979 ci·

385 2027 478 2086 vibus
500 2031 613 2088 nostris
636 2031 667 2088 in
690 2032 767 2090 locis
783 2033 972 2091 tributorum
989 2039 1164 2091 vestrorum
1188 2031 1327 2104 aliquam
1351 2031 1549 2088 tributariam
1566 2014 1647 2085 solu·

385 2134 504 2192 cionem
530 2141 633 2210 petere
655 2154 708 2196 seu
724 2139 854 2212 exigere,
880 2140 1003 2212 petique
1026 2154 1079 2196 seu
1103 2136 1286 2209 exigifacere
1309 2143 1362 2195 aut
1385 2151 1437 2194 eos
1460 2135 1511 2192 vel
1535 2149 1644 2192 eorum

385 2239 517 2298 alterum
550 2249 656 2302 contra
684 2244 818 2302 formam
846 2245 995 2319 premisse
1022 2245 1161 2318 ipsorum
1197 2243 1348 2302 libertatis
1383 2249 1412 2300 et
1435 2241 1646 2314 exempcionis

384 2346 508 2404 racione
536 2364 596 2406 non
627 2351 793 2410 solucionis
809 2327 955 2408 veiusdem
978 2352 1008 2408 in
1033 2351 1182 2424 personis,
1206 2351 1361 2422 rebusque
1384 2355 1413 2405 et
1437 2347 1534 2404 -bonis
1565 2346 1647 2418 ipso·

384 2467 456 2510 rum
473 2453 634 2526 quibusvis
658 2457 818 2531 impedire,
842 2458 969 2515 turbare
992 2473 1044 2514 seu
1069 2455 1299 2529 quovismodo
1323 2453 1546 2528 dampnificare
1578 2467 1646 2526 pre·

385 2565 487 2616 sumat
509 2576 609 2634 neque
639 2563 678 2620 sit
707 2579 798 2621 ausus
834 2563 1056 2637 quoquomodo
1064 2582 1072 2634 ;
1096 2564 1243 2636 quoniam
1267 2562 1404 2635 alioquin
1429 2559 1644 2618 commisimus

383 2668 413 2722 et
438 2667 630 2738 presentibus
646 2669 767 2727 firmius
790 2671 1001 2728 commitimus
1024 2669 1171 2726 fidelibus
1187 2669 1299 2727 nostris
1312 2669 1392 2726 bano
1409 2667 1459 2724 vel
1485 2665 1642 2723 vicebanis

385 2772 472 2846 regni
501 2775 598 2832 nostri
629 2774 800 2848 Sclauonie,
824 2781 858 2833 ut
878 2777 937 2849 ipsi
962 2777 1066 2833 omnia
1088 2776 1199 2833 talium
1224 2775 1368 2845 thelonia,
1391 2775 1423 2831 in
1446 2773 1561 2847 quibus
1585 2771 1645 2844 ipsi

384 2883 571 2953 exponentes
594 2879 826 2955 impedirentur,
857 2897 915 2956 pro
943 2883 1100 2940 maiestate
1122 2888 1228 2942 nostra
1254 2895 1405 2953 occupare
1428 2885 1459 2938 et
1496 2881 1646 2951 occupata

367 2985 504 3043 tamdiu
527 2992 630 3045 tenere
653 2987 793 3060 debeant,
818 2989 915 3048 donec
946 2989 1077 3047 anobis
1109 2987 1194 3045 aliud
1226 2987 1391 3045 habuerint
1418 2987 1449 3044 in
1481 2983 1642 3042 mandatis.

384 3089 477 3150 Secus
507 3093 601 3166 igitur
635 3108 696 3152 non
731 3094 849 3154 facturi.
885 3095 1080 3153 Presentibus
1111 3095 1263 3168 perlectis,
1298 3093 1455 3153 exhibenti
1485 3090 1643 3150 restitutis.

383 3197 499 3256 Datum
523 3197 607 3256 Bude
631 3200 661 3257 in
685 3199 762 3258 festo
778 3200 968 3259 lnuencionis
992 3208 1094 3260 sancte
1110 3203 1217 3260 crucis.
1234 3204 1323 3260 Anno
1343 3201 1460 3259 domini
1475 3197 1646 3256 millesimo

384 3304 686 3379 quadringentesimo
702 3309 911 3384 octuagesimo
935 3315 1053 3381 quarto.
1077 3309 1256 3382 Regnorum
1279 3313 1455 3366 nostrorum
1489 3302 1646 3376 Hungarie

385 3417 439 3469 etc.
464 3426 543 3470 anno
568 3413 727 3486 vegesimo
750 3415 894 3488 septim0,
918 3414 1064 3472 Bohemie
1087 3431 1162 3473 vero
1185 3421 1272 3472 sexto
1296 3413 1422 3471 decimo.

769 3532 813 3580 Ad
833 3531 986 3580 relacionem
1005 3532 1106 3580 Thome
1125 3533 1156 3580 de
1176 3533 1296 3588 Erdewd,
1317 3531 1440 3596 prepositi
1459 3529 1609 3582 Titulcusis,

489 3673 622 3737 Originale
649 3675 676 3723 in
701 3675 796 3726 charta.
817 3677 849 3722 In
873 3676 987 3738 margine
1007 3675 1123 3724 inferiori
1142 3676 1293 3738 impressum
1318 3681 1356 3721 est
1381 3673 1495 3736 sigillum
1520 3674 1552 3720 In
1573 3671 1645 3722 arch.

382 3778 439 3812 ven.
459 3761 526 3828 capit
554 3761 616 3814 eccl.
636 3764 735 3826 zagrab.

975 4013 1060 4080 337.

487 4174 567 4222 Anno
589 4174 664 4236 1484,
684 4174 707 4225 8.
725 4175 798 4238 Junii
828 4175 976 4238 Zagrabiae.

382 4301 528 4360 Stamtum
559 4302 592 4360 dc
621 4303 765 4360 canont'cis
794 4310 939 4376 cauponas
961 4300 1153 4360 exercentibus
1175 4307 1203 4357 ct
1227 4299 1259 4356 dc
1275 4305 1372 4372 poena
1396 4295 1643 4354 constituendam

542 4445 597 4496 eos,
619 4430 672 4502 qui
690 4427 799 4484 chartis
822 4427 938 4485 lusoriis
959 4443 1067 4500 magna
1083 4425 1208 4499 pecunia
1223 4423 1333 4497 postia,
1356 4421 1485 4480 luserint.

486 4581 521 4638 ln
544 4595 623 4639 anno
648 4579 766 4639 domini
789 4575 1104 4650 MCCCCLXXXllll,
1135 4576 1229 4634 tercia
1252 4573 1301 4632 die
1325 4573 1547 4642 Penthecostes,
1571 4585 1642 4628 con·

381 4688 502 4747 clusum
528 4693 573 4746 est
596 4687 807 4762 capitulariter
830 4703 887 4762 per
911 4685 1062 4756 dominos,
1085 4681 1167 4758 quod
1192 4682 1230 4740 de
1253 4687 1355 4739 cetero
1378 4678 1566 4752 quicumque
1589 4676 1643 4734 do·

380 4795 539 4853 minorum
562 4794 706 4870 habuerit
729 4795 890 4852 tabernam
910 4793 940 4850 in
964 4791 1059 4850 domo
1082 4805 1144 4860 sua,
1169 4787 1252 4862 quod
1269 4799 1464 4860 nequaquam
1483 4783 1641 4858 permittat

379 4901 496 4960 intrare
521 4900 667 4958 mulieres
698 4905 856 4974 suspectas
890 4909 920 4957 et
950 4902 1107 4956 currentes
1137 4895 1175 4952 ad
1200 4895 1309 4952 vinum
1332 4890 1513 4962 bibendum,
1538 4905 1636 4964 neque

378 5005 496 5068 ibidem
520 5005 709 5066 noctandum
718 5024 726 5078 ;
742 5007 931 5082 quicumque
947 5009 1053 5064 contra
1077 5001 1176 5076 faciat,
1200 5001 1239 5060 sit
1256 5001 1397 5076 privatus
1413 4997 1558 5056 omnibus
1570 5011 1642 5072 pro·
