3828 5822
576 544 650 606 Doc.
666 555 743 621 325.
766 576 810 588 —
834 537 1005 621 An.1481.
1348 555 1411 620 411¹

160 753 282 832 septimo
305 760 478 835 conscripta
499 760 698 835 explanabat,
720 759 890 834 quod-ipse
911 759 1226 844 dominusJohannes
1242 759 1408 833 episcopus

162 880 278 924 cernens
301 867 332 924 in
355 867 459 925 animo
483 873 513 925 et
544 866 653 926 sedula
683 865 886 925 meditacione
910 881 1052 940 pensans,
1074 865 1257 925 eorumdem
1281 865 1412 940 preben-

162 970 310 1030 dariorum
333 973 580 1047 postulacionem
605 979 635 1032 et
659 973 853 1046 peticionem,
876 972 985 1030 nolens
1007 971 1262 1046 predecessorum
1286 983 1414 1030 suorum

162 1072 290 1162 instituta
314 1079 453 1138 salubria
484 1079 661 1153 infringere,
691 1079 785 1137 talem
817 1079 920 1152 gracie
950 1078 1182 1153 prerogativam
1203 1077 1320 1136 eisdem
1343 1093 1414 1152 pre·

161 1184 309 1244 bendariis
343 1183 482 1244 duxisset
516 1184 699 1258 faciendam,
733 1183 817 1258 quod
852 1184 891 1245 de
924 1184 1056 1257 singulis
1090 1183 1189 1242 vineis
1211 1179 1352 1259 ipsorum
1376 1197 1413 1242 ac

159 1291 243 1348 terris
266 1292 402 1366 propriis
425 1290 465 1350 ad
486 1291 627 1366 ipsorum
659 1290 834 1365 prebendas
855 1290 1069 1367 spectantibus
1092 1295 1123 1348 et
1146 1289 1371 1364 pertinentibus
1395 1301 1415 1346 a

156 1397 293 1470 primevo
315 1403 457 1472 tempore
487 1413 587 1472 usque
609 1395 733 1457 felicem
755 1397 878 1456 obitum
900 1397 999 1471 ipsius
1023 1396 1154 1455 condam
1178 1395 1297 1456 domini
1319 1394 1415 1453 Eber-

157 1493 242 1561 hardi
263 1504 411 1579 episcopi,
434 1505 511 1579 ipsis
534 1520 590 1580 per
613 1519 827 1579 quoscumque
848 1503 1103 1562 testamentaliter
1118 1502 1170 1561 vel
1192 1500 1414 1578 quovismodo

154 1599 261 1682 ¹legatis
284 1614 314 1667 et
337 1609 467 1682 donatis,
497 1610 601 1668 nullas
624 1609 760 1669 decimas
783 1609 844 1668 sibi
866 1614 898 1668 et
920 1608 1149 1668 successoribus
1172 1607 1236 1667 suis
1260 1623 1298 1666 ex
1326 1612 1415 1681 parte

152 1727 257 1772 'eorum
290 1716 456 1790 provenire
487 1715 652 1787 debendas,
674 1715 797 1774 solvere
828 1714 984 1786 deberent,
1007 1713 1195 1788 easdemque
1217 1729 1275 1789 pro
1298 1711 1415 1772 eisdem

155 1819 283 1879 dominis
298 1821 511 1895 prebendariis
528 1821 666 1880 duxisset
681 1821 882 1880 remittendas
898 1827 928 1879 et
944 1820 1136 1880 relaxandas.
1152 1819 1269 1894 Quarte
1280 1833 1415 1893 namque

149 1927 251 1985 littere
274 1932 377 1986 nostre
404 1925 609 1986 affirmatorie
641 1932 730 1985 tenor
751 1927 889 1985 verbalis
920 1928 1058 2002 sequitur
1082 1928 1114 1985 in
1136 1927 1193 1984 hec
1215 1926 1327 1985 verba:
1351 1924 1415 1983 Nos

153 2031 282 2091 Michael
312 2033 413 2107 Orzag
442 2033 480 2091 de
503 2033 606 2106 thh,
629 2033 716 2107 regni
739 2033 920 2107 Hunngarie
950 2033 1106 2108 palatinus
1130 2039 1159 2090 et
1182 2032 1275 2092 iudex
1302 2029 1414 2090 Coma·

152 2153 261 2196 norum
284 2154 320 2198 ac
340 2151 446 2198 ‘comes
477 2137 651 2215 Stephanus
674 2139 712 2198 de
736 2139 859 2212 Bath'or,
882 2139 976 2198 iudex
999 2141 1084 2199 curie
1116 2139 1303 2198 serenissimi
1330 2139 1414 2213 prin·

152 2245 227 2320 cipis
250 2245 368 2304 domini
390 2246 505 2304 Mathie
529 2246 579 2304 dei
601 2247 705 2320 gracia
727 2247 810 2320 regis
833 2246 908 2306 dicti
932 2247 1090 2321 Hungarie
1106 2261 1142 2305 ac
1166 2245 1320 2318 Bohemie,
1336 2243 1412 2302 Dal·

151 2352 255 2422 macie,
287 2351 416 2410 Croacie
434 2361 501 2426 etc.
532 2353 681 2411 Memorie
711 2351 975 2425 commendamus,
1007 2353 1091 2428 quod
1114 2353 1147 2411 in
1170 2349 1414 2431 congregacione

153 2461 256 2516 nostra
286 2458 427 2532 'generali
460 2458 654 2516 universitati
687 2459 843 2516 nobilium
877 2459 1042 2518 comitatus
1076 2457 1302 2532 zagrabiensis,
1337 2455 1414 2514 feria

149 2563 246 2622 ¹tercia
269 2564 414 2638 proxima
437 2569 507 2621 ante
525 2553 644 2622 ¹festum
667 2563 896 2638 purificacionis
918 2565 1140 2638 gloriosissime
1164 2563 1293 2636 uirginis
1309 2562 1414 2634 Marie,

145 2668 187 2728 'de
213 2669 341 2743 speciali
364 2669 511 2727 mandato
534 2675 565 2728 et
587 2671 804 2730 commissione
824 2670 938 2746 prelati
955 2671 1074 2730 domini
1096 2671 1195 2730 nostri
1216 2670 1299 2744 regis
1315 2683 1414 2744 prope

145 2773 305 2834 'civitatem
319 2776 550 2850 zagrabiensem
567 2776 731 2845 celebrata,
744 2777 944 2836 honorabiles
956 2776 1075 2837 domini
1088 2776 1222 2838 Michael
1244 2775 1282 2836 de
1299 2775 1410 2834 Zenth-

145 2883 352 2956 gyerghwara
375 2883 516 2956 decanus,
538 2899 657 2943 necnon
673 2883 825 2958 Georgius
841 2885 993 2959 plebanus
1013 2885 1141 2944 ecclesie
1164 2885 1261 2944 sancti
1277 2882 1410 2942 Emerici

147 2988 234 3046 ducis
257 2989 288 3048 in
311 3003 383 3048 area
413 2989 580 3064 capitulari
610 2991 737 3050 ecclesie
768 2991 975 3064 zagrabiensis
998 2992 1133 3064 fundate,
1155 2974 1187 3050 in
1211 2992 1352 3066 ipsorum
1376 3004 1412 3048 ac

145 3096 364 3154 universorum
397 3096 677 3172 prebendariorum
707 3103 738 3156 et
758 3097 970 3157 altaristarum
993 3098 1132 3158 eiusdem
1155 3098 1283 3157 ecclesie
1303 3111 1410 3172 zagra·

143 3201 260 3260 biensis
283 3203 432 3277 personis,
453 3203 493 3261 de
515 3203 619 3262 medio
643 3205 778 3262 aliorum
800 3209 940 3263 nostram
956 3210 1138 3278 exurgentes
1161 3205 1193 3264 in
1216 3204 1411 3280 presenciam

143 3313 376 3382 proposuerunt
399 3323 436 3367 eo
460 3308 569 3368 modo:
602 3309 761 3383 quomodo
791 3309 887 3368 iidem
919 3310 1037 3368 domini
1060 3310 1260 3386 prebendarii
1282 3315 1313 3368 et
1335 3310 1414 3368 alta·

141 3414 226 3486 risle,
251 3414 548 3490 predecessoresque
568 3415 751 3474 eorumdem
774 3431 792 3474 a
815 3417 923 3475 multis
945 3417 1106 3476 retroactis
1122 3417 1326 3492 temporibus,
1352 3432 1413 3492 que

141 3521 282 3579 humana
303 3536 365 3580 non
389 3521 666 3595 comprehenderet
689 3524 850 3596 memoria,
874 3529 971 3582 terras
993 3524 1135 3596 arabiles,
1167 3531 1257 3599 prata
1281 3539 1335 3584 seu
1368 3521 1413 3582 fe-

133 3627 221 3685 'nilia
246 3627 286 3685 ad
310 3627 446 3702 prefatas
477 3628 652 3702 prebendas
676 3635 706 3688 et
728 3634 897 3688 rectoratus
920 3631 1068 3689 altarium
1091 3635 1264 3705 spectantes
1288 3636 1317 3688 et
1340 3645 1413 3704 per-

137 3734 275 3793 tinencia
298 3734 378 3792 intra
398 3735 513 3794 limites
536 3735 598 3794 vici
619 3737 798 3795 Latinorum
814 3737 845 3795 in
868 3738 1016 3796 comitatu
1032 3738 1223 3810 zagrabiensi
1238 3737 1412 3809 existentes,

136 3841 332 3914 habuissent,
355 3847 385 3900 et
408 3841 524 3900 eisdem
545 3859 617 3900 cum
641 3843 738 3901 tocius
760 3843 890 3902 dominii
913 3844 1005 3918 plena
1028 3848 1179 3918 potestate
1202 3845 1250 3903 usi
1273 3844 1410 3916 fuissent,

129 3950 169 4004 et
184 3947 248 4006 hoc
264 3948 380 4022 comiti,
392 3946 548 4025 judicibus
559 3951 727 4024 nobilium,
743 3952 913 4026 iuratisque
929 3953 1135 4011 assessoribus
1151 3951 1226 4011 dicti
1247 3951 1411 4013 comitatus

134 4055 353 4128 zagrabiensis
385 4060 538 4114 constaret
567 4055 738 4120 evidenter.
761 4057 900 4116 Petentes
923 4073 980 4117 nos
1002 4059 1062 4117 hiis
1085 4057 1184 4131 dictis,
1208 4057 1312 4116 debita
1339 4072 1411 4115 cum

133 4161 301 4234 instancia,
324 4167 359 4220 ut
382 4160 479 4220 iidem
503 4177 616 4232 comes,
630 4161 726 4239 judex
749 4163 913 4238 nobilium,
930 4163 1085 4242 juratique
1100 4178 1269 4223 assessores
1285 4163 1412 4237 qualem

135 4266 177 4325 de
202 4268 368 4340 premissis
390 4269 511 4341 scirent,
529 4285 586 4343 per
600 4285 657 4328 nos
673 4272 822 4344 requisiti,
839 4271 1010 4331 faterentur
1025 4271 1216 4330 certitudinis
1239 4269 1410 4329 veritatem.

132 4373 285 4447 Cumque
310 4388 365 4432 nos
388 4374 515 4434 eosdem
531 4377 687 4450 comitem,
711 4375 829 4455 judices
852 4379 1016 4452 nobilium,
1039 4377 1219 4456 juratusque
1242 4391 1411 4436 assessores

130 4481 307 4539 comitatus
329 4482 497 4556 prescripti
520 4498 615 4557 super
638 4485 799 4558 premissis
822 4485 987 4558 requisitos
1010 4485 1239 4555 habuissemus,
1253 4482 1350 4541 iidem
1367 4480 1409 4539 ad

128 4585 233 4644 fidem
267 4601 377 4645 eorum
408 4586 466 4646 deo
499 4587 645 4661 debitam,
676 4589 923 4666 fidelitatemque
954 4591 1037 4649 dicto
1061 4591 1189 4649 domino
1211 4594 1319 4648 nostro
1343 4589 1410 4661 regi

127 4698 163 4751 et
186 4708 283 4751 sacro
307 4695 373 4752 eius
403 4695 489 4767 regio
522 4694 700 4768 dyademati
730 4697 960 4755 observandam
990 4712 1049 4771 pro
1073 4695 1203 4755 dicenda
1226 4695 1357 4753 veritate
1379 4699 1410 4754 et

127 4797 261 4858 iusticia
284 4800 496 4859 conservanda
518 4807 598 4860 tacto
622 4801 775 4862 dominice
791 4805 890 4862 crucis
913 4805 1001 4877 signo
1025 4803 1115 4861 nobis
1139 4801 1310 4876 prestitam,
1326 4805 1410 4859 ante-

127 4905 215 4964 fatos
241 4906 387 4966 dominos
410 4907 632 4983 prebendarios
655 4914 685 4967 et
707 4911 861 4970 altaristas
876 4909 973 4970 dictas
997 4917 1094 4969 terras
1116 4907 1251 4967 arabiles
1275 4912 1305 4965 et
1320 4913 1409 4981 prata

127 5013 198 5074 sive
224 5012 336 5073 fenilio
367 5019 529 5092 prenotata
552 5015 583 5076 in
612 5017 768 5076 territorio
795 5017 861 5076 uici
891 5018 1074 5077 Larimrum
1105 5013 1251 5075 antedicti
1274 5027 1292 5069 a
1318 5011 1409 5070 dictis
