<?xml version="1.0" encoding="UTF-8"?>
<!DOCTYPE html PUBLIC "-//W3C//DTD XHTML 1.0 Transitional//EN"
    "http://www.w3.org/TR/xhtml1/DTD/xhtml1-transitional.dtd">
<html xmlns="http://www.w3.org/1999/xhtml" xml:lang="en" lang="en">
 <head>
  <title>
</title>
<meta http-equiv="Content-Type" content="text/html;charset=utf-8" />
  <meta name='ocr-system' content='tesseract 3.04.00' />
  <meta name='ocr-capabilities' content='ocr_page ocr_carea ocr_par ocr_line ocrx_word'/>
</head>
<body>
  <div class='ocr_page' id='page_1' title='image "./monumentahistor20laszgoog_0293.png"; bbox 0 0 3948 5804; ppageno 0'>
   <div class='ocr_carea' id='block_1_1' title="bbox 445 540 1286 618">
    <p class='ocr_par' dir='ltr' id='par_1_1' title="bbox 445 540 1286 618">
     <span class='ocr_line' id='line_1_1' title="bbox 445 540 1286 618; baseline -0.001 -18"><span class='ocrx_word' id='word_1_1' title='bbox 445 548 486 615; x_wconf 80' lang='lat'>30</span> <span class='ocrx_word' id='word_1_2' title='bbox 874 541 947 598; x_wconf 89' lang='lat' dir='ltr'>Doc.</span> <span class='ocrx_word' id='word_1_3' title='bbox 965 551 1021 616; x_wconf 83' lang='lat'>32.</span> <span class='ocrx_word' id='word_1_4' title='bbox 1046 571 1088 583; x_wconf 92' lang='lat'><em>-</em></span> <span class='ocrx_word' id='word_1_5' title='bbox 1112 540 1168 602; x_wconf 83' lang='lat' dir='ltr'>An.</span> <span class='ocrx_word' id='word_1_6' title='bbox 1192 551 1286 618; x_wconf 76' lang='lat'><em>1422.</em></span> 
     </span>
    </p>
   </div>
   <div class='ocr_carea' id='block_1_2' title="bbox 430 751 1712 5068">
    <p class='ocr_par' dir='ltr' id='par_1_2' title="bbox 430 751 1712 5068">
     <span class='ocr_line' id='line_1_2' title="bbox 445 751 1712 830; baseline 0.002 -19"><span class='ocrx_word' id='word_1_7' title='bbox 445 753 548 812; x_wconf 89' lang='lat' dir='ltr'>minus</span> <span class='ocrx_word' id='word_1_8' title='bbox 571 751 725 830; x_wconf 87' lang='lat' dir='ltr'>justiciam</span> <span class='ocrx_word' id='word_1_9' title='bbox 750 770 875 830; x_wconf 88' lang='lat' dir='ltr'>semper</span> <span class='ocrx_word' id='word_1_10' title='bbox 905 753 1038 828; x_wconf 89' lang='lat' dir='ltr'>diligens</span> <span class='ocrx_word' id='word_1_11' title='bbox 1069 759 1099 812; x_wconf 90' lang='lat' dir='ltr'>et</span> <span class='ocrx_word' id='word_1_12' title='bbox 1128 752 1268 830; x_wconf 83' lang='lat' dir='ltr'>judicans</span> <span class='ocrx_word' id='word_1_13' title='bbox 1299 755 1477 828; x_wconf 90' lang='lat' dir='ltr'>equitatem,</span> <span class='ocrx_word' id='word_1_14' title='bbox 1509 755 1534 813; x_wconf 94' lang='lat' dir='ltr'>si</span> <span class='ocrx_word' id='word_1_15' title='bbox 1565 754 1712 814; x_wconf 90' lang='lat' dir='ltr'>videlicet</span> 
     </span>
     <span class='ocr_line' id='line_1_3' title="bbox 445 843 1711 935; baseline 0.001 -18"><span class='ocrx_word' id='word_1_16' title='bbox 445 860 519 917; x_wconf 90' lang='lat' dir='ltr'>talia</span> <span class='ocrx_word' id='word_1_17' title='bbox 542 861 778 919; x_wconf 85' lang='lat' dir='ltr'>conniventibus</span> <span class='ocrx_word' id='word_1_18' title='bbox 802 861 901 920; x_wconf 88' lang='lat' dir='ltr'>oculis</span> <span class='ocrx_word' id='word_1_19' title='bbox 924 861 1142 934; x_wconf 88' lang='lat' dir='ltr'>relinquuntur</span> <span class='ocrx_word' id='word_1_20' title='bbox 1165 861 1314 935; x_wconf 84' lang='lat' dir='ltr'>inpunita,</span> <span class='ocrx_word' id='word_1_21' title='bbox 1331 865 1461 934; x_wconf 91' lang='lat' dir='ltr'>propter</span> <span class='ocrx_word' id='word_1_22' title='bbox 1477 843 1562 934; x_wconf 88' lang='lat' dir='ltr'>quod</span> <span class='ocrx_word' id='word_1_23' title='bbox 1578 860 1711 934; x_wconf 82' lang='lat' dir='ltr'>dignitas</span> 
     </span>
     <span class='ocr_line' id='line_1_4' title="bbox 442 966 1711 1026; baseline 0.001 -1"><span class='ocrx_word' id='word_1_24' title='bbox 442 966 560 1026; x_wconf 86' lang='lat' dir='ltr'>ordinis</span> <span class='ocrx_word' id='word_1_25' title='bbox 584 966 737 1025; x_wconf 89' lang='lat' dir='ltr'>clericalis</span> <span class='ocrx_word' id='word_1_26' title='bbox 759 982 822 1025; x_wconf 92' lang='lat' dir='ltr'>non</span> <span class='ocrx_word' id='word_1_27' title='bbox 845 971 966 1026; x_wconf 89' lang='lat' dir='ltr'>tantum</span> <span class='ocrx_word' id='word_1_28' title='bbox 997 967 1028 1024; x_wconf 92' lang='lat' dir='ltr'>in</span> <span class='ocrx_word' id='word_1_29' title='bbox 1059 967 1233 1024; x_wconf 90' lang='lat' dir='ltr'>minoribus</span> <span class='ocrx_word' id='word_1_30' title='bbox 1263 966 1318 1024; x_wconf 89' lang='lat' dir='ltr'>sed</span> <span class='ocrx_word' id='word_1_31' title='bbox 1348 967 1447 1025; x_wconf 90' lang='lat' dir='ltr'>eciam</span> <span class='ocrx_word' id='word_1_32' title='bbox 1477 967 1509 1024; x_wconf 90' lang='lat' dir='ltr'>in</span> <span class='ocrx_word' id='word_1_33' title='bbox 1539 967 1711 1026; x_wconf 88' lang='lat' dir='ltr'>maioribus</span> 
     </span>
     <span class='ocr_line' id='line_1_5' title="bbox 443 1073 1711 1147; baseline 0.002 -17"><span class='ocrx_word' id='word_1_34' title='bbox 443 1073 634 1147; x_wconf 90' lang='lat' dir='ltr'>contemptui</span> <span class='ocrx_word' id='word_1_35' title='bbox 657 1073 822 1146; x_wconf 86' lang='lat' dir='ltr'>exponitur</span> <span class='ocrx_word' id='word_1_36' title='bbox 844 1080 937 1146; x_wconf 91' lang='lat' dir='ltr'>atque</span> <span class='ocrx_word' id='word_1_37' title='bbox 961 1074 1062 1144; x_wconf 91' lang='lat' dir='ltr'>morti,</span> <span class='ocrx_word' id='word_1_38' title='bbox 1086 1078 1286 1132; x_wconf 89' lang='lat' dir='ltr'>conteruntur</span> <span class='ocrx_word' id='word_1_39' title='bbox 1319 1073 1407 1131; x_wconf 88' lang='lat' dir='ltr'>velut</span> <span class='ocrx_word' id='word_1_40' title='bbox 1429 1088 1505 1131; x_wconf 86' lang='lat' dir='ltr'>vasa</span> <span class='ocrx_word' id='word_1_41' title='bbox 1528 1079 1624 1132; x_wconf 88' lang='lat' dir='ltr'>testea</span> <span class='ocrx_word' id='word_1_42' title='bbox 1652 1073 1711 1132; x_wconf 92' lang='lat' dir='ltr'>filii</span> 
     </span>
     <span class='ocr_line' id='line_1_6' title="bbox 442 1176 1711 1252; baseline 0.002 -17"><span class='ocrx_word' id='word_1_43' title='bbox 442 1176 526 1250; x_wconf 90' lang='lat' dir='ltr'>Syon</span> <span class='ocrx_word' id='word_1_44' title='bbox 549 1178 648 1236; x_wconf 88' lang='lat' dir='ltr'>incliti</span> <span class='ocrx_word' id='word_1_45' title='bbox 672 1184 702 1236; x_wconf 91' lang='lat' dir='ltr'>et</span> <span class='ocrx_word' id='word_1_46' title='bbox 724 1179 803 1236; x_wconf 93' lang='lat' dir='ltr'>sicut</span> <span class='ocrx_word' id='word_1_47' title='bbox 825 1194 900 1236; x_wconf 87' lang='lat' dir='ltr'>oves</span> <span class='ocrx_word' id='word_1_48' title='bbox 923 1178 961 1236; x_wconf 94' lang='lat' dir='ltr'>ad</span> <span class='ocrx_word' id='word_1_49' title='bbox 986 1179 1171 1238; x_wconf 89' lang='lat' dir='ltr'>occisionem</span> <span class='ocrx_word' id='word_1_50' title='bbox 1195 1178 1350 1236; x_wconf 91' lang='lat' dir='ltr'>ducuntur</span> <span class='ocrx_word' id='word_1_51' title='bbox 1372 1179 1413 1236; x_wconf 91' lang='lat' dir='ltr'>ab</span> <span class='ocrx_word' id='word_1_52' title='bbox 1446 1179 1553 1252; x_wconf 84' lang='lat' dir='ltr'>impiis</span> <span class='ocrx_word' id='word_1_53' title='bbox 1583 1179 1711 1240; x_wconf 88' lang='lat' dir='ltr'>ecclesie</span> 
     </span>
     <span class='ocr_line' id='line_1_7' title="bbox 442 1283 1711 1358; baseline 0.002 -18"><span class='ocrx_word' id='word_1_54' title='bbox 442 1283 499 1342; x_wconf 90' lang='lat' dir='ltr'>filii</span> <span class='ocrx_word' id='word_1_55' title='bbox 524 1288 555 1341; x_wconf 93' lang='lat' dir='ltr'>et</span> <span class='ocrx_word' id='word_1_56' title='bbox 577 1283 692 1357; x_wconf 90' lang='lat' dir='ltr'>prelati</span> <span class='ocrx_word' id='word_1_57' title='bbox 716 1299 804 1358; x_wconf 90' lang='lat' dir='ltr'>quos,</span> <span class='ocrx_word' id='word_1_58' title='bbox 827 1290 863 1342; x_wconf 92' lang='lat' dir='ltr'>ut</span> <span class='ocrx_word' id='word_1_59' title='bbox 885 1283 1049 1358; x_wconf 82' lang='lat' dir='ltr'>prefertur,</span> <span class='ocrx_word' id='word_1_60' title='bbox 1073 1283 1123 1342; x_wconf 92' lang='lat' dir='ltr'>dei</span> <span class='ocrx_word' id='word_1_61' title='bbox 1144 1283 1228 1342; x_wconf 90' lang='lat' dir='ltr'>filius</span> <span class='ocrx_word' id='word_1_62' title='bbox 1252 1284 1395 1343; x_wconf 87' lang='lat' dir='ltr'>custodes</span> <span class='ocrx_word' id='word_1_63' title='bbox 1425 1285 1583 1343; x_wconf 87' lang='lat' dir='ltr'>constituit</span> <span class='ocrx_word' id='word_1_64' title='bbox 1606 1285 1711 1343; x_wconf 90' lang='lat' dir='ltr'>huius·</span> 
     </span>
     <span class='ocr_line' id='line_1_8' title="bbox 443 1389 1709 1466; baseline 0.002 -19"><span class='ocrx_word' id='word_1_65' title='bbox 443 1389 532 1448; x_wconf 89' lang='lat' dir='ltr'>modi</span> <span class='ocrx_word' id='word_1_66' title='bbox 555 1405 668 1464; x_wconf 91' lang='lat' dir='ltr'>sponse</span> <span class='ocrx_word' id='word_1_67' title='bbox 690 1406 744 1448; x_wconf 90' lang='lat' dir='ltr'>sue</span> <span class='ocrx_word' id='word_1_68' title='bbox 767 1405 802 1448; x_wconf 93' lang='lat' dir='ltr'>ac</span> <span class='ocrx_word' id='word_1_69' title='bbox 825 1391 856 1448; x_wconf 92' lang='lat' dir='ltr'>in</span> <span class='ocrx_word' id='word_1_70' title='bbox 881 1391 995 1463; x_wconf 91' lang='lat' dir='ltr'>quibus</span> <span class='ocrx_word' id='word_1_71' title='bbox 1025 1406 1058 1448; x_wconf 89' lang='lat' dir='ltr'>se</span> <span class='ocrx_word' id='word_1_72' title='bbox 1088 1390 1235 1449; x_wconf 91' lang='lat' dir='ltr'>honorari</span> <span class='ocrx_word' id='word_1_73' title='bbox 1266 1391 1407 1465; x_wconf 76' lang='lat' dir='ltr'>precipit</span> <span class='ocrx_word' id='word_1_74' title='bbox 1438 1408 1494 1448; x_wconf 93' lang='lat' dir='ltr'>nec</span> <span class='ocrx_word' id='word_1_75' title='bbox 1524 1392 1709 1466; x_wconf 89' lang='lat' dir='ltr'>contempni,</span> 
     </span>
     <span class='ocr_line' id='line_1_9' title="bbox 444 1497 1710 1571; baseline 0.001 -18"><span class='ocrx_word' id='word_1_76' title='bbox 444 1497 601 1571; x_wconf 88' lang='lat' dir='ltr'>pupillam</span> <span class='ocrx_word' id='word_1_77' title='bbox 625 1497 724 1554; x_wconf 91' lang='lat' dir='ltr'>eciam</span> <span class='ocrx_word' id='word_1_78' title='bbox 747 1497 830 1555; x_wconf 92' lang='lat' dir='ltr'>oculi</span> <span class='ocrx_word' id='word_1_79' title='bbox 853 1497 937 1569; x_wconf 88' lang='lat' dir='ltr'>tangi</span> <span class='ocrx_word' id='word_1_80' title='bbox 960 1497 1128 1570; x_wconf 89' lang='lat' dir='ltr'>prohibens</span> <span class='ocrx_word' id='word_1_81' title='bbox 1151 1497 1183 1554; x_wconf 92' lang='lat' dir='ltr'>in</span> <span class='ocrx_word' id='word_1_82' title='bbox 1205 1497 1331 1555; x_wconf 92' lang='lat' dir='ltr'>eisdem.</span> <span class='ocrx_word' id='word_1_83' title='bbox 1353 1497 1458 1570; x_wconf 82' lang='lat' dir='ltr'>Quum</span> <span class='ocrx_word' id='word_1_84' title='bbox 1474 1497 1581 1571; x_wconf 90' lang='lat' dir='ltr'>utique</span> <span class='ocrx_word' id='word_1_85' title='bbox 1604 1498 1630 1556; x_wconf 91' lang='lat' dir='ltr'>si</span> <span class='ocrx_word' id='word_1_86' title='bbox 1645 1514 1710 1556; x_wconf 89' lang='lat' dir='ltr'>rec-</span> 
     </span>
     <span class='ocr_line' id='line_1_10' title="bbox 442 1599 1709 1678; baseline 0.001 -18"><span class='ocrx_word' id='word_1_87' title='bbox 442 1603 564 1660; x_wconf 88' lang='lat' dir='ltr'>tissima</span> <span class='ocrx_word' id='word_1_88' title='bbox 587 1601 638 1660; x_wconf 87' lang='lat' dir='ltr'>dei</span> <span class='ocrx_word' id='word_1_89' title='bbox 657 1599 772 1678; x_wconf 89' lang='lat' dir='ltr'>judicia</span> <span class='ocrx_word' id='word_1_90' title='bbox 797 1607 827 1660; x_wconf 90' lang='lat' dir='ltr'>et</span> <span class='ocrx_word' id='word_1_91' title='bbox 849 1603 916 1660; x_wconf 91' lang='lat' dir='ltr'>eius</span> <span class='ocrx_word' id='word_1_92' title='bbox 937 1599 1059 1675; x_wconf 86' lang='lat' dir='ltr'>justicia</span> <span class='ocrx_word' id='word_1_93' title='bbox 1094 1602 1337 1676; x_wconf 91' lang='lat' dir='ltr'>perpenduntur,</span> <span class='ocrx_word' id='word_1_94' title='bbox 1369 1603 1427 1661; x_wconf 93' lang='lat' dir='ltr'>hec</span> <span class='ocrx_word' id='word_1_95' title='bbox 1460 1618 1522 1660; x_wconf 92' lang='lat' dir='ltr'>non</span> <span class='ocrx_word' id='word_1_96' title='bbox 1555 1603 1709 1662; x_wconf 92' lang='lat' dir='ltr'>licuerunt</span> 
     </span>
     <span class='ocr_line' id='line_1_11' title="bbox 443 1707 1709 1783; baseline 0 -16"><span class='ocrx_word' id='word_1_97' title='bbox 443 1719 502 1783; x_wconf 88' lang='lat' dir='ltr'>pro</span> <span class='ocrx_word' id='word_1_98' title='bbox 525 1715 610 1767; x_wconf 90' lang='lat' dir='ltr'>certo</span> <span class='ocrx_word' id='word_1_99' title='bbox 633 1708 659 1766; x_wconf 93' lang='lat' dir='ltr'>si</span> <span class='ocrx_word' id='word_1_100' title='bbox 683 1708 777 1766; x_wconf 91' lang='lat' dir='ltr'>decus</span> <span class='ocrx_word' id='word_1_101' title='bbox 807 1708 1009 1782; x_wconf 87' lang='lat' dir='ltr'>magnificum</span> <span class='ocrx_word' id='word_1_102' title='bbox 1044 1707 1256 1766; x_wconf 85' lang='lat' dir='ltr'>consideratur</span> <span class='ocrx_word' id='word_1_103' title='bbox 1291 1708 1570 1767; x_wconf 88' lang='lat' dir='ltr'>ecclesiasticarum</span> <span class='ocrx_word' id='word_1_104' title='bbox 1604 1725 1709 1783; x_wconf 91' lang='lat' dir='ltr'>perso-</span> 
     </span>
     <span class='ocr_line' id='line_1_12' title="bbox 442 1813 1708 1889; baseline 0.002 -17"><span class='ocrx_word' id='word_1_105' title='bbox 442 1830 554 1872; x_wconf 90' lang='lat' dir='ltr'>narum</span> <span class='ocrx_word' id='word_1_106' title='bbox 578 1820 608 1872; x_wconf 92' lang='lat' dir='ltr'>et</span> <span class='ocrx_word' id='word_1_107' title='bbox 631 1816 760 1874; x_wconf 88' lang='lat' dir='ltr'>ecclesie</span> <span class='ocrx_word' id='word_1_108' title='bbox 783 1820 881 1874; x_wconf 91' lang='lat' dir='ltr'>status</span> <span class='ocrx_word' id='word_1_109' title='bbox 903 1829 965 1872; x_wconf 92' lang='lat' dir='ltr'>non</span> <span class='ocrx_word' id='word_1_110' title='bbox 988 1813 1100 1885; x_wconf 89' lang='lat' dir='ltr'>decuit,</span> <span class='ocrx_word' id='word_1_111' title='bbox 1134 1814 1161 1872; x_wconf 92' lang='lat' dir='ltr'>si</span> <span class='ocrx_word' id='word_1_112' title='bbox 1183 1814 1302 1872; x_wconf 92' lang='lat' dir='ltr'>utilitas</span> <span class='ocrx_word' id='word_1_113' title='bbox 1325 1821 1356 1872; x_wconf 91' lang='lat' dir='ltr'>et</span> <span class='ocrx_word' id='word_1_114' title='bbox 1379 1813 1509 1872; x_wconf 82' lang='lat' dir='ltr'>felicitas</span> <span class='ocrx_word' id='word_1_115' title='bbox 1531 1815 1632 1889; x_wconf 93' lang='lat' dir='ltr'>patrie</span> <span class='ocrx_word' id='word_1_116' title='bbox 1655 1832 1708 1874; x_wconf 88' lang='lat' dir='ltr'>no-</span> 
     </span>
     <span class='ocr_line' id='line_1_13' title="bbox 441 1919 1708 1996; baseline 0.002 -18"><span class='ocrx_word' id='word_1_117' title='bbox 441 1925 534 1993; x_wconf 88' lang='lat' dir='ltr'>tetur,</span> <span class='ocrx_word' id='word_1_118' title='bbox 558 1921 589 1979; x_wconf 92' lang='lat' dir='ltr'>id</span> <span class='ocrx_word' id='word_1_119' title='bbox 612 1937 673 1980; x_wconf 93' lang='lat' dir='ltr'>non</span> <span class='ocrx_word' id='word_1_120' title='bbox 696 1927 763 1979; x_wconf 91' lang='lat' dir='ltr'>erat</span> <span class='ocrx_word' id='word_1_121' title='bbox 786 1919 962 1994; x_wconf 85' lang='lat' dir='ltr'>expediens,</span> <span class='ocrx_word' id='word_1_122' title='bbox 986 1921 1113 1978; x_wconf 91' lang='lat' dir='ltr'>omnino</span> <span class='ocrx_word' id='word_1_123' title='bbox 1136 1920 1273 1978; x_wconf 86' lang='lat' dir='ltr'>maxime</span> <span class='ocrx_word' id='word_1_124' title='bbox 1296 1921 1356 1978; x_wconf 91' lang='lat' dir='ltr'>hiis</span> <span class='ocrx_word' id='word_1_125' title='bbox 1379 1919 1490 1978; x_wconf 90' lang='lat' dir='ltr'>diebus</span> <span class='ocrx_word' id='word_1_126' title='bbox 1524 1927 1555 1979; x_wconf 93' lang='lat' dir='ltr'>et</span> <span class='ocrx_word' id='word_1_127' title='bbox 1589 1931 1708 1996; x_wconf 91' lang='lat' dir='ltr'>tempo·</span> 
     </span>
     <span class='ocr_line' id='line_1_14' title="bbox 440 2025 1707 2102; baseline 0.002 -18"><span class='ocrx_word' id='word_1_128' title='bbox 440 2027 528 2084; x_wconf 92' lang='lat' dir='ltr'>ribus</span> <span class='ocrx_word' id='word_1_129' title='bbox 551 2027 710 2101; x_wconf 86' lang='lat' dir='ltr'>inpacatis,</span> <span class='ocrx_word' id='word_1_130' title='bbox 733 2042 892 2100; x_wconf 91' lang='lat' dir='ltr'>nunquam</span> <span class='ocrx_word' id='word_1_131' title='bbox 916 2027 947 2084; x_wconf 92' lang='lat' dir='ltr'>in</span> <span class='ocrx_word' id='word_1_132' title='bbox 970 2027 1087 2084; x_wconf 90' lang='lat' dir='ltr'>talibus</span> <span class='ocrx_word' id='word_1_133' title='bbox 1110 2025 1273 2084; x_wconf 88' lang='lat' dir='ltr'>adherebit</span> <span class='ocrx_word' id='word_1_134' title='bbox 1297 2027 1403 2099; x_wconf 88' lang='lat' dir='ltr'>lingua</span> <span class='ocrx_word' id='word_1_135' title='bbox 1417 2027 1532 2101; x_wconf 91' lang='lat' dir='ltr'>palato,</span> <span class='ocrx_word' id='word_1_136' title='bbox 1549 2043 1707 2102; x_wconf 92' lang='lat' dir='ltr'>nunquam</span> 
     </span>
     <span class='ocr_line' id='line_1_15' title="bbox 441 2133 1707 2206; baseline 0.002 -16"><span class='ocrx_word' id='word_1_137' title='bbox 441 2133 574 2191; x_wconf 89' lang='lat' dir='ltr'>silencio</span> <span class='ocrx_word' id='word_1_138' title='bbox 596 2134 760 2192; x_wconf 91' lang='lat' dir='ltr'>hominum</span> <span class='ocrx_word' id='word_1_139' title='bbox 782 2134 867 2192; x_wconf 90' lang='lat' dir='ltr'>labia</span> <span class='ocrx_word' id='word_1_140' title='bbox 890 2134 1102 2204; x_wconf 87' lang='lat' dir='ltr'>conticescent,</span> <span class='ocrx_word' id='word_1_141' title='bbox 1125 2149 1286 2206; x_wconf 90' lang='lat' dir='ltr'>nunquam</span> <span class='ocrx_word' id='word_1_142' title='bbox 1309 2149 1373 2191; x_wconf 89' lang='lat' dir='ltr'>vox</span> <span class='ocrx_word' id='word_1_143' title='bbox 1394 2133 1558 2192; x_wconf 89' lang='lat' dir='ltr'>hominum</span> <span class='ocrx_word' id='word_1_144' title='bbox 1591 2135 1707 2193; x_wconf 83' lang='lat' dir='ltr'>exalta-</span> 
     </span>
     <span class='ocr_line' id='line_1_16' title="bbox 442 2239 1707 2313; baseline 0.002 -17"><span class='ocrx_word' id='word_1_145' title='bbox 442 2239 528 2297; x_wconf 88' lang='lat' dir='ltr'>bitur</span> <span class='ocrx_word' id='word_1_146' title='bbox 552 2239 633 2311; x_wconf 92' lang='lat' dir='ltr'>inde,</span> <span class='ocrx_word' id='word_1_147' title='bbox 656 2239 735 2296; x_wconf 93' lang='lat' dir='ltr'>alias</span> <span class='ocrx_word' id='word_1_148' title='bbox 758 2239 847 2313; x_wconf 88' lang='lat' dir='ltr'>quasi</span> <span class='ocrx_word' id='word_1_149' title='bbox 870 2239 954 2309; x_wconf 90' lang='lat' dir='ltr'>tuba,</span> <span class='ocrx_word' id='word_1_150' title='bbox 978 2245 1012 2296; x_wconf 93' lang='lat' dir='ltr'>ut</span> <span class='ocrx_word' id='word_1_151' title='bbox 1034 2239 1107 2296; x_wconf 92' lang='lat' dir='ltr'>huic</span> <span class='ocrx_word' id='word_1_152' title='bbox 1129 2239 1249 2298; x_wconf 92' lang='lat' dir='ltr'>crudeli</span> <span class='ocrx_word' id='word_1_153' title='bbox 1271 2239 1390 2313; x_wconf 94' lang='lat' dir='ltr'>populo</span> <span class='ocrx_word' id='word_1_154' title='bbox 1413 2255 1470 2297; x_wconf 90' lang='lat' dir='ltr'>sua</span> <span class='ocrx_word' id='word_1_155' title='bbox 1491 2239 1609 2298; x_wconf 88' lang='lat' dir='ltr'>scelera</span> <span class='ocrx_word' id='word_1_156' title='bbox 1630 2257 1707 2299; x_wconf 92' lang='lat' dir='ltr'>nun·</span> 
     </span>
     <span class='ocr_line' id='line_1_17' title="bbox 444 2344 1705 2421; baseline 0.002 -19"><span class='ocrx_word' id='word_1_157' title='bbox 444 2345 570 2404; x_wconf 86' lang='lat' dir='ltr'>cientur.</span> <span class='ocrx_word' id='word_1_158' title='bbox 594 2345 621 2403; x_wconf 94' lang='grc' dir='ltr'>Ο</span> <span class='ocrx_word' id='word_1_159' title='bbox 643 2344 875 2418; x_wconf 83' lang='lat' dir='ltr'>ingratitudinis</span> <span class='ocrx_word' id='word_1_160' title='bbox 896 2344 1063 2419; x_wconf 90' lang='lat' dir='ltr'>dampnale</span> <span class='ocrx_word' id='word_1_161' title='bbox 1086 2346 1210 2416; x_wconf 89' lang='lat' dir='ltr'>vicium,</span> <span class='ocrx_word' id='word_1_162' title='bbox 1222 2361 1272 2404; x_wconf 91' lang='lat' dir='ltr'>res</span> <span class='ocrx_word' id='word_1_163' title='bbox 1295 2347 1424 2419; x_wconf 90' lang='lat' dir='ltr'>inquam</span> <span class='ocrx_word' id='word_1_164' title='bbox 1439 2347 1567 2419; x_wconf 85' lang='lat' dir='ltr'>ingrata,</span> <span class='ocrx_word' id='word_1_165' title='bbox 1584 2348 1705 2421; x_wconf 91' lang='lat' dir='ltr'>superis</span> 
     </span>
     <span class='ocr_line' id='line_1_18' title="bbox 440 2449 1704 2526; baseline 0.002 -18"><span class='ocrx_word' id='word_1_166' title='bbox 440 2455 471 2508; x_wconf 89' lang='lat' dir='ltr'>et</span> <span class='ocrx_word' id='word_1_167' title='bbox 494 2451 623 2510; x_wconf 90' lang='lat' dir='ltr'>terrenis</span> <span class='ocrx_word' id='word_1_168' title='bbox 646 2449 765 2524; x_wconf 86' lang='lat' dir='ltr'>infesta,</span> <span class='ocrx_word' id='word_1_169' title='bbox 781 2453 841 2510; x_wconf 90' lang='lat' dir='ltr'>heu</span> <span class='ocrx_word' id='word_1_170' title='bbox 864 2451 923 2510; x_wconf 90' lang='lat' dir='ltr'>deo</span> <span class='ocrx_word' id='word_1_171' title='bbox 946 2457 976 2510; x_wconf 87' lang='lat' dir='ltr'>et</span> <span class='ocrx_word' id='word_1_172' title='bbox 998 2452 1180 2510; x_wconf 89' lang='lat' dir='ltr'>hominibus</span> <span class='ocrx_word' id='word_1_173' title='bbox 1201 2451 1333 2510; x_wconf 87' lang='lat' dir='ltr'>molesta</span> <span class='ocrx_word' id='word_1_174' title='bbox 1363 2467 1413 2510; x_wconf 87' lang='lat' dir='ltr'>res</span> <span class='ocrx_word' id='word_1_175' title='bbox 1436 2453 1543 2524; x_wconf 89' lang='lat' dir='ltr'>utique</span> <span class='ocrx_word' id='word_1_176' title='bbox 1567 2467 1628 2526; x_wconf 88' lang='lat' dir='ltr'>qua</span> <span class='ocrx_word' id='word_1_177' title='bbox 1652 2454 1704 2510; x_wconf 85' lang='lat' dir='ltr'>lex</span> 
     </span>
     <span class='ocr_line' id='line_1_19' title="bbox 440 2557 1705 2634; baseline 0.002 -20"><span class='ocrx_word' id='word_1_178' title='bbox 440 2558 574 2615; x_wconf 89' lang='lat' dir='ltr'>humane</span> <span class='ocrx_word' id='word_1_179' title='bbox 596 2562 707 2616; x_wconf 89' lang='lat' dir='ltr'>nature</span> <span class='ocrx_word' id='word_1_180' title='bbox 731 2557 940 2634; x_wconf 82' lang='lat' dir='ltr'>confunditur,</span> <span class='ocrx_word' id='word_1_181' title='bbox 964 2565 1034 2616; x_wconf 87' lang='lat' dir='ltr'>cum</span> <span class='ocrx_word' id='word_1_182' title='bbox 1064 2558 1108 2615; x_wconf 90' lang='lat' dir='ltr'>sic</span> <span class='ocrx_word' id='word_1_183' title='bbox 1138 2557 1198 2615; x_wconf 89' lang='lat' dir='ltr'>filii</span> <span class='ocrx_word' id='word_1_184' title='bbox 1228 2558 1260 2615; x_wconf 92' lang='lat' dir='ltr'>in</span> <span class='ocrx_word' id='word_1_185' title='bbox 1294 2563 1429 2616; x_wconf 89' lang='lat' dir='ltr'>matrem</span> <span class='ocrx_word' id='word_1_186' title='bbox 1462 2562 1493 2616; x_wconf 91' lang='lat' dir='ltr'>et</span> <span class='ocrx_word' id='word_1_187' title='bbox 1528 2558 1705 2632; x_wconf 91' lang='lat' dir='ltr'>spirituales</span> 
     </span>
     <span class='ocr_line' id='line_1_20' title="bbox 440 2663 1705 2737; baseline 0.001 -17"><span class='ocrx_word' id='word_1_188' title='bbox 440 2667 544 2737; x_wconf 90' lang='lat' dir='ltr'>patres</span> <span class='ocrx_word' id='word_1_189' title='bbox 566 2664 690 2722; x_wconf 91' lang='lat' dir='ltr'>seviunt</span> <span class='ocrx_word' id='word_1_190' title='bbox 712 2664 886 2735; x_wconf 86' lang='lat' dir='ltr'>inmaniter,</span> <span class='ocrx_word' id='word_1_191' title='bbox 908 2663 992 2736; x_wconf 91' lang='lat' dir='ltr'>quod</span> <span class='ocrx_word' id='word_1_192' title='bbox 1016 2663 1145 2722; x_wconf 90' lang='lat' dir='ltr'>illorum</span> <span class='ocrx_word' id='word_1_193' title='bbox 1168 2663 1292 2737; x_wconf 89' lang='lat' dir='ltr'>gladius</span> <span class='ocrx_word' id='word_1_194' title='bbox 1316 2664 1448 2721; x_wconf 90' lang='lat' dir='ltr'>istorum</span> <span class='ocrx_word' id='word_1_195' title='bbox 1482 2663 1602 2721; x_wconf 88' lang='lat' dir='ltr'>animas</span> <span class='ocrx_word' id='word_1_196' title='bbox 1632 2666 1705 2722; x_wconf 88' lang='lat' dir='ltr'>reli·</span> 
     </span>
     <span class='ocr_line' id='line_1_21' title="bbox 438 2761 1703 2844; baseline 0.001 -17"><span class='ocrx_word' id='word_1_197' title='bbox 438 2775 509 2842; x_wconf 88' lang='lat' dir='ltr'>gata</span> <span class='ocrx_word' id='word_1_198' title='bbox 531 2761 623 2828; x_wconf 87' lang='lat' dir='ltr'>filiali</span> <span class='ocrx_word' id='word_1_199' title='bbox 646 2769 815 2828; x_wconf 86' lang='lat' dir='ltr'>devocione</span> <span class='ocrx_word' id='word_1_200' title='bbox 837 2770 1019 2844; x_wconf 87' lang='lat' dir='ltr'>penetravit.</span> <span class='ocrx_word' id='word_1_201' title='bbox 1034 2771 1073 2827; x_wconf 91' lang='lat' dir='ltr'>Et</span> <span class='ocrx_word' id='word_1_202' title='bbox 1087 2785 1126 2827; x_wconf 90' lang='lat' dir='ltr'>ne</span> <span class='ocrx_word' id='word_1_203' title='bbox 1142 2770 1256 2828; x_wconf 90' lang='lat' dir='ltr'>horum</span> <span class='ocrx_word' id='word_1_204' title='bbox 1272 2769 1464 2827; x_wconf 84' lang='lat' dir='ltr'>taciturnitas</span> <span class='ocrx_word' id='word_1_205' title='bbox 1480 2769 1571 2826; x_wconf 86' lang='lat' dir='ltr'>nobis</span> <span class='ocrx_word' id='word_1_206' title='bbox 1586 2775 1703 2828; x_wconf 89' lang='lat' dir='ltr'>tantam</span> 
     </span>
     <span class='ocr_line' id='line_1_22' title="bbox 438 2873 1704 2948; baseline 0.002 -16"><span class='ocrx_word' id='word_1_207' title='bbox 438 2876 681 2933; x_wconf 90' lang='lat' dir='ltr'>communicaret</span> <span class='ocrx_word' id='word_1_208' title='bbox 703 2876 864 2946; x_wconf 88' lang='lat' dir='ltr'>offensam,</span> <span class='ocrx_word' id='word_1_209' title='bbox 887 2875 961 2934; x_wconf 91' lang='lat' dir='ltr'>licet</span> <span class='ocrx_word' id='word_1_210' title='bbox 983 2875 1022 2932; x_wconf 93' lang='lat' dir='ltr'>de</span> <span class='ocrx_word' id='word_1_211' title='bbox 1045 2876 1192 2934; x_wconf 89' lang='lat' dir='ltr'>omnibus</span> <span class='ocrx_word' id='word_1_212' title='bbox 1222 2883 1253 2933; x_wconf 90' lang='lat' dir='ltr'>et</span> <span class='ocrx_word' id='word_1_213' title='bbox 1286 2875 1418 2948; x_wconf 91' lang='lat' dir='ltr'>singulis</span> <span class='ocrx_word' id='word_1_214' title='bbox 1454 2873 1639 2948; x_wconf 87' lang='lat' dir='ltr'>supradictis</span> <span class='ocrx_word' id='word_1_215' title='bbox 1674 2881 1704 2934; x_wconf 91' lang='lat' dir='ltr'>et</span> 
     </span>
     <span class='ocr_line' id='line_1_23' title="bbox 438 2979 1703 3055; baseline 0 -17"><span class='ocrx_word' id='word_1_216' title='bbox 438 2981 581 3054; x_wconf 88' lang='lat' dir='ltr'>quolibet</span> <span class='ocrx_word' id='word_1_217' title='bbox 603 2979 817 3055; x_wconf 91' lang='lat' dir='ltr'>predictorum</span> <span class='ocrx_word' id='word_1_218' title='bbox 851 2981 979 3055; x_wconf 91' lang='lat' dir='ltr'>plenam</span> <span class='ocrx_word' id='word_1_219' title='bbox 1013 2987 1043 3038; x_wconf 90' lang='lat' dir='ltr'>et</span> <span class='ocrx_word' id='word_1_220' title='bbox 1077 2981 1284 3040; x_wconf 85' lang='lat' dir='ltr'>sufficientem</span> <span class='ocrx_word' id='word_1_221' title='bbox 1319 2981 1521 3039; x_wconf 91' lang='lat' dir='ltr'>habuerimus</span> <span class='ocrx_word' id='word_1_222' title='bbox 1556 2979 1703 3038; x_wconf 83' lang='lat' dir='ltr'>informa·</span> 
     </span>
     <span class='ocr_line' id='line_1_24' title="bbox 437 3086 1704 3160; baseline 0 -16"><span class='ocrx_word' id='word_1_223' title='bbox 437 3087 558 3144; x_wconf 92' lang='lat' dir='ltr'>cionem</span> <span class='ocrx_word' id='word_1_224' title='bbox 581 3102 638 3160; x_wconf 90' lang='lat' dir='ltr'>per</span> <span class='ocrx_word' id='word_1_225' title='bbox 661 3087 780 3146; x_wconf 92' lang='lat' dir='ltr'>litteras</span> <span class='ocrx_word' id='word_1_226' title='bbox 803 3088 980 3158; x_wconf 90' lang='lat' dir='ltr'>autenticas,</span> <span class='ocrx_word' id='word_1_227' title='bbox 1012 3087 1217 3146; x_wconf 87' lang='lat' dir='ltr'>instrumenta</span> <span class='ocrx_word' id='word_1_228' title='bbox 1247 3087 1376 3160; x_wconf 86' lang='lat' dir='ltr'>publica</span> <span class='ocrx_word' id='word_1_229' title='bbox 1406 3092 1437 3144; x_wconf 86' lang='lat' dir='ltr'>et</span> <span class='ocrx_word' id='word_1_230' title='bbox 1459 3086 1521 3144; x_wconf 89' lang='lat' dir='ltr'>alia</span> <span class='ocrx_word' id='word_1_231' title='bbox 1551 3087 1704 3160; x_wconf 88' lang='lat' dir='ltr'>legittima</span> 
     </span>
     <span class='ocr_line' id='line_1_25' title="bbox 438 3191 1702 3266; baseline -0.001 -16"><span class='ocrx_word' id='word_1_232' title='bbox 438 3191 631 3265; x_wconf 90' lang='lat' dir='ltr'>documenta,</span> <span class='ocrx_word' id='word_1_233' title='bbox 656 3193 809 3265; x_wconf 90' lang='lat' dir='ltr'>nobisque</span> <span class='ocrx_word' id='word_1_234' title='bbox 832 3193 909 3250; x_wconf 92' lang='lat' dir='ltr'>alias</span> <span class='ocrx_word' id='word_1_235' title='bbox 933 3208 990 3266; x_wconf 89' lang='lat' dir='ltr'>per</span> <span class='ocrx_word' id='word_1_236' title='bbox 1011 3192 1083 3250; x_wconf 84' lang='lat' dir='ltr'>iacti</span> <span class='ocrx_word' id='word_1_237' title='bbox 1118 3192 1311 3250; x_wconf 89' lang='lat' dir='ltr'>evidenciam</span> <span class='ocrx_word' id='word_1_238' title='bbox 1345 3192 1507 3266; x_wconf 90' lang='lat' dir='ltr'>publicam</span> <span class='ocrx_word' id='word_1_239' title='bbox 1541 3197 1572 3250; x_wconf 90' lang='lat' dir='ltr'>et</span> <span class='ocrx_word' id='word_1_240' title='bbox 1606 3193 1702 3266; x_wconf 91' lang='lat' dir='ltr'>ipsius</span> 
     </span>
     <span class='ocr_line' id='line_1_26' title="bbox 437 3299 1701 3371; baseline -0.001 -15"><span class='ocrx_word' id='word_1_241' title='bbox 437 3305 613 3356; x_wconf 87' lang='lat' dir='ltr'>constarent</span> <span class='ocrx_word' id='word_1_242' title='bbox 634 3299 811 3357; x_wconf 86' lang='lat' dir='ltr'>evidentem</span> <span class='ocrx_word' id='word_1_243' title='bbox 835 3299 1058 3371; x_wconf 89' lang='lat' dir='ltr'>notorietatem,</span> <span class='ocrx_word' id='word_1_244' title='bbox 1082 3315 1154 3356; x_wconf 93' lang='lat' dir='ltr'>cum</span> <span class='ocrx_word' id='word_1_245' title='bbox 1178 3299 1265 3356; x_wconf 90' lang='lat' dir='ltr'>nulla</span> <span class='ocrx_word' id='word_1_246' title='bbox 1294 3299 1414 3371; x_wconf 91' lang='lat' dir='ltr'>possint</span> <span class='ocrx_word' id='word_1_247' title='bbox 1444 3299 1701 3371; x_wconf 86' lang='lat' dir='ltr'>tergiversacione</span> 
     </span>
     <span class='ocr_line' id='line_1_27' title="bbox 437 3403 1696 3478; baseline -0.002 -16"><span class='ocrx_word' id='word_1_248' title='bbox 437 3405 540 3473; x_wconf 92' lang='lat' dir='ltr'>celari,</span> <span class='ocrx_word' id='word_1_249' title='bbox 565 3405 701 3462; x_wconf 85' lang='lat' dir='ltr'>maxime</span> <span class='ocrx_word' id='word_1_250' title='bbox 736 3421 808 3462; x_wconf 91' lang='lat' dir='ltr'>cum</span> <span class='ocrx_word' id='word_1_251' title='bbox 842 3409 907 3463; x_wconf 90' lang='lat' dir='ltr'>tota</span> <span class='ocrx_word' id='word_1_252' title='bbox 940 3405 1040 3478; x_wconf 89' lang='lat' dir='ltr'>patria</span> <span class='ocrx_word' id='word_1_253' title='bbox 1074 3419 1201 3477; x_wconf 87' lang='lat' dir='ltr'>presens</span> <span class='ocrx_word' id='word_1_254' title='bbox 1236 3411 1266 3462; x_wconf 91' lang='lat' dir='ltr'>et</span> <span class='ocrx_word' id='word_1_255' title='bbox 1300 3405 1402 3462; x_wconf 88' lang='lat' dir='ltr'>vicina</span> <span class='ocrx_word' id='word_1_256' title='bbox 1437 3403 1476 3462; x_wconf 92' lang='lat' dir='ltr'>de</span> <span class='ocrx_word' id='word_1_257' title='bbox 1508 3405 1567 3462; x_wconf 90' lang='lat' dir='ltr'>hiis</span> <span class='ocrx_word' id='word_1_258' title='bbox 1599 3403 1696 3461; x_wconf 89' lang='lat' dir='ltr'>eciam</span> 
     </span>
     <span class='ocr_line' id='line_1_28' title="bbox 435 3509 1698 3586; baseline -0.001 -18"><span class='ocrx_word' id='word_1_259' title='bbox 435 3511 571 3568; x_wconf 88' lang='lat' dir='ltr'>clament</span> <span class='ocrx_word' id='word_1_260' title='bbox 591 3515 621 3567; x_wconf 95' lang='lat' dir='ltr'>et</span> <span class='ocrx_word' id='word_1_261' title='bbox 643 3511 769 3568; x_wconf 89' lang='lat' dir='ltr'>doleant</span> <span class='ocrx_word' id='word_1_262' title='bbox 791 3513 985 3581; x_wconf 86' lang='lat' dir='ltr'>affectanter;</span> <span class='ocrx_word' id='word_1_263' title='bbox 1012 3516 1116 3568; x_wconf 89' lang='lat' dir='ltr'>tamen</span> <span class='ocrx_word' id='word_1_264' title='bbox 1138 3510 1216 3586; x_wconf 85' lang='lat' dir='ltr'>juris</span> <span class='ocrx_word' id='word_1_265' title='bbox 1239 3509 1382 3568; x_wconf 90' lang='lat' dir='ltr'>ordinem</span> <span class='ocrx_word' id='word_1_266' title='bbox 1399 3525 1523 3569; x_wconf 87' lang='lat' dir='ltr'>servare</span> <span class='ocrx_word' id='word_1_267' title='bbox 1539 3510 1698 3584; x_wconf 88' lang='lat' dir='ltr'>cupientes</span> 
     </span>
     <span class='ocr_line' id='line_1_29' title="bbox 436 3613 1702 3692; baseline -0.001 -18"><span class='ocrx_word' id='word_1_268' title='bbox 436 3617 468 3674; x_wconf 92' lang='lat' dir='ltr'>in</span> <span class='ocrx_word' id='word_1_269' title='bbox 491 3615 659 3690; x_wconf 87' lang='lat' dir='ltr'>premissis,</span> <span class='ocrx_word' id='word_1_270' title='bbox 693 3631 728 3674; x_wconf 92' lang='lat' dir='ltr'>ac</span> <span class='ocrx_word' id='word_1_271' title='bbox 762 3616 873 3674; x_wconf 89' lang='lat' dir='ltr'>micius</span> <span class='ocrx_word' id='word_1_272' title='bbox 909 3616 1076 3690; x_wconf 90' lang='lat' dir='ltr'>procedere</span> <span class='ocrx_word' id='word_1_273' title='bbox 1111 3621 1217 3674; x_wconf 90' lang='lat' dir='ltr'>contra</span> <span class='ocrx_word' id='word_1_274' title='bbox 1247 3631 1308 3686; x_wconf 93' lang='lat' dir='ltr'>eos,</span> <span class='ocrx_word' id='word_1_275' title='bbox 1334 3631 1407 3674; x_wconf 92' lang='lat' dir='ltr'>cum</span> <span class='ocrx_word' id='word_1_276' title='bbox 1441 3617 1480 3674; x_wconf 91' lang='lat' dir='ltr'>sit</span> <span class='ocrx_word' id='word_1_277' title='bbox 1506 3616 1603 3689; x_wconf 90' lang='lat' dir='ltr'>rigori</span> <span class='ocrx_word' id='word_1_278' title='bbox 1625 3613 1702 3692; x_wconf 90' lang='lat' dir='ltr'>juris</span> 
     </span>
     <span class='ocr_line' id='line_1_30' title="bbox 436 3721 1700 3796; baseline 0 -17"><span class='ocrx_word' id='word_1_279' title='bbox 436 3727 565 3796; x_wconf 88' lang='lat' dir='ltr'>propter</span> <span class='ocrx_word' id='word_1_280' title='bbox 595 3723 793 3779; x_wconf 88' lang='lat' dir='ltr'>severitatem</span> <span class='ocrx_word' id='word_1_281' title='bbox 827 3721 996 3794; x_wconf 90' lang='lat' dir='ltr'>aliquando</span> <span class='ocrx_word' id='word_1_282' title='bbox 1032 3721 1260 3779; x_wconf 91' lang='lat' dir='ltr'>detrahendum</span> <span class='ocrx_word' id='word_1_283' title='bbox 1295 3721 1381 3780; x_wconf 91' lang='lat' dir='ltr'>iuxta</span> <span class='ocrx_word' id='word_1_284' title='bbox 1414 3721 1585 3794; x_wconf 84' lang='lat' dir='ltr'>legittimas</span> <span class='ocrx_word' id='word_1_285' title='bbox 1616 3737 1700 3780; x_wconf 89' lang='lat' dir='ltr'>sanc-</span> 
     </span>
     <span class='ocr_line' id='line_1_31' title="bbox 436 3827 1701 3902; baseline -0.002 -15"><span class='ocrx_word' id='word_1_286' title='bbox 436 3830 539 3887; x_wconf 90' lang='lat' dir='ltr'>ciones</span> <span class='ocrx_word' id='word_1_287' title='bbox 562 3833 593 3885; x_wconf 92' lang='lat' dir='ltr'>et</span> <span class='ocrx_word' id='word_1_288' title='bbox 616 3829 713 3886; x_wconf 92' lang='lat' dir='ltr'>eciam</span> <span class='ocrx_word' id='word_1_289' title='bbox 736 3845 774 3886; x_wconf 90' lang='lat' dir='ltr'>ne</span> <span class='ocrx_word' id='word_1_290' title='bbox 797 3829 929 3886; x_wconf 93' lang='lat' dir='ltr'>nimium</span> <span class='ocrx_word' id='word_1_291' title='bbox 961 3843 1094 3902; x_wconf 90' lang='lat' dir='ltr'>propere</span> <span class='ocrx_word' id='word_1_292' title='bbox 1117 3837 1147 3886; x_wconf 90' lang='lat' dir='ltr'>et</span> <span class='ocrx_word' id='word_1_293' title='bbox 1168 3829 1401 3886; x_wconf 90' lang='lat' dir='ltr'>exhorbitanter</span> <span class='ocrx_word' id='word_1_294' title='bbox 1424 3827 1591 3902; x_wconf 89' lang='lat' dir='ltr'>procedere</span> <span class='ocrx_word' id='word_1_295' title='bbox 1615 3828 1701 3885; x_wconf 91' lang='lat' dir='ltr'>vide-</span> 
     </span>
     <span class='ocr_line' id='line_1_32' title="bbox 434 3932 1700 4010; baseline -0.002 -18"><span class='ocrx_word' id='word_1_296' title='bbox 434 3949 549 4006; x_wconf 91' lang='lat' dir='ltr'>remur,</span> <span class='ocrx_word' id='word_1_297' title='bbox 573 3947 765 4007; x_wconf 87' lang='lat' dir='ltr'>quamquam</span> <span class='ocrx_word' id='word_1_298' title='bbox 788 3940 853 3992; x_wconf 90' lang='lat' dir='ltr'>tam</span> <span class='ocrx_word' id='word_1_299' title='bbox 876 3949 894 3991; x_wconf 90' lang='lat' dir='ltr'>a</span> <span class='ocrx_word' id='word_1_300' title='bbox 916 3932 983 4010; x_wconf 89' lang='lat' dir='ltr'>jure</span> <span class='ocrx_word' id='word_1_301' title='bbox 1007 3949 1102 4008; x_wconf 89' lang='lat' dir='ltr'>quam</span> <span class='ocrx_word' id='word_1_302' title='bbox 1125 3935 1304 3992; x_wconf 89' lang='lat' dir='ltr'>hominibus</span> <span class='ocrx_word' id='word_1_303' title='bbox 1327 3934 1405 3992; x_wconf 91' lang='lat' dir='ltr'>alias</span> <span class='ocrx_word' id='word_1_304' title='bbox 1428 3935 1490 3991; x_wconf 90' lang='lat' dir='ltr'>sint</span> <span class='ocrx_word' id='word_1_305' title='bbox 1511 3939 1542 3991; x_wconf 90' lang='lat' dir='ltr'>et</span> <span class='ocrx_word' id='word_1_306' title='bbox 1559 3935 1700 4003; x_wconf 88' lang='lat' dir='ltr'>existant,</span> 
     </span>
     <span class='ocr_line' id='line_1_33' title="bbox 434 4033 1699 4114; baseline -0.001 -17"><span class='ocrx_word' id='word_1_307' title='bbox 434 4054 543 4112; x_wconf 91' lang='lat' dir='ltr'>ymmo</span> <span class='ocrx_word' id='word_1_308' title='bbox 565 4044 637 4097; x_wconf 90' lang='lat' dir='ltr'>sunt</span> <span class='ocrx_word' id='word_1_309' title='bbox 659 4045 689 4098; x_wconf 89' lang='lat' dir='ltr'>et</span> <span class='ocrx_word' id='word_1_310' title='bbox 712 4041 847 4098; x_wconf 88' lang='lat' dir='ltr'>existunt</span> <span class='ocrx_word' id='word_1_311' title='bbox 870 4039 908 4097; x_wconf 94' lang='lat' dir='ltr'>de</span> <span class='ocrx_word' id='word_1_312' title='bbox 930 4041 1066 4114; x_wconf 88' lang='lat' dir='ltr'>presenti</span> <span class='ocrx_word' id='word_1_313' title='bbox 1088 4033 1220 4099; x_wconf 86' lang='lat' dir='ltr'>diversis</span> <span class='ocrx_word' id='word_1_314' title='bbox 1242 4038 1610 4110; x_wconf 86' lang='lat' dir='ltr'>excommunicacionum,</span> <span class='ocrx_word' id='word_1_315' title='bbox 1647 4054 1699 4111; x_wconf 93' lang='lat' dir='ltr'>ag·</span> 
     </span>
     <span class='ocr_line' id='line_1_34' title="bbox 436 4145 1700 4220; baseline -0.002 -17"><span class='ocrx_word' id='word_1_316' title='bbox 436 4147 667 4220; x_wconf 86' lang='lat' dir='ltr'>gravacionum,</span> <span class='ocrx_word' id='word_1_317' title='bbox 693 4147 991 4219; x_wconf 86' lang='lat' dir='ltr'>reaggravacionum</span> <span class='ocrx_word' id='word_1_318' title='bbox 1014 4151 1044 4204; x_wconf 91' lang='lat' dir='ltr'>et</span> <span class='ocrx_word' id='word_1_319' title='bbox 1074 4145 1229 4204; x_wconf 88' lang='lat' dir='ltr'>interdicti</span> <span class='ocrx_word' id='word_1_320' title='bbox 1256 4146 1418 4204; x_wconf 88' lang='lat' dir='ltr'>sentenciis</span> <span class='ocrx_word' id='word_1_321' title='bbox 1444 4149 1509 4202; x_wconf 89' lang='lat' dir='ltr'>tam</span> <span class='ocrx_word' id='word_1_322' title='bbox 1536 4145 1568 4203; x_wconf 92' lang='lat' dir='ltr'>in</span> <span class='ocrx_word' id='word_1_323' title='bbox 1598 4145 1700 4219; x_wconf 90' lang='lat' dir='ltr'>specie</span> 
     </span>
     <span class='ocr_line' id='line_1_35' title="bbox 437 4249 1699 4327; baseline -0.002 -17"><span class='ocrx_word' id='word_1_324' title='bbox 437 4267 532 4325; x_wconf 90' lang='lat' dir='ltr'>quam</span> <span class='ocrx_word' id='word_1_325' title='bbox 555 4253 721 4326; x_wconf 85' lang='lat' dir='ltr'>ingerere</span> <span class='ocrx_word' id='word_1_326' title='bbox 744 4252 881 4310; x_wconf 91' lang='lat' dir='ltr'>innodati</span> <span class='ocrx_word' id='word_1_327' title='bbox 905 4257 935 4310; x_wconf 92' lang='lat' dir='ltr'>et</span> <span class='ocrx_word' id='word_1_328' title='bbox 958 4253 1055 4310; x_wconf 89' lang='lat' dir='ltr'>eciam</span> <span class='ocrx_word' id='word_1_329' title='bbox 1080 4253 1189 4310; x_wconf 88' lang='lat' dir='ltr'>irretiti</span> <span class='ocrx_word' id='word_1_330' title='bbox 1219 4249 1387 4327; x_wconf 86' lang='lat' dir='ltr'>jamquea</span> <span class='ocrx_word' id='word_1_331' title='bbox 1421 4251 1566 4325; x_wconf 87' lang='lat' dir='ltr'>pluribus</span> <span class='ocrx_word' id='word_1_332' title='bbox 1602 4251 1699 4321; x_wconf 90' lang='lat' dir='ltr'>annis,</span> 
     </span>
     <span class='ocr_line' id='line_1_36' title="bbox 436 4357 1699 4431; baseline -0.001 -16"><span class='ocrx_word' id='word_1_333' title='bbox 436 4359 596 4416; x_wconf 91' lang='lat' dir='ltr'>mensibus</span> <span class='ocrx_word' id='word_1_334' title='bbox 619 4363 650 4416; x_wconf 90' lang='lat' dir='ltr'>et</span> <span class='ocrx_word' id='word_1_335' title='bbox 671 4358 789 4429; x_wconf 88' lang='lat' dir='ltr'>diebus,</span> <span class='ocrx_word' id='word_1_336' title='bbox 813 4373 869 4416; x_wconf 93' lang='lat' dir='ltr'>nos</span> <span class='ocrx_word' id='word_1_337' title='bbox 892 4375 930 4416; x_wconf 90' lang='lat' dir='ltr'>ex</span> <span class='ocrx_word' id='word_1_338' title='bbox 953 4357 1056 4417; x_wconf 85' lang='lat' dir='ltr'>officio</span> <span class='ocrx_word' id='word_1_339' title='bbox 1079 4363 1185 4416; x_wconf 92' lang='lat' dir='ltr'>nostro</span> <span class='ocrx_word' id='word_1_340' title='bbox 1201 4359 1291 4416; x_wconf 90' lang='lat' dir='ltr'>nobis</span> <span class='ocrx_word' id='word_1_341' title='bbox 1308 4359 1514 4428; x_wconf 90' lang='lat' dir='ltr'>incumbente,</span> <span class='ocrx_word' id='word_1_342' title='bbox 1539 4357 1699 4431; x_wconf 86' lang='lat' dir='ltr'>cupientes</span> 
     </span>
     <span class='ocr_line' id='line_1_37' title="bbox 434 4460 1698 4538; baseline -0.002 -16"><span class='ocrx_word' id='word_1_343' title='bbox 434 4463 612 4522; x_wconf 90' lang='lat' dir='ltr'>huiusmodi</span> <span class='ocrx_word' id='word_1_344' title='bbox 636 4463 788 4522; x_wconf 89' lang='lat' dir='ltr'>scandalis</span> <span class='ocrx_word' id='word_1_345' title='bbox 811 4465 949 4536; x_wconf 90' lang='lat' dir='ltr'>obviare,</span> <span class='ocrx_word' id='word_1_346' title='bbox 972 4463 1098 4521; x_wconf 89' lang='lat' dir='ltr'>eosdem</span> <span class='ocrx_word' id='word_1_347' title='bbox 1121 4464 1213 4534; x_wconf 77' lang='lat' dir='ltr'>civeS,</span> <span class='ocrx_word' id='word_1_348' title='bbox 1238 4463 1381 4538; x_wconf 89' lang='lat' dir='ltr'>populos,</span> <span class='ocrx_word' id='word_1_349' title='bbox 1413 4460 1539 4538; x_wconf 89' lang='lat' dir='ltr'>judices,</span> <span class='ocrx_word' id='word_1_350' title='bbox 1571 4461 1698 4538; x_wconf 90' lang='lat' dir='ltr'>juratos,</span> 
     </span>
     <span class='ocr_line' id='line_1_38' title="bbox 433 4569 1698 4643; baseline -0.002 -15"><span class='ocrx_word' id='word_1_351' title='bbox 433 4569 559 4642; x_wconf 91' lang='lat' dir='ltr'>incolas,</span> <span class='ocrx_word' id='word_1_352' title='bbox 583 4570 724 4628; x_wconf 89' lang='lat' dir='ltr'>homines</span> <span class='ocrx_word' id='word_1_353' title='bbox 748 4574 778 4626; x_wconf 91' lang='lat' dir='ltr'>et</span> <span class='ocrx_word' id='word_1_354' title='bbox 800 4569 890 4627; x_wconf 91' lang='lat' dir='ltr'>illam</span> <span class='ocrx_word' id='word_1_355' title='bbox 913 4570 1169 4628; x_wconf 89' lang='lat' dir='ltr'>communitatem</span> <span class='ocrx_word' id='word_1_356' title='bbox 1192 4569 1379 4642; x_wconf 84' lang='lat' dir='ltr'>sacrilegam</span> <span class='ocrx_word' id='word_1_357' title='bbox 1403 4585 1459 4643; x_wconf 92' lang='lat' dir='ltr'>per</span> <span class='ocrx_word' id='word_1_358' title='bbox 1483 4569 1560 4626; x_wconf 92' lang='lat' dir='ltr'>certi</span> <span class='ocrx_word' id='word_1_359' title='bbox 1582 4569 1698 4626; x_wconf 90' lang='lat' dir='ltr'>tenoris</span> 
     </span>
     <span class='ocr_line' id='line_1_39' title="bbox 431 4674 1699 4750; baseline -0.002 -16"><span class='ocrx_word' id='word_1_360' title='bbox 431 4677 552 4734; x_wconf 88' lang='lat' dir='ltr'>litteras</span> <span class='ocrx_word' id='word_1_361' title='bbox 574 4681 696 4734; x_wconf 91' lang='lat' dir='ltr'>nostras</span> <span class='ocrx_word' id='word_1_362' title='bbox 718 4675 750 4734; x_wconf 93' lang='lat' dir='ltr'>in</span> <span class='ocrx_word' id='word_1_363' title='bbox 774 4674 875 4733; x_wconf 86' lang='lat' dir='ltr'>forma</span> <span class='ocrx_word' id='word_1_364' title='bbox 896 4675 1017 4734; x_wconf 90' lang='lat' dir='ltr'>debitas</span> <span class='ocrx_word' id='word_1_365' title='bbox 1040 4681 1071 4734; x_wconf 91' lang='lat' dir='ltr'>et</span> <span class='ocrx_word' id='word_1_366' title='bbox 1099 4681 1260 4734; x_wconf 75' lang='lat' dir='ltr'>consuetas</span> <span class='ocrx_word' id='word_1_367' title='bbox 1293 4692 1351 4750; x_wconf 90' lang='lat' dir='ltr'>per</span> <span class='ocrx_word' id='word_1_368' title='bbox 1387 4681 1486 4734; x_wconf 89' lang='lat' dir='ltr'>certos</span> <span class='ocrx_word' id='word_1_369' title='bbox 1520 4680 1699 4734; x_wconf 89' lang='lat' dir='ltr'>executores</span> 
     </span>
     <span class='ocr_line' id='line_1_40' title="bbox 431 4781 1697 4858; baseline -0.002 -17"><span class='ocrx_word' id='word_1_370' title='bbox 431 4789 554 4842; x_wconf 88' lang='lat' dir='ltr'>nostros</span> <span class='ocrx_word' id='word_1_371' title='bbox 578 4781 780 4842; x_wconf 90' lang='lat' dir='ltr'>ecclesiarum</span> <span class='ocrx_word' id='word_1_372' title='bbox 803 4789 938 4840; x_wconf 90' lang='lat' dir='ltr'>rectores</span> <span class='ocrx_word' id='word_1_373' title='bbox 962 4789 992 4840; x_wconf 94' lang='lat' dir='ltr'>et</span> <span class='ocrx_word' id='word_1_374' title='bbox 1014 4783 1175 4858; x_wconf 87' lang='lat' dir='ltr'>plebanos,</span> <span class='ocrx_word' id='word_1_375' title='bbox 1199 4783 1286 4840; x_wconf 88' lang='lat' dir='ltr'>viros</span> <span class='ocrx_word' id='word_1_376' title='bbox 1309 4781 1458 4841; x_wconf 88' lang='lat' dir='ltr'>discretos</span> <span class='ocrx_word' id='word_1_377' title='bbox 1482 4787 1512 4839; x_wconf 92' lang='lat' dir='ltr'>et</span> <span class='ocrx_word' id='word_1_378' title='bbox 1541 4781 1697 4852; x_wconf 89' lang='lat' dir='ltr'>honestos,</span> 
     </span>
     <span class='ocr_line' id='line_1_41' title="bbox 430 4886 1697 4963; baseline -0.003 -16"><span class='ocrx_word' id='word_1_379' title='bbox 430 4889 462 4948; x_wconf 91' lang='lat' dir='ltr'>in</span> <span class='ocrx_word' id='word_1_380' title='bbox 485 4889 604 4947; x_wconf 90' lang='lat' dir='ltr'>eisdem</span> <span class='ocrx_word' id='word_1_381' title='bbox 625 4889 738 4946; x_wconf 88' lang='lat' dir='ltr'>litteris</span> <span class='ocrx_word' id='word_1_382' title='bbox 760 4889 872 4947; x_wconf 88' lang='lat' dir='ltr'>nostris</span> <span class='ocrx_word' id='word_1_383' title='bbox 896 4888 937 4946; x_wconf 92' lang='lat' dir='ltr'>ad</span> <span class='ocrx_word' id='word_1_384' title='bbox 960 4889 1019 4947; x_wconf 90' lang='lat' dir='ltr'>hoc</span> <span class='ocrx_word' id='word_1_385' title='bbox 1041 4889 1217 4963; x_wconf 91' lang='lat' dir='ltr'>specialiter</span> <span class='ocrx_word' id='word_1_386' title='bbox 1229 4888 1403 4962; x_wconf 90' lang='lat' dir='ltr'>deputatos,</span> <span class='ocrx_word' id='word_1_387' title='bbox 1421 4893 1549 4962; x_wconf 90' lang='lat' dir='ltr'>paterne</span> <span class='ocrx_word' id='word_1_388' title='bbox 1566 4886 1697 4945; x_wconf 82' lang='lat' dir='ltr'>fecimus</span> 
     </span>
     <span class='ocr_line' id='line_1_42' title="bbox 431 4993 1697 5068; baseline -0.004 -15"><span class='ocrx_word' id='word_1_389' title='bbox 431 4995 548 5068; x_wconf 90' lang='lat' dir='ltr'>requiri</span> <span class='ocrx_word' id='word_1_390' title='bbox 582 5000 613 5052; x_wconf 89' lang='lat' dir='ltr'>et</span> <span class='ocrx_word' id='word_1_391' title='bbox 646 4995 744 5052; x_wconf 91' lang='lat' dir='ltr'>eciam</span> <span class='ocrx_word' id='word_1_392' title='bbox 779 4995 900 5053; x_wconf 91' lang='lat' dir='ltr'>moneri</span> <span class='ocrx_word' id='word_1_393' title='bbox 923 4994 1095 5068; x_wconf 90' lang='lat' dir='ltr'>diligenter,</span> <span class='ocrx_word' id='word_1_394' title='bbox 1118 5001 1152 5054; x_wconf 94' lang='lat' dir='ltr'>ut</span> <span class='ocrx_word' id='word_1_395' title='bbox 1174 4995 1204 5053; x_wconf 94' lang='lat' dir='ltr'>in</span> <span class='ocrx_word' id='word_1_396' title='bbox 1228 4995 1318 5052; x_wconf 88' lang='lat' dir='ltr'>certis</span> <span class='ocrx_word' id='word_1_397' title='bbox 1343 4994 1484 5053; x_wconf 88' lang='lat' dir='ltr'>terminis</span> <span class='ocrx_word' id='word_1_398' title='bbox 1508 4993 1639 5052; x_wconf 89' lang='lat' dir='ltr'>diversis</span> <span class='ocrx_word' id='word_1_399' title='bbox 1662 5009 1697 5050; x_wconf 93' lang='lat' dir='ltr'>ac</span> 
     </span>
    </p>
   </div>
   <div class='ocr_carea' id='block_1_3' title="bbox 0 0 1978 5803">
    <p class='ocr_par' dir='ltr' id='par_1_3' title="bbox 0 0 1978 5803">
     <span class='ocr_line' id='line_1_43' title="bbox 0 0 1978 5803; baseline 0 0"><span class='ocrx_word' id='word_1_400' title='bbox 0 0 1978 5803; x_wconf 95' lang='lat' dir='ltr'> </span> 
     </span>
    </p>
   </div>
  </div>
 </body>
</html>
