3804 5858
620 615 696 674 Dec·
714 626 789 691 374
814 645 855 656 -
878 614 935 672 An·
960 627 1051 691 1494·

197 721 485 727 ————-.-
491 718 1158 726 —-———--.-.—-—.———-——-————-—--—-
1170 719 1249 724 .-.-..-
1263 719 1379 725 --..-.-
1389 719 1457 725 ...---

194 831 331 889 liberam
356 828 511 887 vendendi
534 844 629 903 panes
652 835 740 887 extra
757 813 954 892 ,territorium
979 827 1059 887 dicte
1072 829 1205 886 civitatis
1217 829 1351 886 habeant
1364 825 1462 886 iacul-

194 941 297 994 tatem.
321 933 435 993 Nullus
458 935 556 992 eciam
579 935 742 993 hominum
766 935 871 993 vineas
889 933 1116 992 condicionales
1138 933 1367 1008 possidencium
1391 935 1463 992 abs·

195 1057 264 1118 que¹
278 1042 355 1100 scitu
369 1040 507 1100 eiusdem
522 1041 643 1100 comitis
654 1041 752 1100 nostri
764 1041 913 1114 colligere
925 1047 978 1098 aut
989 1041 1097 1099 vinum
1111 1039 1291 1100 earumdem
1302 1042 1464 1098 vinearum

194 1147 452 1206 condicionalium
478 1148 510 1206 in
532 1146 627 1205 domo
648 1161 797 1222 reponere
820 1152 923 1220 potest
945 1162 1000 1204 nec
1023 1146 1117 1204 audet
1139 1146 1234 1205 modo
1249 1146 1381 1219 aliquali
1397 1147 1456 1205 sub

194 1254 358 1312 amissione
388 1253 525 1311 eiusdem
558 1254 630 1311 vini.
654 1252 704 1311 Sic
735 1257 766 1312 et
789 1251 898 1311 eodem
921 1252 1016 1309 modo
1039 1253 1146 1310 nullus
1170 1252 1334 1311 hominurn
1358 1259 1455 1310 terras

196 1373 378 1418 communes
402 1359 520 1433 absque
543 1359 750 1417 convencione
774 1363 804 1416 et
826 1358 904 1416 scitu
927 1357 1002 1416 dicti
1024 1358 1121 1416 nostri
1144 1358 1265 1416 comitis
1288 1373 1393 1416 arrare
1408 1364 1463 1418 aut

194 1465 418 1539 quoquomodo
449 1465 573 1536 collere,
605 1481 661 1524 nec
683 1470 773 1539 prata
804 1480 856 1523 seu
881 1461 988 1522 senilia
1017 1468 1123 1522 nostra
1147 1465 1324 1522 communia
1347 1463 1461 1523 fateare

199 1571 312 1628 audeat
345 1587 401 1629 nec
433 1578 648 1646 presumpmat
688 1571 782 1630 modo
817 1571 947 1644 aliquali
981 1571 1040 1628 sub
1074 1569 1238 1628 amissione
1272 1571 1460 1629 seminature

195 1683 225 1735 et
261 1677 405 1735 fenorum
440 1678 470 1736 in
502 1677 621 1736 eisdem
651 1678 831 1736 habitorum
866 1681 896 1734 et
929 1676 1137 1735 existencium.
1161 1677 1240 1735 Item
1274 1677 1381 1748 eciam,
1405 1677 1457 1750 qui

193 1783 316 1842 racione
345 1797 407 1842 non
441 1783 610 1843 solucionis
633 1791 843 1858 proventuum
866 1782 941 1842 dicti
962 1784 1059 1842 nostri
1081 1783 1245 1842 comitatus
1268 1783 1328 1856 ipsi
1352 1783 1459 1840 comiti

193 1897 300 1948 nostro
314 1890 381 1948 sive
395 1889 574 1948 hominibus
586 1889 734 1962 eiusdem,
757 1905 814 1964 per
835 1889 940 1963 ipsum
963 1887 1003 1946 ad
1025 1887 1058 1946 id
1070 1887 1242 1962 deputatos,
1258 1887 1389 1946 vadium
1404 1903 1458 1946 seu

192 1995 304 2069 pignus
326 1996 449 2054 racione
472 2011 615 2054 excessus
638 1997 668 2054 iu
682 1996 840 2070 premissis
856 1995 993 2068 recipere
1016 2009 1078 2053 non
1101 1995 1323 2068 permitterent,
1340 1993 1451 2052 eadem

194 2115 273 2174 pena
307 2101 450 2175 superius
484 2107 663 2175 expressata
694 2103 861 2175 puniantur
892 2106 923 2158 et
947 2101 1170 2159 convincantur
1193 2102 1261 2174 ipso
1285 2099 1376 2158 iacto.
1399 2101 1456 2157 As·

194 2206 386 2279 sumpsimus
403 2207 530 2281 insuper
552 2216 583 2265 et
598 2207 842 2281 assumpmimus
859 2212 893 2264 ut
908 2206 935 2265 si
950 2205 1051 2264 eidem
1068 2207 1174 2264 comiti
1190 2211 1296 2264 nostro
1308 2205 1461 2263 moderno

194 2327 232 2368 ex
253 2312 377 2370 racione
407 2317 512 2382 nostre
544 2313 777 2371 communitatis
801 2311 930 2386 aliquod
954 2311 1127 2384 dampnum
1149 2306 1180 2369 in
1205 2312 1364 2385 premissis
1387 2325 1457 2370 eve·

194 2418 260 2475 nire
292 2417 465 2491 contigerit,
499 2419 637 2492 propriis
667 2419 781 2504 nostris
804 2419 982 2492 sumptibus
1005 2423 1035 2476 et
1058 2418 1201 2491 expensis
1223 2415 1403 2476 reformare.
1426 2417 1461 2476 In

194 2537 329 2596 quorum
353 2525 494 2582 omniurn
514 2525 738 2597 premissorum
755 2525 853 2582 robur
875 2529 906 2582 et
928 2521 1110 2582 firmitatem
1132 2529 1225 2598 atque
1248 2525 1460 2582 testimonium

195 2629 390 2703 presentibus
419 2629 530 2688 litteris
560 2630 673 2688 nostris
704 2630 881 2704 patentibus
915 2629 1056 2703 sigillum
1087 2637 1229 2688 nostrum
1253 2643 1460 2687 communes

194 2740 281 2808 tergo
304 2735 343 2792 de
366 2749 453 2794 more
476 2735 553 2794 alias
576 2743 723 2794 consveto
747 2735 893 2794 duximus
915 2733 1170 2809 imprimendum.
1194 2735 1311 2794 Datum
1334 2737 1366 2793 in
1390 2749 1460 2809 pre

195 2839 277 2898 dicto
301 2840 351 2899 die
374 2839 444 2899 festi
468 2841 550 2899 beati
580 2841 738 2900 Valentini
761 2843 908 2900 martiris.
933 2843 1023 2900 Anno
1047 2841 1166 2900 domini
1189 2841 1360 2900 millesimo
1383 2856 1459 2916 qua·

194 2945 435 3020 dringentesimo
457 2948 659 3020 nonagesimo
682 2953 802 3021 quarto.

300 3081 435 3147 Originale
453 3083 481 3132 in
499 3083 596 3134 charta.
609 3083 695 3147 Tergo
713 3083 867 3148 impressum
885 3089 925 3132 est
944 3081 1065 3146 sigillum.
1091 3085 1124 3132 In
1142 3083 1238 3136 archiv.
1257 3083 1302 3134 lib.
1322 3101 1375 3148 reg.
1394 3083 1464 3136 civit.

194 3170 295 3234 ragrab.

788 3381 876 3452 3¹14.

303 3505 385 3555 Anno
408 3517 483 3569 1494,
505 3517 537 3568 14
565 3505 691 3568 Augusti.
712 3506 861 3570 Zagrabiae.

202 3641 305 3700 Coram
328 3643 454 3718 capitulo
476 3642 594 3717 sagrab.
617 3643 674 3700 duo
689 3643 901 3717 praetendant·
919 3661 978 3703 sese
993 3643 1117 3719 posthac
1132 3645 1163 3701 in
1184 3644 1312 3702 domibus
1334 3646 1397 3703 suis
1412 3663 1460 3703 su-

353 3756 462 3823 spectas
482 3747 624 3822 quasdam
638 3755 783 3822 personas
805 3769 862 3807 non
883 3750 1033 3808 habituros
1046 3751 1229 3824 promittant.

302 3891 366 3950 Nos
389 3892 569 3950 Franciscus
591 3891 630 3950 de
652 3892 803 3952 Zelrchew
825 3899 855 3951 et
874 3895 1024 3952 Martinus
1047 3893 1086 3952 de
1109 3893 1198 3952 Obed
1221 3893 1462 3968 tenth-kereztb,

198 3997 404 4072 prebendarii,
439 3997 616 4071 obligamus
646 4015 711 4072 nos,
746 3999 830 4073 quod
859 4000 973 4058 amodo
996 4005 1026 4058 et
1055 4001 1087 4058 in
1111 4005 1200 4060 antea
1220 4001 1372 4076 quasdam
1395 4015 1461 4060 sus·

198 4109 303 4178 pectas
326 4117 472 4178 personas
495 4103 528 4161 in
551 4103 696 4162 domibus
719 4107 833 4164 nostris
856 4121 917 4164 non
941 4107 1114 4164 tenebimus
1137 4121 1237 4181 neque
1270 4107 1384 4165 intrare
1408 4106 1461 4164 ad-

197 4211 365 4282 mittemus,
388 4215 418 4268 et
441 4209 525 4282 quod
547 4217 653 4283 portas
676 4215 759 4270 retro
783 4211 894 4270 domus
906 4219 1027 4270 nostras
1042 4216 1072 4269 et
1094 4211 1176 4270 inira
1186 4187 1305 4272 'hortos
1329 4213 1460 4284 habitas,

198 4309 290 4394 (sera)
315 4315 371 4374 sed
393 4331 449 4374 nec
480 4315 600 4374 halrclto
630 4318 812 4388 tenebimus,
836 4319 895 4376 sub
926 4333 1006 4393 pena
1029 4319 1217 4392 privacionis
1239 4318 1462 4378 beneficiorum

198 4420 620 4496 nostrorumipsoiact0.1n
645 4424 754 4497 vigilia
776 4425 1002 4499 assumpcionis
1025 4425 1128 4484 Marie.
1153 4417 1358 4505 (Franciscus)
1375 4425 1458 4484 idem

199 4528 252 4600 qui
276 4543 380 4601 supra,
397 4529 546 4600 consensi,
570 4545 611 4588 m.
635 4546 664 4604 p.
689 4535 720 4588 et
743 4545 801 4604 ego
824 4531 983 4603 Martinus,
1007 4547 1048 4590 m.
1072 4548 1101 4606 p.

304 4665 383 4714 Liber
402 4665 496 4715 rubeus
514 4683 572 4716 ven.
591 4668 667 4732 capit.
687 4668 787 4730 zagrab.
807 4669 840 4716 Iu
858 4667 927 4720 arch.
946 4667 1007 4721 incl.
1027 4668 1113 4720 Acad.
1133 4668 1229 4720 Scient.
1254 4666 1352 4719 Slavor.
1372 4667 1462 4718 merid.

1298 4775 1311 4804 1
