3930 5802
736 609 812 667 Doc.
836 603 904 666 116.
926 641 969 652 -
992 608 1047 667 An.
1073 604 1165 686 1438.
1244 587 1246 590 ⁵
1514 601 1574 684 ibt

309 824 388 883 libet
412 841 470 900 per
491 839 589 882 unum
605 823 757 882 florenum
774 824 842 882 auri
858 827 1009 898 emptum,
1033 823 1178 882 undecim
1194 828 1316 881 troncos
1332 817 1438 897 apum,
1462 835 1576 882 novem

309 931 495 1003 'lintiamina,
519 931 657 1005 quinque
679 931 823 989 camisias
846 931 1018 988 muliebres
1050 930 1226 1004 superiores
1249 929 1280 986 in
1303 929 1388 1000 wlgo
1412 928 1498 986 surla
1521 943 1575 986 vo·

308 1043 400 1109 catas,
424 1043 454 1095 et
477 1036 586 1095 decem
608 1036 752 1096 camisias
785 1037 938 1095 mulibres
970 1034 1140 1106 interiores,
1176 1035 1304 1107 ligones,
1332 1045 1463 1106 secures,
1494 1033 1577 1092 ferra

307 1143 403 1202 aratri
425 1159 462 1202 ac
484 1159 592 1202 omnes
616 1159 666 1201 res
690 1149 720 1201 et
743 1143 826 1200 bona
849 1143 989 1216 ipsorum
1018 1142 1180 1200 hominurn
1205 1141 1237 1199 in
1260 1139 1368 1199 eadem
1391 1140 1470 1198 villa
1493 1154 1577 1198 oom-

307 1250 501 1309 morancium
525 1251 690 1324 recepisset
713 1254 743 1307 et
766 1249 807 1308 ad
830 1251 935 1324 ipsum
959 1253 1096 1306 castrum
1119 1246 1239 1306 Medwe
1269 1245 1458 1318 deduxisset,
1490 1248 1575 1322 ipsos

305 1355 448 1414 homines
471 1355 502 1414 in
526 1356 635 1414 eadem
658 1356 739 1414 uilla
766 1359 995 1414 commorantes
1030 1353 1216 1428 captivasset
1238 1358 1268 1410 et
1288 1359 1396 1427 captos
1426 1353 1466 1410 ad
1489 1343 1575 1412 idem

308 1467 443 1518 castrum
468 1459 657 1532 adduxisset,
681 1465 711 1518 et
734 1460 773 1517 de
796 1459 938 1534 quolibet
967 1459 1108 1533 ipsorum
1133 1463 1195 1516 tres
1224 1457 1357 1516 florenos
1381 1459 1449 1516 auri
1472 1466 1576 1533 pacta·

309 1567 372 1625 tive
395 1567 569 1640 recepisset,
603 1565 756 1640 quosdam
790 1581 867 1625 vero
901 1581 996 1640 super
1026 1565 1221 1623 fideiussoria
1252 1565 1397 1623 caucione
1428 1565 1573 1624 similiter

307 1677 447 1747 pactatos
471 1672 647 1732 dimisisset.
679 1671 729 1730 Ad
753 1671 836 1746 quod
868 1670 982 1747 prefati
1006 1675 1222 1747 procuratores
1251 1673 1388 1730 annotati
1411 1672 1573 1744 Vylhelmi

308 1779 556 1852 respondissent:
581 1779 665 1854 quod
688 1780 755 1854 ipse
771 1779 959 1852 Vylbelmus
975 1779 1005 1836 in
1022 1777 1202 1836 huiusmodi
1218 1777 1395 1835 accionibus
1417 1777 1574 1839 dictorum

308 1885 426 1944 civium
461 1885 605 1944 innocens
639 1890 719 1944 esset
742 1890 771 1944 et
794 1885 955 1955 immunis;
989 1882 1119 1959 pretatis
1152 1883 1243 1942 Petro
1266 1888 1297 1941 et
1317 1883 1421 1942 Blasio
1451 1884 1574 1942 ciuibus

306 2007 338 2050 se
362 1991 419 2050 hec
449 1993 673 2051 nonnullorum
707 1992 881 2066 proborum
916 1992 1058 2050 virorum
1092 1989 1344 2049 attestacionibus
1375 1989 1520 2048 veridicis
1544 1995 1574 2050 et

305 2097 376 2155 aliis
399 2097 619 2172 probabilibus
643 2097 837 2156 documentis
868 2097 900 2156 in
922 2097 1065 2171 partibus
1087 2094 1251 2154 Sclauonie
1279 2096 1364 2154 etin
1387 2095 1468 2154 dicta
1499 2096 1573 2154 civi·

306 2207 368 2262 tate
391 2211 496 2263 nostra
518 2205 655 2279 probare
686 2207 778 2279 posse
814 2204 1032 2276 asserentibus,
1062 2201 1176 2278 prefati
1210 2202 1284 2260 bani
1316 2202 1416 2260 nostri
1438 2217 1573 2272 unacum

305 2308 395 2368 dictis
418 2324 527 2368 eorum
548 2311 756 2369 assessoribus
788 2309 827 2368 de
850 2309 991 2384 parcium
1022 2309 1184 2367 voluntate
1215 2323 1310 2382 super
1330 2308 1491 2382 premissis
1514 2309 1571 2366 hu-

305 2414 441 2474 iusmodi
461 2415 682 2491 probacionem
717 2431 824 2474 coram
857 2415 1006 2474 fidelibus
1029 2414 1150 2486 nostris,
1184 2411 1342 2488 Stephano
1365 2413 1503 2472 Biczkele
1533 2413 1572 2472 de

303 2520 465 2582 Zelnawar
500 2538 537 2580 ac
568 2523 709 2606 Johanne
740 2522 844 2581 Thoth
879 2522 917 2580 de
940 2519 1160 2592 Zwmzedwar,
1196 2533 1315 2578 necnon
1347 2517 1499 2593 Gregorio
1533 2519 1572 2577 de

307 2627 455 2687 Vmouch
477 2634 508 2687 et
529 2629 621 2688 Petro
644 2629 683 2688 de
705 2627 924 2702 Schytaryeua,
948 2627 1127 2686 hominibus
1157 2626 1270 2684 nostris
1293 2640 1351 2700 per
1373 2640 1430 2684 nos
1452 2625 1492 2683 ad
1514 2625 1572 2683 bec

240 2764 245 2776 ·
305 2735 483 2809 specialiter
506 2735 670 2811 deputatis,
705 2735 856 2808 Zagrabie
886 2733 1040 2808 premisso
1071 2739 1181 2791 octavo
1205 2731 1254 2790 die
1277 2730 1348 2790 festi
1371 2731 1486 2789 Pasche
1517 2731 1572 2789 do-

307 2842 384 2900 mini
407 2841 477 2901 fieri
499 2841 613 2900 debere
636 2841 833 2900 admisissent
848 2847 879 2899 et
895 2840 1087 2899 distulissent
1105 2839 1224 2898 taliter:
1249 2837 1333 2912 quod
1349 2837 1464 2912 prefati
1486 2839 1570 2896 cives

306 2949 439 3007 civitatis
474 2949 615 3024 predicte
637 2965 673 3007 ac
706 2948 848 3007 homines
878 2948 910 3006 in
943 2946 1026 3006 dicta
1049 2945 1191 3005 Gradsan
1226 2949 1454 3002 commorantes
1477 2942 1571 3001 docu-

304 3061 409 3113 menta
433 3061 464 3113 et
486 3056 700 3114 attestaciones
716 3071 826 3114 eorum
841 3070 936 3128 super
952 3053 1112 3129 premissis
1128 3051 1315 3110 necessarias
1331 3065 1437 3109 coram
1453 3049 1571 3108 eisdem

302 3161 483 3219 hominibus
505 3161 618 3220 nostris
640 3161 813 3236 producere
836 3165 1004 3232 teneantur,
1028 3159 1150 3234 ipsique
1166 3157 1290 3216 Vlricus
1314 3173 1417 3216 comes
1439 3161 1470 3215 et
1493 3156 1569 3229 Vyl-

303 3267 429 3326 helmus
459 3267 622 3326 huiumodi
658 3268 908 3327 attestacionibus
940 3267 1063 3339 habitis,
1086 3266 1174 3324 iuxta
1202 3265 1352 3323 iudicium
1387 3263 1570 3321 eorumdem

304 3379 483 3432 nostrorum
506 3375 669 3432 hominum
693 3374 782 3433 dictis
805 3374 931 3449 populis
953 3374 984 3432 in
1007 3371 1118 3431 eadem
1133 3370 1277 3430 Gradsan
1300 3370 1568 3428 commorantibus

303 3495 399 3554 super
432 3481 585 3539 universis
620 3495 729 3539 eorum
763 3479 907 3556 dampnis
936 3479 1111 3538 satisfacere
1145 3483 1328 3536 tenerentur.
1363 3477 1450 3548 Item,
1485 3475 1570 3550 quod

300 3584 378 3644 feria
402 3587 511 3660 quinta
533 3587 679 3662 proxima
701 3593 771 3646 ante
795 3588 909 3646 festum
932 3587 1015 3645 beati
1030 3585 1150 3644 Thome
1173 3585 1316 3658 apostoli,
1333 3583 1476 3658 proxime
1499 3599 1570 3656 pre·

301 3693 437 3766 teritum,
466 3693 608 3752 homines
631 3699 661 3752 et
694 3692 864 3751 familiares
900 3697 1118 3750 annotatorum
1150 3691 1251 3749 Vlrici
1286 3691 1406 3749 comitis
1437 3695 1467 3747 et
1491 3689 1570 3762 Vyl-

246 3829 247 3832 κ
300 3798 399 3857 helmi
423 3799 584 3858 castellani
614 3799 753 3858 eiusdem
783 3798 822 3858 ad
847 3798 957 3856 domos
980 3813 1033 3855 seu
1056 3796 1180 3855 stabula
1210 3796 1326 3854 civium
1349 3796 1563 3870 predictorum

304 3920 399 3977 penes
422 3905 531 3964 vineas
554 3905 736 3964 eorumdem
760 3906 876 3964 civium
895 3905 1031 3963 civitatis
1054 3902 1193 3978 predicte
1210 3903 1374 3961 existentes
1398 3906 1428 3960 et
1449 3903 1570 3976 habita,

305 4011 465 4085 irruentes,
488 4027 507 4069 a
529 4011 758 4084 Bartholomeo,
777 4010 894 4070 Thatar
917 4010 1007 4084 dicto,
1031 3997 1166 4084 q'uatum
1188 4009 1294 4080 boves,
1310 4024 1405 4066 unam
1430 4023 1565 4082 vaccam,

304 4132 402 4175 unum
424 4117 567 4192 pallium,
592 4133 688 4176 unum
721 4116 873 4176 florenum
903 4117 971 4175 auri
1005 4117 1170 4188 valentem,
1204 4130 1299 4172 unam
1322 4115 1466 4186 tunicam,
1501 4121 1563 4174 tres

301 4238 412 4296 pensas
433 4223 591 4281 valentem
615 4229 645 4281 et
667 4223 845 4298 quindecim
867 4223 1005 4296 ligones3
1038 4223 1113 4280 item
1136 4221 1256 4279 ibidem
1287 4236 1385 4278 unum
1407 4221 1567 4278 hominem

301 4327 466 4387 detinendo
487 4330 528 4386 ab
551 4328 661 4387 eodem
686 4331 823 4403 quinque
846 4345 919 4387 cum
942 4327 1045 4387 media
1064 4341 1176 4403 pensas
1192 4327 1391 4385 denariorum
1414 4342 1568 4399 vyennen·

297 4435 387 4506 sium,
411 4434 579 4492 biccellum
613 4451 685 4493 cum
719 4436 853 4508 cingulo,
887 4451 995 4494 arcum
1026 4451 1098 4493 cum
1128 4433 1247 4507 sagittis
1279 4447 1315 4490 ac
1338 4432 1482 4506 tunicam,
1505 4446 1566 4506 pro

300 4541 402 4598 tribus
424 4541 529 4615 pensis
550 4547 698 4616 emptam,
714 4547 745 4601 et
767 4542 923 4618 capicium
945 4557 1004 4616 pro
1028 4541 1233 4615 quadraginta
1256 4538 1390 4598 denariis
1413 4545 1566 4612 emptum,

302 4647 497 4720 recepissent.
532 4645 654 4720 Quibus
676 4648 789 4707 auditis
825 4647 938 4723 prefati
966 4653 1183 4722 procuratores
1218 4651 1435 4705 annotatorum
1467 4645 1568 4703 Vlrici

301 4753 423 4811 comitis
445 4758 476 4811 et
498 4753 670 4826 Vylbelmi,
685 4752 801 4830 judicio
824 4755 1037 4829 predictorum
1061 4753 1208 4828 Stephani
1232 4752 1395 4825 Bychlrele,
1417 4751 1565 4834 Johannis

299 4859 390 4930 Totb,
414 4858 558 4933 Gregorii
582 4859 620 4918 de
643 4859 804 4919 Wrnouch
830 4867 860 4919 et
886 4861 970 4920 Petri
992 4861 1031 4920 de
1062 4859 1282 4933 Schytaryeuo,
1304 4855 1459 4934 jamdictis
1474 4859 1566 4917 Petro

301 4970 332 5025 et
355 4965 459 5024 Blasio
482 4966 604 5026 civibus
626 4967 898 5040 consencientibus,
921 4965 1009 5043 juxta
1032 4951 1216 5025 eorumdem
1241 4965 1358 5024 civium
1381 4951 1566 5038 comprobass

300 5073 404 5132 ciones
428 5073 604 5148 legittimas,
629 5074 740 5148 fiendo,
764 5075 986 5134 submisissent.
1009 5075 1095 5146 Item,
1121 5071 1205 5148 quod
1228 5073 1260 5130 in
1279 5072 1387 5146 vigilia
1403 5069 1473 5128 festi
1494 5087 1565 5130 con-

1460 5170 1477 5210 e
