3804 5858
394 469 458 548 416
800 465 876 526 Duc.
904 461 972 537 326.
996 495 1040 508 -
1063 464 1110 522 An
1146 457 1235 540 1481.

395 685 500 754 caseis,
524 683 748 758 quinquaginta
770 682 839 740 ovis
862 680 907 738 nil
930 680 1078 737 solvatur.
1112 679 1189 736 Item
1220 677 1260 736 de
1290 677 1388 752 pullis
1410 682 1441 735 et
1462 677 1546 736 aucis
1577 677 1657 737 intra

394 791 534 848 valorem
565 788 672 847 decem
704 787 913 856 denariorum,
943 786 988 844 nil
1019 786 1169 854 solvatur,
1199 791 1228 841 et
1258 785 1285 842 si
1316 783 1430 842 tuerint
1452 782 1493 841 ad
1515 784 1656 842 valorem

393 893 500 954 decem
525 894 732 966 denariorum,
757 893 902 951 denarius
932 891 1062 950 medius.
1095 891 1172 949 Item
1196 890 1235 948 de
1266 889 1370 964 pedite
1393 887 1573 964 ponderato,
1605 887 1657 948 de·

393 1003 498 1060 narius
520 1009 607 1059 ultus.
630 1001 708 1058 item
732 999 771 1058 de
794 999 898 1074 pedite
921 1009 1028 1070 vacuo,
1054 997 1199 1056 denarius
1230 996 1361 1055 medius.
1383 997 1460 1055 Item
1485 994 1524 1052 de
1547 995 1657 1069 viginti

394 1107 504 1182 capris,
528 1103 675 1165 denarius
697 1117 785 1164 ttntts.
809 1105 885 1164 item
911 1104 950 1162 de
973 1105 1083 1177 viginti
1116 1103 1264 1177 porcellis
1296 1115 1349 1160 seu
1373 1102 1489 1173 suellis
1513 1102 1657 1160 denarius

394 1223 482 1270 unus.
505 1212 585 1270 Item
609 1211 648 1270 de
673 1212 796 1270 duobus
820 1211 902 1268 vasis
925 1210 1032 1268 vacuis
1053 1209 1227 1282 venalibus,
1251 1207 1395 1266 denarius
1414 1223 1501 1268 unus.
1524 1207 1602 1266 Item
1617 1207 1657 1266 de

392 1317 493 1394 t'rtbus
516 1317 624 1390 doleis,
647 1317 791 1376 denarius
814 1329 900 1375 unus.
925 1317 1002 1374 Item
1019 1315 1058 1374 de
1081 1316 1186 1374 mattis
1208 1313 1336 1372 fiscellis
1351 1315 1464 1372 zachor
1478 1313 1518 1371 ad
1535 1313 1656 1387 pondus

393 1424 575 1496 humanum,
598 1423 744 1482 denarias
766 1433 853 1482 unus.
878 1423 956 1480 Item
972 1423 1012 1480 de
1027 1423 1126 1481 ocreis
1149 1428 1178 1480 et
1194 1422 1264 1479 aliis
1279 1421 1391 1478 calceIs
1406 1433 1504 1494 usque
1520 1421 1657 1494 quinque

393 1531 480 1604 paris
504 1543 665 1588 ocresrum
689 1535 719 1587 et
742 1528 848 1587 decern
873 1528 960 1602 paria
984 1529 1168 1598 calceorum,
1200 1527 1344 1585 denarius
1375 1526 1515 1597 medius;
1536 1525 1576 1584 de
1599 1527 1656 1585 mi-

392 1637 461 1693 nori
492 1650 567 1694 vero
598 1648 729 1693 numero
759 1635 803 1692 nil
833 1634 983 1693 solvatur.
1017 1635 1095 1692 Item
1126 1633 1165 1692 de
1188 1631 1311 1690 duobus
1342 1632 1466 1692 cutibus
1489 1632 1655 1705 dispositis,

393 1740 537 1800 densrirts
560 1747 647 1800 unus.
671 1742 747 1798 Item
781 1740 820 1798 de
850 1746 985 1814 quatuor
1016 1741 1139 1799 cutibus
1170 1739 1369 1812 indispositis,
1400 1739 1545 1798 denarius
1568 1753 1655 1797 unus.

394 1847 472 1904 Item
492 1846 532 1905 de
555 1861 648 1905 curru
670 1861 761 1918 novo,
786 1845 930 1906 denarius
954 1861 1040 1905 unus.
1068 1847 1144 1905 Item
1167 1846 1208 1905 de
1238 1845 1360 1904 duabus
1383 1847 1459 1904 rotis
1481 1846 1580 1917 novis,
1602 1845 1656 1903 de·

392 1953 496 2011 narius
520 1952 648 2011 medius.
673 1953 749 2010 Item
773 1953 812 2011 de
835 1954 907 2012 tinis
930 1959 961 2012 et
982 1953 1078 2012 idteis
1100 1958 1387 2027 quantumcumque
1411 1952 1444 2010 io
1466 1951 1561 2010 dorso
1584 1965 1656 2025 por·

392 2064 458 2115 tare
481 2059 603 2132 poterit,
625 2057 768 2117 denarius
785 2058 915 2118 medius.
938 2059 1016 2117 Item
1033 2058 1072 2116 de
1087 2057 1278 2128 vomeribus,
1293 2057 1463 2129 securibus,
1486 2057 1656 2130 ligonibus,

391 2164 481 2238 palis,
511 2165 679 2237 terebellis,
711 2164 853 2237 falcibus,
876 2163 962 2241 juxta
995 2164 1133 2240 pondus,
1169 2163 1313 2221 denarius
1343 2161 1473 2222 medius.
1507 2163 1585 2222 Item
1617 2163 1656 2222 de

392 2269 545 2329 fructibus
566 2271 777 2344 cuiuscunque
799 2272 930 2344 generis,
954 2269 1062 2344 poncio
1084 2269 1226 2329 modesta
1248 2270 1424 2344 recipiatur.
1448 2267 1526 2328 Item
1557 2271 1655 2328 carni·

391 2375 465 2433 lices
488 2377 514 2434 si
537 2375 657 2434 ibidem
679 2377 812 2434 vendere
835 2378 971 2450 poterint
1005 2391 1114 2435 carnes
1137 2382 1167 2435 et
1198 2383 1309 2442 cutem,
1341 2376 1486 2435 denarius
1509 2391 1598 2448 unus,
1629 2377 1656 2436 si

388 2487 496 2539 autem
519 2481 653 2540 vendere
676 2498 737 2541 uon
762 2484 905 2558 poterint,
937 2483 1081 2542 denarius
1108 2483 1237 2541 medius.
1268 2482 1345 2540 Item
1368 2483 1408 2541 de
1431 2483 1570 2557 capriolo
1600 2483 1653 2540 vel

394 2588 520 2659 agnello
540 2601 603 2646 nno
627 2589 678 2646 vel
702 2589 832 2661 duobus,
857 2588 895 2646 de
926 2591 1062 2663 quinque
1086 2590 1192 2664 pullis,
1223 2590 1325 2647 suello
1348 2603 1418 2661 uno,
1442 2589 1494 2647 vel
1522 2589 1654 2656 duobus,

395 2693 500 2768 lepide
524 2695 598 2752 salis
622 2709 683 2752 uno
704 2700 736 2752 et
767 2695 873 2767 lepore
901 2709 971 2766 uno
1000 2696 1151 2753 tributum
1175 2709 1236 2754 non
1266 2695 1442 2768 recipiatur,
1463 2695 1508 2752 ita
1531 2701 1654 2754 tamem

396 2799 480 2872 quod
505 2801 531 2857 si
554 2801 667 2858 trorum
692 2800 796 2874 aliqua
826 2799 920 2858 vendi
954 2813 1015 2858 non
1045 2801 1181 2876 poterim
1212 2801 1346 2859 denariis
1377 2800 1550 2873 duodecim,
1575 2802 1655 2859 etsi

392 2904 573 2977 vendentur,
596 2905 767 2980 recipiatur
798 2905 919 2965 medius
949 2906 1102 2966 denarius.
1133 2907 1210 2964 Item
1239 2913 1398 2982 emptores
1428 2907 1542 2965 salium
1571 2906 1652 2966 intra

392 3010 556 3070 duodecim
581 3011 732 3085 denarios,
755 3025 816 3070 non
840 3018 1001 3072 teneantur
1023 3014 1146 3072 solvere
1176 3014 1340 3072 tributum.
1375 3014 1453 3072 item
1476 3013 1654 3072 venditores

389 3115 452 3175 olei
474 3115 565 3176 unius
588 3119 705 3191 ingene,
730 3119 890 3177 denarium
913 3132 1018 3178 unum.
1052 3119 1129 3178 Item
1161 3121 1200 3178 de
1223 3121 1367 3192 arcubus,
1397 3119 1560 3179 denarium
1590 3133 1654 3178 me·

391 3223 487 3282 dium.
512 3224 587 3282 ltem
610 3223 650 3282 de
671 3223 796 3296 gladiis,
820 3224 981 3283 denarium
1006 3225 1153 3284 tedium.
1178 3226 1255 3284 Item
1279 3225 1317 3283 de
1340 3226 1469 3298 sagittis,
1493 3225 1652 3284 denarium

393 3329 542 3388 mediisin.
563 3331 641 3388 Item
667 3329 705 3388 de
728 3331 854 3404 clypeis,
891 3331 1052 3389 densitum
1083 3329 1230 3391 medium.
1263 3333 1340 3390 item
1364 3331 1402 3390 de
1425 3345 1487 3389 uno
1510 3332 1654 3390 vehiculo

391 3441 521 3493 onerato
544 3443 677 3509 quatuor
699 3437 752 3494 vel
774 3451 828 3494 sex
857 3438 1044 3496 animalibus
1077 3439 1235 3509 trahendo,
1259 3439 1376 3496 donarii
1407 3445 1549 3513 quatuor.
1576 3439 1654 3497 Item

392 3541 431 3598 de
453 3542 598 3600 vehiculo
631 3550 729 3618 parvo
761 3543 882 3601 duobus
912 3544 1103 3602 enimalibus
1136 3544 1297 3615 tralrendc,
1329 3544 1447 3602 denarii
1470 3541 1540 3603 duo.
1576 3545 1653 3602 ltem

392 3646 431 3704 de
453 3647 599 3706 vehiculo
629 3663 685 3721 per
717 3661 811 3706 unum
843 3650 1001 3707 bominem
1033 3651 1193 3722 trahendo,
1224 3650 1367 3708 denarius
1386 3663 1477 3708 unus.
1505 3650 1582 3708 Item
1604 3665 1654 3708 ar·

392 3750 492 3810 titices
515 3752 639 3810 solvant
662 3754 740 3812 sicut
764 3755 818 3811 alii
838 3753 968 3827 pedites.
993 3753 1070 3814 ltem
1099 3756 1140 3814 de
1163 3758 1306 3815 cunibus
1329 3757 1526 3830 nupcialibus
1549 3762 1579 3815 et
1599 3758 1651 3815 ho

391 3858 528 3915 nnnibus
549 3859 648 3916 nichil
672 3860 822 3933 exigatur.
855 3861 933 3918 Item
964 3861 1002 3919 de
1028 3862 1134 3920 'bladis
1166 3863 1319 3920 nobilium
1350 3870 1380 3920 et
1402 3863 1591 3936 ignobilium
1613 3862 1653 3921 ad

390 3963 570 4023 molendIna
602 3964 790 4023 deducendis
824 3973 854 4023 et
888 3967 1089 4040 deportandis
1119 3969 1164 4026 nil
1199 3969 1347 4041 exigatur.
1384 3969 1462 4027 Item
1493 3984 1512 4026 a
1541 3967 1652 4027 deduc-

390 4071 509 4127 toribus
542 4068 744 4146 jobagionum
774 4072 818 4128 nil
846 4073 1008 4144 exigatur3
1039 4075 1070 4131 in
1103 4074 1189 4132 vadis
1220 4080 1324 4132 autern
1349 4075 1566 4148 quorumlibet
1596 4074 1653 4132 tlu-

390 4177 513 4234 vicrum
537 4175 645 4235 eadem
671 4176 847 4234 moderacio
868 4185 900 4234 et
934 4179 1053 4237 solacio
1070 4181 1269 4238 observetur.
1300 4180 1376 4238 Item
1401 4180 1440 4237 de
1463 4181 1575 4256 porcis,
1599 4181 1653 4255 qui

389 4281 590 4356 depelluntur
613 4281 652 4339 ad
675 4284 772 4341 silvas
796 4283 995 4355 glandinosns
1018 4283 1058 4342 ad
1074 4285 1323 4360 impiguand-um,
1346 4285 1387 4343 de
1410 4292 1533 4344 centurn
1550 4287 1653 4361 porcis

389 4387 507 4446 denarii
538 4403 600 4458 sex,
632 4387 670 4446 de
702 4389 926 4463 quiuquaginta
956 4389 1074 4448 denarii
1107 4399 1169 4449 tres
1203 4398 1234 4449 et
1264 4389 1344 4450 infra
1366 4391 1477 4464 viginti
1509 4391 1653 4450 denarius

388 4510 474 4552 unus.
499 4494 575 4552 Item
607 4495 645 4552 de
671 4497 770 4553 »rebus
802 4496 957 4554 nobIIIum
990 4496 1028 4554 de
1058 4511 1119 4555 una
1145 4499 1343 4570 »possessione
1365 4496 1405 4554 ad
1426 4498 1525 4556 aliam
1557 4496 1652 4556 dedu·

389 4600 494 4660 cendis
517 4607 549 4660 et
571 4601 780 4676 deportandis,
805 4616 841 4660 sc
864 4603 960 4661 eciam
986 4617 1043 4677 pro
1074 4603 1299 4661 sustentacione
1321 4602 1487 4660 demonum
1510 4602 1650 4677 ipsorum

388 4709 576 4782 comparatis
600 4708 695 4766 nichil
718 4709 868 4781 exigatur.
891 4705 938 4767 Ne
960 4709 1057 4782 igitur
1081 4715 1259 4784 temporum
1283 4709 1315 4768 tn
1337 4721 1484 4783 processu
1507 4709 1537 4768 in
1562 4724 1651 4768 exac-

388 4816 476 4874 cione
500 4821 529 4872 et
550 4814 709 4873 solucione
732 4815 874 4888 ipsorum
891 4817 1081 4874 tributorum
1103 4827 1135 4874 et
1151 4815 1347 4888 navigiorum
1364 4816 1444 4873 inter
1459 4816 1651 4886 tributarios,

387 4927 498 4982 nautas
533 4935 570 4978 ac
603 4927 791 4979 mercatores
826 4928 856 4979 et
891 4929 1050 4996 questores
1082 4922 1256 4980 differencie
1286 4921 1432 4992 oriantur,
1464 4921 1534 4979 idco
1564 4919 1650 4996 juxta
