3764 5924
341 549 401 617 508
767 549 839 608 θοι.
856 545 933 624 385.
961 581 998 596 -·
1023 545 1197 626 An.1496.

339 767 434 834 tatem
458 767 488 820 et
503 763 757 824 consvetudiuem
781 764 879 837 ipsius
904 771 1008 826 nostre
1027 765 1161 828 civitatis
1184 766 1215 826 in
1239 765 1412 826 dominium
1437 761 1607 838 pacificum

339 868 424 926 iilius
447 867 559 926 domus
582 877 612 927 et
646 871 837 942 pertinentiis
868 873 1061 945 quibuslibet
1083 870 1123 934 ad
1146 871 1248 946 ipsam
1271 869 1400 930 domurn
1424 869 1463 930 de
1484 867 1551 944 jure
1574 875 1608 932 et

339 975 380 1032 ab
402 975 530 1049 antiquo
553 977 764 1048 spectantibus
780 983 810 1036 et
833 979 987 1052 pertinere
1002 978 1188 1038 debentibus
1210 976 1422 1050 introducatis,
1445 975 1604 1038 statuatis·

339 1096 400 1154 que
423 1081 539 1140 eisdem
570 1079 638 1158 jura
669 1083 815 1142 universa
850 1084 937 1142 iilius
960 1085 1095 1144 civitatis
1118 1085 1194 1158 ipsis
1218 1085 1371 1144 annotatis
1395 1098 1489 1158 super
1513 1082 1607 1142 iiiam

339 1186 469 1246 domum
490 1193 520 1246 et
551 1189 749 1261 pertinentias
782 1189 945 1248 extradare
978 1191 1098 1265 absque
1121 1189 1189 1250 ulla
1213 1189 1497 1263 procrastinacione
1521 1187 1606 1250 datis

339 1299 368 1350 et
391 1292 476 1350 aliud
493 1293 582 1352 nullo
599 1294 695 1353 modo
712 1293 832 1354 faciatis
853 1296 880 1354 si
902 1301 1041 1354 nostram
1070 1295 1317 1370 indignacionem
1341 1295 1458 1354 evitare
1481 1295 1608 1369 cupitis.

339 1397 537 1458 Presentibus
567 1401 723 1476 perlectis,
754 1402 913 1462 exhibenti
936 1404 1093 1462 restitutis.
1120 1404 1238 1462 Datum
1262 1402 1383 1476 Bibygy
1405 1403 1437 1462 in
1461 1400 1604 1477 profesto

339 1503 435 1563 Marie
469 1505 508 1564 de
539 1507 618 1565 nive.
658 1509 747 1566 Anno
794 1508 913 1567 domini
952 1509 1122 1568 millesimo
1163 1507 1467 1582 quadringentesimo
1507 1522 1603 1566 nona·

341 1611 460 1684 gesimo
481 1617 577 1670 sexto.

442 1748 618 1799 Protocollum
630 1751 792 1804 civitatis.1n
811 1750 906 1800 archiv:
926 1750 986 1804 incl.
1007 1751 1091 1803 Acad.
1111 1750 1207 1803 Sciant.
1227 1750 1325 1804 Slavor.
1344 1750 1434 1802 merto.
1454 1752 1490 1800 11.
1504 1750 1530 1800 d.
1541 1761 1604 1816 235.

931 1945 1015 2012 385.

444 2069 525 2116 Anno
547 2067 621 2131 1496.
643 2080 684 2118 20,
704 2067 824 2118 octobris.
845 2069 994 2134 Zagrsbiae.

338 2211 480 2270 Nr'colaus
491 2214 579 2272 abbas
600 2213 717 2290 Cysterc.
732 2217 849 2290 sagrab.
865 2215 1009 2288 Gregorio
1024 2193 1133 2274 §adina
1148 2216 1259 2272 domum
1274 2217 1306 2274 in
1328 2212 1493 2288 Opatooina
1506 2216 1606 2282 sitam,

338 2321 564 2394 manarentque
585 2339 605 2379 a
635 2320 723 2380 Gallo
746 2323 879 2396 comptae
901 2319 1033 2397 legatam,
1058 2317 1106 2384 [ό.
1122 2321 1192 2398 flor.
1216 2321 1420 2380 conditionrbus
1434 2311 1607 2396 quibusdam

918 2429 1021 2489 vendet.

444 2571 507 2630 Nos
530 2572 676 2631 Nicolaus
692 2574 789 2632 abbas
811 2574 989 2632 monasterii
1011 2574 1101 2631 beate
1118 2574 1213 2632 Marie
1231 2573 1360 2646 virginis
1382 2571 1420 2630 de
1439 2571 1603 2646 Zagrabia,

338 2676 455 2736 ordinis
479 2677 696 2738 Cisterciensis.
713 2681 860 2738 Memorie
885 2679 1140 2738 commendamus
1164 2684 1269 2738 tenore
1292 2679 1486 2753 presencium
1508 2677 1605 2750 signi-

338 2782 465 2842 ficantes
488 2785 602 2858 quibus
625 2785 750 2859 expedit
774 2787 935 2859 universis
966 2786 1050 2860 quod
1076 2800 1132 2844 nos
1148 2785 1345 2844 medietatem
1369 2785 1480 2842 domus
1496 2790 1604 2842 nostre
1702 2801 1707 2813 ·

339 2931 346 2946 .
371 2935 407 2949 ..
432 2937 437 2948 .
462 2906 480 2948 a
512 2891 605 2950 Gallo
637 2893 780 2951 carnifice
811 2903 915 2952 nostre
945 2894 1075 2952 abbacie
1098 2893 1166 2950 cive
1190 2891 1282 2950 titulo
1305 2891 1475 2966 empcionis
1499 2896 1606 2964 empte

339 3003 369 3054 et
392 2997 523 3055 aiteram
547 2998 686 3056 eiusdem
710 2999 907 3058 medietatem
931 2999 1014 3058 idem
1036 2999 1185 3072 magister
1208 2997 1320 3056 Gallus
1344 2996 1481 3056 carnifex
1504 2998 1602 3055 simul

340 3121 411 3162 cum
435 3103 532 3162 fundo
556 3104 668 3162 domus
684 3106 715 3163 in
739 3104 848 3163 eadem
872 3105 1000 3164 abbacia
1026 3111 1132 3164 nostra
1155 3147 1342 3163 .......
1367 3104 1481 3162 Mathie
1505 3105 1606 3164 carni·

307 3211 405 3268 'ficis
436 3225 495 3284 pro
527 3216 668 3286 tempore
703 3209 813 3287 judicis
844 3212 884 3268 ab
916 3212 1066 3282 orientali,
1096 3211 1334 3270 ameridionali
1367 3225 1462 3284 penes
1483 3211 1606 3272 curiam

338 3317 500 3375 reverendi
523 3316 608 3376 Galli
624 3317 753 3376 ecelesie
768 3318 975 3391 zagrabiensis
990 3319 1138 3388 canonici,
1155 3317 1195 3375 ab
1215 3317 1399 3375 occidentali
1418 3330 1492 3374 vero
1509 3331 1606 3389 penes

337 3423 470 3482 fundum
486 3424 640 3482 desertum
657 3423 789 3483 condam
811 3426 940 3482 honeste
964 3423 1058 3482 vidue
1078 3425 1185 3483 relicte
1208 3423 1343 3481 condam
1365 3421 1507 3495 magistri
1522 3421 1605 3480 Lau-

340 3531 437 3588 rencii
471 3531 655 3605 carpentarii
690 3531 804 3601 uxoris,
838 3546 855 3588 a
891 3531 1137 3604 septemtrionali
1168 3535 1273 3588 autem
1295 3545 1333 3588 ex
1356 3529 1502 3604 opposito
1525 3527 1602 3586 dicti

338 3637 436 3695 nostri
458 3637 547 3694 beate
571 3637 667 3694 Marie
697 3637 876 3694 monasterii
907 3636 1089 3705 sanctuario,
1121 3636 1279 3694 existentis
1303 3641 1333 3693 et
1356 3635 1461 3693 habite
1485 3634 1597 3708 plagis,

339 3743 425 3818 prius
448 3744 532 3802 iuxta
556 3743 811 3802 consuetudinem
842 3743 981 3801 eiusdem
1012 3742 1142 3800 abbacie
1173 3743 1205 3800 in
1228 3743 1279 3800 via
1302 3742 1429 3816 publica
1453 3758 1491 3800 ex
1514 3746 1604 3815 parte

339 3849 478 3908 eiusdem
508 3848 621 3908 domus
652 3849 902 3923 proclamacione
940 3848 1030 3920 iacta,
1062 3849 1185 3906 nemine
1217 3848 1339 3921 penitus
1370 3847 1601 3906 contradicente

340 3971 397 4014 nec
420 3957 450 4015 in
474 3955 581 4030 aliquo
606 3973 643 4014 ex
667 3957 788 4014 civibus
809 3957 921 4014 nostris
944 3957 975 4014 in
999 3955 1107 4013 eadem
1131 3955 1261 4013 abbacia
1283 3959 1387 4014 nostra
1410 3968 1606 4012 commoran-

339 4064 422 4122 tibus
445 4063 647 4138 discrepante,
671 4064 738 4136 pari
761 4070 791 4121 et
814 4062 951 4120 unanimi
975 4067 1048 4122 voto
1072 4061 1344 4132 consencientibus,
1368 4061 1502 4136 provido
1534 4075 1602 4117 ma·

338 4170 435 4243 gistro
465 4169 617 4242 Gregorio
647 4168 789 4240 Shedina,
814 4168 852 4226 de
876 4168 944 4226 vico
967 4176 1109 4227 sutorum
1131 4169 1236 4239 sutori,
1260 4175 1290 4226 et
1313 4168 1439 4226 domine
1461 4168 1600 4226 consorti

339 4275 477 4334 eiusdem
501 4291 559 4349 pro
589 4275 724 4334 sedecim
754 4275 878 4333 florenis
901 4275 1154 4347 hungaricalibus
1177 4275 1245 4333 auri
1267 4275 1347 4349 puri,
1371 4274 1444 4333 boni
1468 4277 1498 4334 et
1520 4270 1598 4349 justi

339 4381 494 4458 ponderis,
515 4382 606 4440 nobis
630 4397 687 4455 per
709 4381 842 4439 eundem
866 4380 1053 4454 Gregorium
1070 4380 1204 4439 Shedina
1227 4381 1290 4439 iam
1306 4381 1399 4455 plene
1421 4380 1599 4455 persolutis,

339 4489 491 4562 dedimus,
524 4487 723 4547 vendidimus
756 4491 786 4546 et
819 4488 1035 4562 inscripsimus
1058 4491 1208 4561 perpetuo
1232 4503 1303 4546 cum
1326 4487 1443 4546 cunctis
1464 4486 1602 4546 eiusdem

339 4597 452 4655 domus
474 4600 505 4655 et
527 4594 617 4654 fundi
641 4595 829 4654 utilitatibus
852 4602 882 4653 ct
912 4594 1108 4668 pertinenciis
1132 4593 1333 4666 quibuslibet,
1357 4595 1455 4653 immo
1479 4593 1600 4664 damus,

339 4703 501 4762 vendimus
524 4707 554 4760 et
577 4701 785 4773 inscribimus,
808 4705 837 4760 et
867 4700 1000 4759 eundem
1023 4697 1211 4772 Gregorium
1235 4697 1369 4759 Shedina
1392 4701 1522 4775 eiusque
1545 4701 1601 4758 he·

340 4810 428 4869 redes
460 4815 489 4868 et
512 4815 655 4884 posteros
677 4809 839 4866 universos
861 4805 929 4881 jure
959 4813 1110 4882 perpetuo
1134 4810 1163 4864 et
1184 4805 1385 4866 irrevocabili
1406 4808 1466 4866 sub
1489 4807 1602 4865 soluci-

338 4916 450 4975 onibus
465 4921 569 4974 tamen
591 4921 620 4973 et
637 4914 847 4988 proventibus,
870 4927 988 4972 necnon
1004 4912 1184 4969 muneribus
1197 4909 1278 4970 inira
1301 4911 1473 4984 declaratis
1497 4913 1599 4983 nobis,

337 5022 628 5096 successoribusque
649 5021 762 5080 nostris
785 5025 815 5079 et
833 5018 955 5094 prelato
971 5019 1157 5078 monasterio
1180 5025 1285 5077 nostro
1308 5019 1388 5077 solvi
1409 5017 1597 5077 debentibus
