3828 5822
663 541 737 599 Dae.
760 536 832 618 278.
859 574 897 586 -
921 541 977 599 An.
999 493 1089 618 '1472
1444 553 1504 617 345

242 761 340 818 matis.
364 756 560 816 presentibus
584 756 737 830 perlectis,
760 757 919 815 exhibenti
941 756 1099 815 restitutis.
1123 754 1240 812 Datum
1264 752 1350 812 Bude
1373 753 1505 812 sabbato

241 866 386 940 proximo
408 870 479 922 ante
503 861 618 920 testum
641 862 731 920 beate
754 863 949 936 Margarethe
972 861 1102 934 virginis
1124 863 1155 918 et
1171 860 1315 920 martiris.
1339 861 1430 918 Anno
1453 858 1507 918 do·

241 971 319 1030 mini
340 969 509 1030 millesimo
533 967 838 1043 quadringentesimo
859 968 1086 1043 septuagesimo
1115 966 1257 1026 secundo.
1288 967 1387 1040 Regni
1409 966 1507 1024 nostri

240 1092 321 1136 anno
344 1075 583 1151 quintodecimo,
606 1075 818 1133 coronacionis
842 1089 917 1133 vero
939 1089 1028 1134 nono.

346 1210 480 1276 Originale
498 1211 526 1260 in
544 1210 641 1262 charta.
659 1211 692 1259 In
709 1211 823 1274 margine
841 1209 957 1260 inferiori
976 1210 1130 1276 impressum
1147 1215 1187 1258 est
1205 1207 1327 1273 sigillum.
1346 1210 1379 1258 In
1391 1207 1506 1257 archivio

239 1299 297 1334 ven.
317 1283 403 1348 Capit.
421 1282 523 1347 zagrab.
542 1281 597 1334 Act.
618 1281 681 1346 Cap.
700 1288 752 1334 ant.
771 1283 834 1333 fasc.
855 1292 880 1334 2.
898 1297 936 1333 nr.
956 1293 997 1345 37.

835 1476 920 1545 278.

347 1602 427 1652 Anno
452 1613 527 1666 1472,
550 1599 681 1667 15·J111ii·
701 1601 797 1653 Budae.

240 1713 384 1782 Mathias,
406 1712 584 1786 Hungan'ae
612 1718 662 1782 etc,
691 1729 756 1781 rex,
789 1710 942 1768 Damiano
963 1713 1086 1770 Horvat
1106 1711 1180 1768 bano
1201 1709 1353 1776 comburit,
1376 1715 1411 1764 ut
1431 1707 1504 1764 cives

240 1804 272 1860 in
301 1801 427 1860 ciuitatis
450 1800 674 1875 possessionibus
705 1799 844 1856 adversus
873 1817 987 1858 omnnes
1017 1799 1161 1870 homines,
1176 1800 1334 1873 praecipue
1364 1795 1505 1852 adversus

586 1888 716 1946 dontinus
739 1889 831 1945 castri
850 1885 983 1947 Medued
1000 1887 1142 1964 deJ‘endai.

346 2035 476 2093 Mathias
507 2033 558 2092 dei
589 2035 693 2106 gracia
723 2049 779 2090 rex
809 2032 976 2106 Hungarie,
1008 2032 1157 2090 Bohemie
1188 2036 1242 2090 eto.
1274 2030 1374 2089 Fideli
1397 2035 1504 2088 nostro

240 2141 407 2214 magnifico
430 2141 584 2198 Damiano
607 2140 767 2206 Horwath,
792 2153 961 2210 regnorum
982 2145 1160 2196 nostrorum
1183 2137 1353 2207 Dalmacie,
1377 2136 1503 2195 Croacie

241 2253 271 2306 et
300 2246 464 2305 Sclauonie
494 2247 584 2318 bano,
615 2246 742 2319 eiusque
774 2245 939 2315 vicebanis‚
974 2245 1050 2302 item
1073 2245 1179 2302 comiti
1202 2243 1254 2300 vel
1276 2243 1452 2300 vicecomiti
1474 2247 1505 2299 et

238 2351 393 2430 judicibus
421 2353 577 2411 nobilium
611 2353 775 2410 comitatus
805 2351 1022 2424 zagrabiensis,
1054 2351 1187 2408 salutem
1219 2359 1249 2408 et
1280 2349 1426 2422 graciam.
1456 2349 1503 2406 Ex

240 2461 375 2534 querelis
405 2459 548 2518 fidelium
571 2465 750 2516 nostrorum
781 2460 1078 2532 circumspectorum
1103 2457 1221 2516 civium
1244 2457 1377 2514 civitatis
1398 2460 1504 2514 nostre

240 2567 354 2624 montis
385 2564 549 2623 Grecensis
572 2565 793 2636 intelleximus,
817 2565 951 2638 qualiter
980 2564 1123 2622 nonnulli
1154 2561 1255 2621 forent
1277 2579 1316 2620 ex
1338 2562 1503 2635 regnicolis

239 2671 314 2730 dicti
337 2672 425 2744 regni
447 2672 545 2730 nostri
568 2669 739 2742 Sclauonie‚
772 2672 825 2744 qui
857 2671 983 2729 eosdem
1014 2671 1097 2728 cives
1119 2675 1241 2728 nostros
1270 2671 1302 2727 in
1335 2669 1502 2742 possessio·

238 2778 331 2837 nibus
354 2779 479 2852 iporum
495 2777 635 2850 Dedych,
652 2777 886 2849 Chernomercz‚
903 2776 1023 2850 Bythek
1038 2781 1068 2835 et
1083 2775 1202 2835 Novak
1218 2777 1345 2847 vocatis,
1369 2791 1405 2832 ac
1420 2773 1503 2832 vado

239 2883 405 2956 Kyralrew
435 2888 554 2957 vocato,
586 2885 712 2941 omuino
743 2885 775 2942 in
805 2885 962 2942 territorio
992 2883 1073 2941 dicte
1104 2883 1237 2941 civitatis
1260 2887 1364 2940 nostre
1389 2881 1503 2938 montis

239 2990 402 3048 Grecensis
423 2990 547 3060 habitis,
571 2989 647 3047 alias
674 3006 730 3063 per
754 2991 945 3048 maiestatem
969 2995 1108 3048 nostram
1132 2990 1208 3063 ipsis
1231 2989 1353 3046 civibus
1377 2988 1498 3046 donatis

239 3102 269 3153 et
291 3097 449 3168 restitutis,
471 3095 625 3168 impedire
648 3101 678 3153 et
701 3097 867 3154 molestare
891 3096 1009 3154 vellent
1031 3102 1061 3154 et
1081 3097 1269 3164 niterentur;
1292 3099 1322 3152 et
1345 3095 1419 3168 quia
1441 3109 1497 3151 nos

237 3201 376 3276 prefatos
400 3203 483 3260 cives
505 3209 627 3260 nostros
643 3203 675 3260 in
691 3203 872 3276 prescriptis
896 3217 1004 3260 eorum
1025 3202 1272 3275 possessionibus
1295 3207 1326 3259 et
1348 3200 1429 3258 vado
1445 3216 1504 3275 per

237 3323 304 3378 nos,
333 3313 368 3366 ut
396 3307 560 3382 prefertur,
591 3308 707 3366 eisdem
737 3308 859 3367 donatis
890 3316 919 3366 et
949 3309 1106 3380 restitutis,
1136 3307 1259 3366 illibate
1281 3311 1388 3366 contra
1411 3323 1503 3381 quos·

239 3430 373 3488 eumque
394 3419 497 3472 tenere
526 3415 674 3472 volumus
698 3422 727 3472 et
751 3431 942 3486 conservare,
966 3413 1111 3472 fidelitati
1141 3415 1236 3486 igitur
1261 3419 1363 3472 vestre
1389 3414 1501 3472 harum

237 3521 316 3579 serie
338 3520 472 3579 firmiter
494 3521 699 3596 precipientes
723 3521 916 3594 mandamus,
941 3527 1092 3595 quatenus
1115 3520 1229 3579 amodo
1257 3519 1403 3594 deinceps
1426 3535 1496 3593 pre·

238 3627 318 3685 fatos
342 3628 425 3685 cives
448 3634 571 3685 nostros
594 3628 626 3685 in
641 3627 821 3686 huiusmodi
836 3644 944 3686 eorum
968 3628 1216 3702 possessionibus
1240 3633 1270 3684 et
1292 3626 1373 3684 vado
1396 3635 1503 3684 contra

238 3749 450 3808 quoscumque
480 3733 663 3806 illegitimos
686 3735 879 3808 impetitores
903 3741 933 3792 et
957 3735 1141 3805 turbatores,
1165 3739 1195 3792 et
1217 3734 1373 3806 signanter
1397 3741 1503 3791 contra

238 3845 269 3897 et
292 3840 442 3898 adversus
465 3840 668 3913 magnificum
697 3841 871 3922 Johannem
901 3841 996 3898 Thvz
1020 3840 1059 3898 de
1080 3840 1146 3898 Lair
1169 3845 1198 3898 et
1222 3855 1294 3898 suos
1317 3839 1502 3897 castellanos

236 3947 268 4004 in
292 3953 391 4004 castro
422 3946 543 4004 Medwe
566 3947 755 4018 constitutos,
780 3947 842 4020 qui,
865 3952 900 4004 ut
929 3945 1094 4020 prefertur,
1118 3945 1242 4004 eosdem
1275 3946 1358 4004 cives
1380 3952 1502 4003 nostros

120 4037 130 4054 '
235 4053 267 4109 in
290 4053 471 4126 prescriptis
502 4067 611 4109 eorum
642 4052 888 4125 possessionibus
918 4057 948 4110 et
976 4051 1058 4110 vado
1080 4051 1235 4126 impedire
1265 4052 1391 4124 vellent,
1422 4053 1502 4110 tueri

235 4165 399 4231 protegere
422 4167 453 4216 et
468 4157 631 4238 defensare
651 4174 687 4216 ac
709 4157 919 4233 indempniter
941 4167 1101 4217 manutere
1124 4159 1271 4231 debeatis,
1288 4163 1392 4216 nostre
1408 4159 1501 4216 maie-

235 4265 322 4322 statis
345 4265 377 4322 in
409 4279 541 4339 persona
573 4271 602 4322 et
625 4266 807 4323 auctoritate
819 4269 923 4323 nostra
940 4267 1033 4338 regia,
1058 4266 1254 4339 presentibus
1277 4264 1368 4322 vobis
1391 4265 1422 4322 in
1437 4265 1496 4322 hac

236 4375 324 4444 parte
354 4371 505 4428 attributa
535 4377 566 4428 et
592 4371 714 4429 iusticia
746 4371 908 4430 mediante.
939 4371 1033 4430 Secus
1064 4387 1127 4430 non
1157 4371 1276 4430 facturi.
1300 4371 1499 4430 Presentibus

234 4476 391 4550 perlectis,
422 4477 558 4536 exibenti
591 4478 731 4536 restituti.
762 4478 880 4536 Datum
910 4477 995 4536 Bude
1017 4479 1049 4536 in
1081 4477 1159 4536 festo
1183 4477 1343 4536 divisionis
1374 4483 1499 4552 aposto-

234 4583 347 4641 lorum.
364 4584 454 4640 Anno
470 4583 588 4642 domini
605 4584 775 4642 millesimo
792 4583 1096 4657 quadringentesimo
1112 4585 1341 4659 septuagesimo
1357 4584 1500 4644 secundo.

234 4689 414 4761 Regnorum
436 4695 614 4748 nostrorum
631 4702 712 4748 anno
728 4690 887 4763 Hungarie
909 4697 963 4748 etc.
989 4691 1229 4764 quintodecimo,
1254 4690 1399 4748 Bohemie
1423 4705 1498 4748 vero

237 4800 356 4868 quarto.

341 4930 474 4996 Originale
493 4932 521 4981 in
538 4932 633 4985 charta.
659 4934 692 4982 In
710 4934 824 4999 margine
848 4934 965 4984 inferiori
983 4933 1136 5000 impressum
1154 4939 1193 4982 est
1211 4931 1334 5000 sigillum.
1367 4931 1499 4988 Ecollec.

234 5020 305 5070 tione
321 5021 346 5073 d.
367 5021 391 5070 E
410 5021 552 5090 Lalovsky.
