3930 5802
736 582 903 648 Doc.106.
928 621 970 631 -
994 587 1050 645 An.
1074 598 1163 666 1437.
1515 603 1574 662 133

311 803 451 880 predicte
474 809 580 862 contra
603 803 671 878 ipsa
692 800 761 880 jura
784 808 815 861 et
837 803 998 862 libertates
1029 803 1171 878 ipsorum
1195 803 1409 877 privilegiatus
1435 817 1520 874 ausu,
1542 807 1578 860 ut

310 909 491 986 predicitur,
522 910 687 968 temerario
719 914 749 967 et
771 910 900 984 propria
933 924 989 967 sua
1019 909 1052 966 vi
1091 907 1309 982 infringentem
1343 908 1576 983 quodammodo

312 1031 465 1089 agravare
486 1021 517 1074 et
538 1021 642 1074 tenere
673 1015 846 1074 voluissent
875 1014 984 1074 ordine
1007 1019 1037 1073 et
1067 1013 1188 1092 justicia
1212 1015 1356 1089 equitatis
1386 1015 1572 1088 requirente,

313 1138 331 1180 a
353 1122 450 1181 Paulo
475 1121 558 1181 dicto
581 1121 734 1180 Artalnolr
757 1121 896 1180 curiense
918 1137 972 1180 seu
996 1122 1161 1198 provisore
1185 1137 1221 1180 ac
1243 1119 1345 1198 judice
1376 1122 1461 1182 curie
1492 1121 1575 1196 epis·

312 1229 431 1304 copalis
453 1227 604 1302 Zagrabie
626 1228 739 1299 habite,
763 1234 966 1302 tamquama
997 1232 1098 1286 tutore
1120 1231 1151 1286 et
1182 1231 1357 1302 protectore
1380 1241 1488 1286 eorum
1520 1243 1576 1300 per

310 1335 513 1409 magnificum
537 1334 699 1392 dominum
724 1332 925 1392 Mathlronem
948 1333 1065 1390 benum
1096 1347 1264 1406 regnorum
1294 1333 1465 1405 Dalmacie,
1500 1331 1576 1391 Cro·

308 1443 374 1501 acie
396 1447 427 1500 et
449 1442 547 1500 tocius
585 1439 748 1500 Sclauouie
782 1444 838 1499 etc.
870 1438 1033 1498 dominum
1062 1455 1169 1497 meum
1199 1439 1416 1498 honorandum
1446 1445 1476 1498 et
1505 1453 1576 1513 gra·

310 1549 429 1608 ciosum
453 1548 529 1622 ipsis
561 1546 727 1622 deputato,
764 1546 825 1604 sibi
859 1545 935 1620 ipsis
966 1545 1133 1620 superinde
1161 1543 1281 1622 justicie
1312 1545 1576 1620 complementum
1667 1591 1671 1598 .

307 1654 448 1730 inpertiri
483 1654 695 1728 postulantes,
728 1658 801 1710 tunc
835 1651 993 1726 predictus
1016 1651 1130 1710 Paulus
1166 1650 1317 1710 Aztalnolr
1341 1651 1426 1710 idem
1457 1651 1574 1710 factum

307 1776 361 1818 seu
388 1761 491 1834 ipsam
526 1774 650 1818 causam
682 1757 721 1816 ad
744 1757 912 1817 crastinum
936 1755 1020 1816 diem
1052 1758 1127 1816 dicti
1157 1757 1227 1816 festi
1257 1758 1354 1832 ipsius
1387 1757 1574 1816 visitacionis

306 1867 395 1952 beate
418 1866 515 1925 Marie
537 1865 666 1939 virginis
681 1880 739 1939 per
753 1865 938 1939 peticionem
954 1879 1043 1922 suam
1066 1864 1256 1938 prorogavit.
1280 1864 1412 1938 Ipsaque
1436 1863 1569 1921 crastina

308 1972 357 2030 die
392 1972 481 2041 iacta,
514 1986 572 2045 ego
606 1985 739 2029 unacum
774 1969 914 2044 predicto
948 1969 1045 2028 Paulo
1078 1969 1232 2029 Aztalnok
1262 1971 1294 2030 in
1323 1969 1433 2028 eodem
1468 1960 1574 2048 stacio)

307 2079 493 2150 laborantes,
527 2077 685 2153 prefatum
716 2076 974 2134 tricesimatorem
1007 2091 1061 2134 seu
1096 2082 1273 2134 exactorem
1308 2075 1388 2134 dicte
1418 2075 1574 2132 tricesime

308 2200 459 2258 agressus,
481 2184 707 2258 diligenterque
729 2183 771 2240 ab
794 2181 903 2240 eodem
926 2181 1042 2240 iactum
1058 2185 1254 2256 perscrutans
1270 2185 1300 2239 et
1315 2171 1518 2258 (examinans)
1541 2179 1573 2237 id

307 2291 411 2349 inveni
434 2295 464 2348 et
486 2291 597 2348 rescivi
613 2295 764 2361 exsectio,
780 2288 864 2363 quod
880 2289 948 2362 ipse
962 2288 1072 2346 Petrus
1087 2289 1293 2346 tricesimator
1309 2285 1392 2344 sacto
1413 2287 1443 2345 in
1461 2285 1572 2344 eodem

307 2396 414 2456 fuisset
438 2411 494 2470 per
517 2396 621 2454 omnia
644 2396 823 2471 culpabilis.
848 2395 884 2453 In
907 2409 970 2468 quo
1002 2394 1084 2452 facto
1119 2394 1203 2453 idem
1234 2394 1332 2452 eciam
1364 2393 1571 2451 tricesimator

307 2520 342 2562 se
363 2505 468 2577 ipsum
491 2503 617 2560 omnino
640 2502 777 2560 reddidit
800 2501 867 2560 fore
890 2501 1091 2576 culpabilem.
1115 2501 1247 2559 Etcum
1273 2499 1398 2558 tandem
1423 2513 1480 2572 ego
1501 2514 1573 2556 cum

308 2609 430 2685 prelato
454 2609 551 2668 Paulo
575 2607 728 2668 Artalnok
748 2608 850 2667 eidem
883 2607 1101 2666 tricesimatori
1136 2622 1194 2681 pro
1231 2605 1371 2681 predicto
1405 2606 1486 2664 iacto
1516 2619 1591 2663 suo·

306 2718 392 2776 malo
416 2723 445 2775 et
467 2716 618 2800 nephario
642 2715 726 2788 apud
749 2713 888 2788 prelatos
910 2711 1053 2788 judicem,
1076 2710 1204 2789 juratos,
1221 2713 1367 2786 civesque
1382 2728 1418 2771 ac
1434 2726 1572 2771 commu·

305 2825 434 2882 nitatem
477 2823 612 2882 civitatis
644 2821 781 2895 predicte
801 2820 952 2894 -graciam
983 2818 1216 2890 invenissemus,
1251 2823 1324 2877 tunc
1353 2818 1437 2877 idem
1467 2817 1576 2875 Petrus

306 2931 512 2990 tricesimator
535 2929 620 2986 solus
645 2928 850 3003 personaliter
879 2927 911 2984 in
945 2923 1085 2982 medium
1119 2925 1261 2998 ipsorum
1291 2923 1403 3001 judicis
1437 2928 1467 2982 et
1490 2921 1574 2999 jura·

306 3043 410 3094 torum
435 3050 470 3092 ac
493 3034 710 3092 universorum
734 3033 851 3090 civium
882 3039 911 3090 et
934 3030 1033 3089 tocius
1068 3031 1300 3090 communitatis
1335 3032 1468 3090 civitatis
1503 3047 1572 3105 pre·

306 3141 387 3200 dicte
420 3140 596 3210 adveniens,
618 3154 651 3196 se
674 3139 778 3213 ipsum
801 3138 928 3211 publice
951 3143 982 3195 et
1004 3137 1167 3196 manifeste
1190 3152 1296 3196 coram
1318 3153 1368 3196 me
1400 3137 1518 3196 ibidem
1543 3141 1573 3195 et

308 3263 414 3307 coram
437 3245 558 3320 pretato
582 3245 679 3303 Paulo
710 3237 863 3303 Artalnolr
886 3258 922 3302 ac
945 3258 1048 3301 coram
1085 3248 1148 3301 tota
1181 3245 1403 3302 communitate
1436 3243 1571 3301 civitatis

307 3359 469 3430 prenotate
492 3353 524 3410 in
546 3350 619 3409 sede
642 3365 751 3409 eorum
773 3348 937 3426 judiciaria
957 3348 1097 3408 reddidit
1120 3366 1175 3424 per
1200 3350 1306 3408 omnia
1328 3348 1395 3407 fore
1418 3365 1507 3408 reum
1542 3354 1572 3406 et

306 3460 508 3535 culpabilem,
532 3459 655 3532 sibique
671 3455 788 3515 ibidem
812 3456 896 3514 idem
912 3456 1118 3515 tricesimator
1133 3457 1339 3531 personaliter
1353 3456 1420 3514 sola
1443 3456 1572 3531 propria

305 3582 361 3625 sua
384 3566 546 3624 voluntate
569 3563 610 3622 ab
643 3562 760 3621 eisdem
792 3563 913 3621 civibus
937 3570 967 3620 et
997 3567 1062 3619 tota
1084 3564 1306 3621 communitate
1329 3563 1462 3620 civitatis
1485 3577 1572 3636 sepe·

305 3672 368 3731 tate
390 3686 495 3730 coram
514 3669 629 3728 eisdem
654 3668 764 3727 stando
787 3684 846 3744 pro
869 3670 992 3743 pretato
1023 3669 1105 3727 facto
1140 3683 1197 3727 suo
1228 3685 1285 3744 per
1321 3670 1425 3742 ipsum
1465 3673 1571 3726 contra

306 3779 388 3838 dicta
410 3777 480 3855 jura
503 3785 533 3835 et
555 3777 715 3835 libertates
736 3775 835 3849 ipsius
858 3777 992 3835 civitatis
1014 3775 1151 3835 indebite
1181 3781 1211 3834 et
1242 3775 1350 3833 illicite
1380 3779 1568 3850 perpetrato,

304 3887 442 3959 graciam
466 3889 496 3942 et
519 3883 643 3941 veniam
674 3882 845 3956 postulavit
868 3889 898 3940 et
921 3883 1038 3940 invenit
1072 3883 1115 3940 ita
1149 3881 1295 3940 videlicet
1326 3885 1356 3938 et
1389 3881 1501 3940 talem:
1532 3885 1572 3939 ut

308 3993 366 4051 hec
389 3997 418 4050 et
441 3991 546 4049 omnia
567 4004 603 4047 ac
627 3988 736 4062 quevis
759 3988 939 4046 huiusmodi
962 3988 1043 4046 facta
1074 3987 1184 4046 illicita
1212 3988 1292 4046 inter
1315 3988 1419 4061 ipsum
1452 3987 1568 4045 tricesi-

306 4103 460 4156 matorem
483 4101 514 4155 et
536 4095 652 4154 dictam
675 4095 930 4154 communitatem
962 4095 1095 4153 civitatis
1126 4094 1269 4168 superius
1300 4093 1381 4152 dicte
1410 4093 1570 4167 hucusque

306 4205 412 4263 habita
436 4209 466 4261 et
490 4202 638 4260 ventilata
662 4201 722 4259 sint
735 4216 792 4274 per
815 4202 920 4258 omnia
942 4201 1023 4258 inter
1037 4201 1122 4274 ipsos
1139 4200 1248 4274 sopita,
1273 4205 1303 4257 et
1319 4199 1401 4274 quod
1424 4199 1567 4272 predicta

305 4316 336 4369 et
357 4310 418 4368 alia
446 4308 522 4382 ipsis
552 4307 667 4365 similia
690 4306 770 4365 sacta
793 4323 850 4381 per
874 4306 1006 4365 eundem
1029 4307 1285 4364 tricesimatorem
1316 4305 1355 4363 de
1384 4310 1486 4364 cetero
1507 4320 1570 4364 non

305 4417 365 4474 sint
387 4419 535 4474 renovata
557 4429 614 4471 nec
642 4413 833 4474 renovanda.
869 4415 1048 4488 Assumpsit
1083 4414 1211 4488 insuper
1245 4412 1329 4471 idem
1363 4413 1570 4472 tricesimator

304 4520 431 4592 ibidem,
454 4519 538 4594 quod
562 4518 719 4593 predictos
742 4517 886 4596 judicem,
909 4519 1027 4596 Juratos
1050 4524 1080 4577 et
1103 4520 1264 4577 universos
1296 4519 1379 4578 cives
1411 4534 1446 4576 ac
1469 4523 1567 4577 totam

305 4627 560 4686 communitatem
582 4625 716 4684 civitatis
746 4625 883 4701 sepelate
910 4626 979 4684 vult
1009 4642 1066 4700 per
1100 4625 1238 4700 amplius
1273 4639 1331 4699 pro
1364 4623 1515 4684 fratribus
1538 4629 1568 4683 et

304 4735 413 4794 amicis
446 4732 634 4807 specialibus
668 4733 784 4791 habere
819 4737 942 4790 etcum
977 4733 1053 4807 ipsis
1087 4732 1170 4790 bono
1193 4730 1288 4789 modo
1319 4731 1433 4790 vivere.
1469 4729 1569 4806 Super

305 4841 420 4916 quibus
443 4839 588 4897 omnibus
620 4839 780 4914 premissis
803 4839 864 4912 ipsi
886 4837 990 4915 judex,
1013 4837 1106 4915 jurati
1128 4842 1159 4896 et
1182 4837 1317 4896 universi
1339 4839 1422 4896 cives
1445 4852 1481 4896 ac
1503 4843 1568 4897 tota

305 4947 510 5007 communitas
543 4946 677 5006 civitatis
699 4947 820 5021 pluries
843 4946 924 5005 dicte
946 4947 1006 5006 sibi
1029 4947 1105 5021 ipsis
1129 4961 1186 5021 per
1208 4961 1258 5004 me
1281 4945 1400 5004 litteras
1431 4945 1567 5003 testimo·

303 5057 401 5115 niales
425 5053 494 5114 dari
515 5055 715 5130 postularunt
738 5055 917 5113 uberiorem
941 5053 1081 5130 ipsorum
1105 5055 1146 5112 ob
1171 5053 1332 5126 cautelam,
1349 5067 1426 5128 quas
1450 5050 1568 5110 eisdem
