3764 5924
412 587 473 656 518
826 585 898 642 Dor.
916 597 993 661 394.
1019 615 1059 628 -
1082 584 1139 642 An.
1163 595 1256 660 1499.

410 813 501 859 renos
524 801 716 874 quingentos,
740 815 797 874 per
827 799 1000 873 capitulum
1034 799 1173 859 eiusdem
1196 799 1258 858 loci
1280 795 1416 856 fideliter
1440 792 1688 871 dispensandos.

409 905 487 964 Item
510 907 589 964 alios
622 905 754 964 florenos
785 905 969 980 quingentos
1010 907 1083 979 lego
1113 903 1215 963 eidem
1243 903 1372 962 ecclesie
1403 908 1531 977 propter
1553 901 1687 960 futuras

350 1037 353 1042 ·
410 1013 605 1070 necessitates
636 1011 783 1083 eiusdem,
816 1027 876 1086 que
909 1013 1086 1085 contingere
1119 1015 1245 1086 possent
1268 1008 1414 1067 videlicet
1436 1008 1488 1066 vel
1510 1021 1567 1082 per
1594 1019 1686 1066 com·

410 1118 587 1176 bustionem
611 1117 796 1188 Turcorum,
819 1117 870 1175 vel
894 1117 920 1176 si
943 1123 1059 1175 tectum
1082 1122 1152 1175 ruet
1175 1129 1214 1174 ex
1237 1119 1401 1186 vetustate,
1424 1111 1477 1173 aut
1492 1111 1579 1172 aliud
1600 1114 1689 1187 quit·

411 1219 497 1296 piam
520 1223 582 1280 tale
616 1223 806 1296 contingeret
828 1236 882 1281 seu
917 1227 1097 1296 emergeret.
1132 1220 1240 1280 Eidem
1268 1221 1396 1279 ecclesie
1425 1219 1497 1293 lego
1536 1218 1687 1278 casulam

410 1341 514 1388 meam
537 1329 576 1386 de
599 1327 781 1386 damaskino
810 1327 886 1387 albo
914 1335 1023 1387 aurato
1054 1341 1126 1386 cum
1151 1339 1243 1385 cruce
1268 1331 1426 1400 gemmata
1448 1337 1522 1384 cum
1544 1323 1687 1384 diversis

411 1432 540 1492 floribus
564 1440 593 1492 et
616 1434 761 1492 omnibus
791 1435 971 1492 attinenciis.
992 1434 1069 1492 item
1094 1431 1361 1492 conservatorium
1385 1437 1579 1504 gemmatum
1608 1441 1686 1489 cum

410 1539 491 1620 Jesu,
514 1545 545 1598 et
566 1540 708 1599 tabulam
729 1552 802 1598 curn
820 1541 965 1612 ymagine
987 1537 1143 1598 cmcifixi.
1166 1537 1244 1595 item
1268 1534 1529 1596 reverendissimo
1546 1535 1685 1595 domino

410 1644 539 1712 Home,
570 1645 803 1720 archiepiscopo
823 1645 1027 1719 strigoniensi,
1061 1645 1133 1718 lego
1166 1655 1303 1718 cuppam
1326 1655 1470 1717 magnam
1494 1641 1686 1701 desuntam

412 1761 506 1810 unam
530 1755 561 1810 et
594 1752 742 1810 scutellas
775 1757 935 1824 argenteas
969 1751 1090 1809 italicas
1129 1761 1192 1822 sex,
1214 1763 1253 1808 err
1286 1749 1401 1823 quibus
1435 1744 1583 1806 deaurare
1607 1753 1685 1806 tres.

408 1849 487 1915 Item
518 1856 776 1915 reverendissimo
799 1855 925 1915 domino
948 1855 1123 1928 Dominico,
1145 1857 1292 1931 episcopo
1314 1853 1507 1926 waradiensi,
1531 1853 1685 1912 similiter

408 1973 545 2037 cuppam
580 1962 761 2020 deauratam
794 1971 910 2020 novam
943 1971 1038 2020 unam
1071 1966 1101 2022 et
1141 1961 1306 2020 satserium
1341 1967 1485 2018 auratum
1518 1958 1684 2034 dupplnm

409 2081 516 2127 unum.
539 2068 675 2126 Domino
705 2067 834 2127 Nicolao
860 2065 966 2140 Baniy‚
990 2065 1144 2141 compatri
1167 2076 1251 2142 meo,
1271 2065 1343 2140 lego
1370 2075 1508 2140 cuppam
1531 2069 1683 2122 auratam

410 2187 513 2246 unam,
546 2173 811 2232 conservatorium
845 2173 920 2232 salis
953 2178 1095 2230 auratum
1127 2172 1284 2248 dupplum
1319 2183 1418 2231 unum
1441 2177 1472 2230 et
1494 2169 1683 2244 panarium

409 2291 516 2338 unum.
546 2279 681 2339 Domino
703 2280 775 2364 Jose
798 2279 836 2336 de
859 2278 941 2351 Sem,
965 2279 1071 2337 comiti
1093 2279 1299 2350 themesiensi,
1324 2288 1462 2352 cuppam
1495 2276 1683 2334 deauratam

410 2397 505 2443 unam
535 2391 565 2443 et
595 2395 711 2459 equum
740 2385 860 2460 paztlro.
884 2384 1020 2442 Domino
1051 2385 1222 2442 Laurencio
1253 2383 1326 2442 duci
1356 2383 1537 2457 gradarium
1567 2390 1681 2452 unum,

409 2489 538 2549 balistas
571 2490 648 2550 duas
681 2499 752 2549 cum
787 2489 941 2564 pharetris
975 2489 1128 2548 tractoriis
1162 2495 1192 2547 et
1215 2490 1342 2563 sagittis.
1371 2489 1508 2547 Domino
1538 2485 1681 2560 Georgia

412 2594 451 2653 de
473 2591 608 2669 Kanna,
638 2587 788 2654 similiter
805 2595 958 2670 compatri
981 2607 1060 2668 meo,
1083 2595 1263 2669 gradarium
1286 2607 1383 2653 unum
1406 2600 1437 2653 et
1459 2593 1583 2653 domine
1607 2607 1681 2666 con·

410 2701 526 2759 thoreti
548 2701 687 2761 eiusdem
711 2713 849 2776 cuppam
872 2699 1053 2760 deauratam
1075 2715 1190 2760 novam
1213 2702 1244 2760 et
1266 2701 1413 2760 scutellas
1436 2703 1599 2774 argenteas
1624 2697 1680 2757 de·

410 2812 533 2866 auratas
557 2821 615 2882 pro
638 2807 831 2866 salsamentis
852 2820 965 2882 parvas
988 2813 1058 2866 tres.
1072 2807 1207 2868 Domino
1231 2807 1368 2880 Georgio
1384 2807 1551 2881 preposito,
1575 2819 1680 2864 secre-

411 2912 491 2970 tario
514 2912 609 2986 regio,
640 2913 820 2987 gradarium
854 2925 951 2972 unum
975 2919 1006 2972 et
1038 2926 1175 2988 cuppam
1208 2913 1394 2973 deauratam
1422 2924 1538 2972 novam
1570 2925 1680 2971 unam.

410 3017 547 3076 Domino
569 3017 672 3077 Blasio
693 3019 817 3092 Raskay
852 3020 1003 3078 coclearia
1036 3033 1151 3093 magna
1184 3019 1358 3092 duodecim,
1382 3033 1420 3078 ex
1444 3019 1558 3093 quibus
1580 3017 1679 3076 deau-

409 3133 477 3182 rata
510 3139 563 3183 sex
598 3130 628 3183 et
661 3126 808 3184 scutellas
843 3138 956 3200 parvas
990 3133 1152 3199 argenteas
1185 3126 1348 3185 deauratas
1379 3139 1438 3200 pro
1478 3125 1678 3184 salsamentis

410 3229 506 3291 duas.
528 3230 619 3289 Petro
642 3229 747 3304 Pogan
770 3231 950 3304 gradarium
974 3246 1079 3290 unum.
1093 3231 1143 3290 Ad
1159 3233 1329 3290 claustrum
1353 3231 1488 3290 fratrum
1512 3231 1677 3290 carthus·

409 3337 529 3395 ensium
552 3337 584 3394 in
606 3336 734 3394 Leweld
757 3349 815 3410 pro
827 3339 1006 3396 necessariis
1018 3338 1228 3396 claustrorum
1244 3336 1382 3396 eiusdem
1397 3336 1516 3396 ordinis
1528 3337 1559 3395 in
1573 3349 1675 3411 regno

410 3440 589 3500 habitorum
620 3444 692 3516 lego
725 3442 858 3501 florenos
890 3444 986 3504 mille.
1017 3442 1168 3503 Similiter
1191 3443 1341 3502 fratribus
1363 3443 1595 3502 Heremitarum
1621 3443 1677 3501 sso-

409 3561 501 3606 renoe
530 3549 626 3622 mille,
658 3551 712 3623 qui
744 3549 856 3608 dentur
894 3550 933 3608 ad
967 3557 1109 3610 sanctum
1142 3549 1276 3610 Paulum
1307 3551 1392 3608 iuxta
1422 3549 1551 3621 Budam,
1574 3551 1611 3607 ut
1635 3548 1676 3608 ad

412 3655 607 3714 necessitates
640 3657 847 3715 claustrorum
877 3655 1014 3716 eiusdem
1046 3657 1164 3716 ordinis
1197 3661 1398 3730 exponantur.
1429 3655 1545 3714 Eodem
1576 3655 1676 3714 modo

411 3759 561 3819 fratribus
583 3761 699 3820 ordinis
722 3764 879 3822 minorum
903 3764 941 3821 de
963 3764 1165 3823 observancia
1187 3763 1225 3822 ad
1250 3763 1445 3821 necessitates
1461 3762 1673 3820 claustrorum

411 3865 482 3939 lego
515 3866 649 3926 florenos
693 3867 792 3933 mille,
824 3870 901 3928 item
935 3869 974 3928 ad
1010 3875 1172 3944 tecturam,
1202 3869 1436 3944 reparacionem
1466 3872 1498 3926 et
1533 3866 1594 3925 elia
1617 3881 1674 3926 ne·

410 3973 541 4031 cessaria
570 3973 698 4031 ecclesie
730 3976 827 4034 sancti
856 3975 1006 4059 Johannis
1038 3977 1070 4034 in
1093 3976 1183 4035 Nora
1214 3976 1303 4048 villa,
1324 3975 1484 4048 Zagrabie,
1507 3975 1579 4048 lego
1602 3973 1670 4032 tior.

297 4085 300 4092 ’
410 4082 541 4138 centum.
565 4078 717 4138 Similiter
739 4080 777 4138 ad
801 4081 1033 4155 reparacionem
1057 4088 1087 4140 et
1109 4083 1252 4142 laborem
1275 4081 1439 4156 hospitalis
1472 4087 1577 4139 sancte
1605 4079 1673 4139 Eli·

410 4184 520 4242 zabeth
551 4185 583 4243 in
614 4191 713 4243 teatro
747 4187 939 4259 zagrabiensi
968 4187 1033 4246 tior.
1056 4195 1188 4247 centum.
1213 4187 1263 4247 Ad
1287 4185 1372 4246 aliud
1396 4187 1550 4262 hospitale
1572 4187 1672 4246 sancti

409 4289 557 4350 Anthonii
579 4293 610 4349 in
644 4293 714 4350 vico
748 4293 928 4351 Latinorum
962 4294 1029 4352 tior.
1053 4295 1286 4368 quinquaginta.
1309 4293 1360 4352 Ad
1390 4293 1553 4352 ecclesiam
1581 4293 1672 4352 beate

410 4396 507 4454 Marie
530 4397 660 4471 virginis
683 4398 715 4456 in
737 4399 868 4457 abbacia
898 4415 957 4473 pro
987 4402 1187 4474 reparacione
1210 4401 1262 4458 vel
1285 4405 1404 4459 tectura
1429 4399 1495 4460 ssor.
1518 4400 1671 4474 quinqua-

408 4502 501 4574 ginta,
524 4503 616 4562 etad
651 4505 814 4564 ecclesiam
848 4507 944 4566 sancti
978 4507 1131 4566 Leonardi
1154 4523 1212 4582 pro
1235 4507 1415 4566 necessitate
1440 4506 1579 4565 eiusdem
1602 4505 1668 4564 flor.

390 4609 519 4683 ¹viginti
550 4611 693 4684 quinque.
725 4612 773 4669 Ad
805 4615 1015 4672 necessitatem
1048 4615 1176 4673 ecclesie
1199 4614 1295 4672 sancti
1318 4613 1451 4670 Emerici
1468 4611 1585 4670 ibidem
1613 4610 1668 4670 Za·

408 4716 516 4789 grable
538 4717 610 4789 lego
625 4717 690 4776 flor.
714 4719 823 4792 viginti
848 4721 991 4794 quinque.
1014 4720 1063 4777 Ad
1086 4721 1228 4778 laborem
1252 4718 1381 4778 ecclesie
1403 4723 1434 4776 et
1455 4717 1583 4776 claustri
1599 4731 1667 4777 san-

408 4823 450 4882 cti
472 4821 602 4894 Nicolai,
626 4823 744 4882 ordinis
779 4824 1009 4883 Predicatorum
1045 4826 1204 4900 Zagrabie
1227 4823 1294 4885 tior.
1317 4825 1550 4899 quinquaginta.
1573 4823 1665 4883 Simi-

407 4927 479 4987 liter
508 4929 549 4987 ad
571 4933 711 4988 sanctum
747 4930 946 4990 Franciscum
968 4931 1035 4990 flor.
1058 4933 1169 5006 viginti
1193 4931 1337 5006 quinque.
1361 4930 1438 4988 item
1462 4929 1502 4987 ad
1524 4929 1667 4988 laborem

408 5042 437 5092 et
460 5036 538 5094 alias
558 5037 753 5096 necessitates
772 5038 902 5096 ecclesie
934 5043 964 5096 et
988 5039 1115 5102 claustri
1138 5039 1228 5098 beate
1252 5038 1348 5102 Marie
1370 5035 1501 5111 virginis
1526 5035 1666 5094 Heremi-

1868 4823 1871 4914 t
