3932 5806
789 529 862 588 Doc.
887 542 956 605 192.
981 561 1021 572 -
1045 529 1101 586 An.
1126 538 1212 606 1457.

977 863 1057 930 192.

487 1058 569 1108 Anno
589 1065 664 1124 1457,
687 1069 707 1109 ι.
728 1057 888 1122 septembris.
909 1057 1035 1106 Viennae.

384 1199 552 1269 ladislaus,
573 1199 753 1272 Hungariac
772 1205 819 1256 etc.
843 1216 905 1268 rex,
921 1199 1028 1258 ciot'bus
1043 1199 1275 1274 zagrabiensibus
1292 1199 1420 1270 mandat,
1438 1207 1472 1258 ut
1483 1199 1647 1276 Iohannem

455 1324 488 1381 dc
518 1322 632 1383 Gradcc
653 1323 800 1382 nctan'um
823 1323 854 1378 in
869 1325 1078 1397 possessionem
1097 1325 1195 1383 ocriae
1217 1323 1367 1383 allodialis
1389 1324 1580 1383 introducant.

487 1485 649 1544 ladislaus
673 1484 722 1542 dei
744 1485 848 1557 gracia
871 1484 1038 1558 Hungarie,
1062 1484 1218 1557 Bohemie,
1240 1485 1412 1558 Dalmacie,
1436 1485 1563 1544 Croacie
1592 1495 1647 1552 etc.

381 1609 445 1664 rex,
469 1591 656 1664 Austrieque
679 1596 709 1648 et
732 1588 825 1648 Stirie
849 1589 920 1661 dux,
944 1605 1062 1649 necnon
1084 1591 1224 1650 marchio
1244 1593 1382 1650 Morauie
1406 1596 1461 1650 etc.
1483 1590 1647 1668 Fideiibus

381 1698 495 1758 nostris
518 1695 660 1772 providis
682 1701 713 1754 et
736 1696 968 1769 circumspectis
990 1693 1094 1772 judici,
1118 1694 1236 1773 juratis,
1261 1697 1431 1772 ceterisque
1461 1697 1583 1756 civibus
1605 1699 1648 1757 ci·

380 1805 484 1863 vitatis
517 1807 622 1862 nostre
656 1801 770 1859 montis
805 1800 966 1860 Grecensis
1000 1802 1134 1860 salutem
1169 1807 1199 1860 et
1222 1803 1367 1876 graciam.
1404 1803 1485 1862 Cum
1507 1817 1564 1862 nos
1587 1818 1646 1876 pro

380 1911 527 1969 fidelibus
550 1908 688 1967 serviciis
711 1906 814 1966 fidelis
836 1909 934 1966 nostri
955 1908 1097 1981 magistri
1117 1909 1266 1992 Johannis
1290 1909 1328 1966 de
1351 1909 1497 1984 Gradecz,
1532 1910 1644 1968 notarii

379 2017 562 2076 cancellarie
584 2019 689 2074 nostre
711 2015 928 2088 hungaricalis,
953 2015 1112 2088 quandam
1135 2017 1253 2074 curiam
1275 2015 1458 2074 allodialem
1482 2016 1541 2074 sub
1564 2015 1646 2074 dicta

381 2124 505 2182 civitate
527 2129 631 2180 nostra
654 2122 769 2180 montis
792 2120 955 2180 Grecensis
979 2127 1049 2180 ante
1072 2127 1197 2197 portam
1221 2123 1402 2182 carnificum
1416 2122 1555 2182 eiusdem
1571 2123 1646 2182 civi·

380 2231 452 2288 tatis
474 2234 579 2287 nostre
602 2229 750 2298 habitam,
774 2243 835 2301 que
858 2227 1019 2286 cuiusdam
1049 2227 1179 2287 Seboldi
1209 2230 1286 2287 alias
1317 2229 1476 2303 capetanei
1505 2229 1644 2288 eiusdem

380 2336 513 2394 civitatis
535 2340 637 2393 nostre
661 2335 775 2391 montis
807 2333 967 2392 Grecensis
998 2333 1170 2408 prefuisset,
1205 2335 1260 2393 sed
1290 2351 1347 2409 per
1376 2339 1482 2393 notam
1512 2334 1645 2394 infideli·

379 2442 451 2500 tatis
475 2440 622 2510 eiusdem,
645 2455 741 2514 quam
764 2441 831 2514 ipse
854 2455 960 2512 exeo,
984 2440 1069 2514 quod
1093 2440 1221 2500 domino
1250 2441 1409 2500 Friderico
1431 2441 1645 2499 Romanorum

378 2547 562 2622 imperatori
582 2546 729 2604 adesisset
753 2551 783 2604 et
804 2546 837 2604 in
859 2547 1007 2605 comitiva
1030 2547 1169 2605 eiusdem
1192 2548 1326 2606 existens
1348 2547 1487 2622 plurima
1508 2547 1644 2623 dampna

379 2660 409 2712 et
431 2653 533 2728 spolia
555 2653 587 2710 in
610 2651 757 2711 dominiis
778 2653 900 2724 nostris,
923 2653 1091 2711 maiestatis
1112 2657 1216 2712 nostre
1231 2653 1415 2712 rebellando
1431 2653 1644 2726 commisisset,

380 2765 410 2818 et
432 2760 596 2818 incurrisse
620 2757 740 2831 dicitur,
764 2758 804 2816 ad
827 2774 947 2816 sacram
971 2773 1117 2817 coronam
1144 2759 1219 2818 dicti
1239 2761 1327 2834 regni
1356 2761 1453 2818 nostri
1476 2760 1643 2834 Hungarie‚

379 2871 682 2938 consenquenterque
705 2871 844 2922 nostram
868 2865 1060 2922 maiestatem
1083 2866 1169 2923 iuxta
1200 2867 1359 2939 antiquam
1380 2870 1411 2923 et
1434 2867 1643 2940 approbatam

378 2970 515 3030 eiusdem
547 2972 635 3044 regni
667 2971 765 3028 nostri
799 2971 1054 3030 consuetudinem
1089 2973 1147 3030 rite
1178 2978 1208 3031 et
1231 2973 1382 3045 legittime
1406 2971 1554 3030 devoluta
1577 2989 1643 3031 esse

377 3078 567 3152 perhibetur,
583 3078 678 3136 simul
700 3093 772 3136 cum
795 3077 911 3136 cunctis
933 3079 997 3136 suis
1019 3077 1207 3165 utilitatibus
1230 3084 1260 3136 et
1282 3077 1411 3138 edificiis
1435 3083 1464 3136 et
1487 3079 1642 3152 pertinen·

377 3185 431 3242 ciis
455 3184 647 3257 quibuslibet
669 3185 837 3259 premissis,
861 3186 905 3244 sic
928 3192 962 3243 ut
987 3185 1141 3258 prefertur
1163 3185 1316 3243 stantibus
1339 3191 1369 3242 et
1391 3201 1423 3243 se
1446 3185 1642 3256 habentibus,

377 3296 549 3348 memorato
583 3292 732 3364 magistro
763 3291 897 3374 Johanni
931 3291 969 3349 de
999 3291 1138 3351 Gradecz
1168 3297 1197 3350 et
1220 3308 1277 3367 per
1300 3307 1371 3349 eum
1397 3290 1527 3362 Andree,
1551 3289 1641 3350 tratri

376 3412 433 3455 suo
455 3397 580 3469 carnali,
605 3397 808 3471 ipsorumque
831 3397 1001 3456 heredibus
1025 3403 1054 3456 et
1077 3399 1310 3472 posteritatibus
1344 3398 1504 3469 universis,
1535 3399 1642 3470 vigore

375 3503 509 3560 aliarum
532 3503 708 3572 litterarum
729 3509 907 3562 nostrarum
939 3504 1189 3562 donacionalium
1221 3503 1331 3562 exinde
1364 3503 1576 3562 confectarum
1611 3504 1642 3560 in

376 3613 563 3682 perpetuum
587 3610 784 3681 contulimus
807 3612 1016 3684 volumusque
1039 3611 1166 3669 eosdem
1190 3611 1221 3668 in
1243 3611 1415 3668 dominium
1432 3609 1570 3670 eiusdem
1586 3626 1643 3684 per

376 3729 432 3773 vos
455 3715 540 3772 iuxta
563 3731 684 3773 morem
708 3721 738 3774 et
761 3716 1014 3775 consvetudinem
1047 3719 1142 3791 ipsius
1176 3718 1310 3775 civitatis
1340 3721 1444 3774 nostre
1477 3715 1641 3774 introduci.

377 3820 535 3878 Fidelitati
558 3821 652 3894 igitur
674 3828 777 3880 vestre
800 3822 932 3880 firmiter
955 3823 1158 3897 precipientes
1181 3823 1375 3895 mandamus,
1400 3828 1550 3896 quatenus
1574 3815 1643 3896 press

375 3926 455 3985 fatos
477 3928 650 4010 Johannem
674 3936 704 3986 et
726 3929 883 3987 Andream
908 3936 960 3986 aut
983 3930 1125 4004 ipsorum
1148 3934 1385 4003 procuratorem
1406 3929 1594 4002 legittimum
1611 3929 1643 3986 in

374 4033 549 4092 dominium
570 4034 651 4091 dicte
674 4035 757 4092 curie
780 4034 937 4093 allodialis
960 4043 1202 4108 cunctarumque
1225 4035 1396 4093 utilitatum
1429 4039 1460 4092 et
1489 4034 1643 4109 pertinen·

374 4140 492 4198 ciarum
528 4139 665 4198 eiusdem
699 4141 803 4198 ubivis
835 4141 1014 4199 habitarum
1049 4142 1136 4200 iuxta
1169 4155 1290 4198 morem
1325 4148 1356 4199 et
1387 4139 1642 4198 consvetudinem

373 4245 511 4303 eiusdem
535 4245 667 4303 civitatis
690 4252 793 4304 nostre
815 4247 1010 4305 introducere
1034 4255 1064 4306 et
1087 4247 1217 4305 eandem
1233 4246 1351 4305 eisdem
1367 4247 1519 4321 premisso
1537 4225 1640 4304 nostre

373 4351 550 4410 donacionis
572 4352 672 4423 titulo,
695 4353 771 4426 ipsis
794 4353 999 4426 incumbente,
1033 4361 1184 4428 perpetuo
1216 4352 1374 4427 possidere
1406 4359 1437 4409 et
1467 4356 1639 4410 constatare

373 4457 519 4527 debeatis,
550 4459 575 4514 si
608 4475 669 4516 non
705 4457 797 4518 fuerit
832 4460 1066 4518 contradictum.
1105 4459 1392 4517 Contradictoribus
1427 4473 1513 4529 vero,
1537 4458 1639 4531 siqui

373 4564 496 4636 fuerint,
530 4581 566 4622 ac
602 4567 723 4640 prefato
758 4569 907 4642 magistro
935 4569 1068 4651 Johanni
1100 4575 1131 4648 et
1154 4567 1277 4624 Andree
1300 4571 1331 4624 et
1354 4580 1463 4624 eorum
1486 4564 1641 4636 legittimo

372 4674 567 4745 procuratori
590 4672 630 4729 ad
654 4689 751 4730 unum
774 4679 894 4732 certum
910 4689 946 4730 ac
962 4674 1091 4732 brevem
1104 4674 1274 4732 terminum
1291 4673 1387 4730 vestri
1403 4673 1435 4729 in
1450 4671 1642 4744 presenciam

372 4779 536 4850 accersitis
558 4777 671 4836 auditis
695 4779 877 4837 eorumdem
900 4780 1180 4854 proposicionibus,
1203 4778 1449 4851 aliegacionibus
1466 4783 1496 4833 et
1512 4791 1638 4850 respon-

371 4885 518 4956 sionibus,
535 4885 671 4958 visisque
695 4891 725 4942 et
748 4887 929 4944 examinatis
950 4885 1071 4961 juribus
1094 4886 1286 4957 eorumdem,
1310 4885 1390 4942 inter
1412 4881 1539 4940 eosdem
1561 4881 1640 4940 meri

370 4987 448 5068 juris
485 4997 514 5048 et
547 4988 667 5066 justicie
702 4993 968 5066 complementum
1002 4992 1130 5066 faciatis,
1164 4990 1241 5069 juris
1271 4991 1413 5050 ordinem
1437 4987 1641 5046 observando.
