3930 5802
747 580 818 638 Dec.
845 592 913 656 104.
936 613 979 622 -
1003 579 1059 637 An.
1083 575 1173 656 1436.
1517 598 1578 655 igr

317 809 393 870 pore
416 793 491 852 dicti
514 793 646 852 condam
671 793 789 852 domini
811 793 960 878 Johannis
983 795 1123 868 episcopi
1145 793 1242 852 saetas
1265 801 1295 852 et
1317 795 1392 854 inita
1418 795 1451 854 in
1482 795 1584 856 multo

315 901 427 959 maiori
442 905 532 975 parte
547 915 642 974 quarn
660 901 747 974 prius
769 904 801 958 et
815 906 923 958 contra
945 900 1043 974 ipsius
1066 900 1197 974 capituli
1221 901 1366 958 similiter
1381 901 1584 960 inhibiciones

317 1013 525 1081 occupassent,
548 1011 760 1079 pererrassent
790 1011 821 1063 et
843 1005 1057 1078 extimassem,
1082 1006 1284 1064 seminassent
1312 1012 1343 1064 et
1372 1005 1582 1078 succidissent,

317 1118 347 1170 et
370 1114 428 1172 hoc
448 1112 510 1186 ipsi
531 1111 594 1170 fide
617 1113 848 1186 conspexissent
871 1112 1029 1183 occulata;
1045 1113 1089 1170 sic
1112 1127 1170 1185 ego
1192 1128 1298 1170 rursus
1322 1117 1352 1170 et
1375 1111 1476 1170 denuo
1500 1111 1584 1185 ipsas

314 1219 424 1277 ambas
453 1224 557 1293 partes
590 1219 631 1276 ab
662 1233 721 1276 usu
743 1224 774 1276 et
796 1217 947 1276 sruicione
969 1224 1135 1292 terrarum,
1158 1228 1330 1293 pratorum,
1355 1217 1506 1288 senilium,
1530 1217 1583 1276 sil·

315 1339 429 1383 varum
451 1330 482 1383 et
504 1325 690 1384 rubetorum
706 1329 940 1398 prenotatorum
955 1325 1014 1382 sub
1030 1325 1121 1384 certis
1137 1325 1224 1398 penis
1240 1325 1438 1384 inhibueram
1453 1323 1582 1396 tamdiu,

316 1445 478 1506 quousque
508 1431 655 1490 revisioni
688 1431 869 1490 earumdem
902 1447 959 1505 per
982 1447 1033 1489 me
1057 1447 1168 1490 vacare
1191 1437 1222 1489 et
1244 1432 1364 1491 bonum
1385 1431 1481 1490 finem
1503 1431 1584 1490 inter

313 1537 397 1611 ipsas
436 1543 541 1611 partes
574 1536 675 1596 facere
709 1537 879 1596 valuissem
891 1555 899 1608 ;
922 1543 954 1596 at
985 1538 1047 1612 ipsi
1077 1538 1160 1596 cives
1191 1542 1221 1596 et
1244 1534 1381 1612 hospites
1405 1538 1446 1595 ab
1470 1553 1529 1595 usu
1552 1542 1582 1595 et

314 1641 464 1702 iruicione
487 1643 666 1701 earumdem
692 1649 855 1716 terrarum,
879 1649 1049 1718 pratorum,
1072 1643 1225 1716 senilium,
1253 1644 1406 1703 silvarum
1436 1649 1466 1701 et
1489 1643 1580 1701 rube-

313 1754 417 1808 torum
441 1754 505 1808 tarn
528 1755 634 1808 eontra
656 1749 836 1808 huiusmodi
859 1751 979 1824 priores
1002 1751 1100 1826 ipsius
1123 1743 1256 1809 condam
1286 1749 1405 1808 domini
1427 1750 1575 1833 Johannis

314 1856 462 1932 episcopi,
493 1871 588 1930 quarn
623 1871 708 1914 meas
729 1856 931 1915 inhibiciones
954 1873 987 1915 se
1009 1858 1138 1915 minime
1161 1857 1306 1915 cohibere
1327 1855 1500 1926 voluerunt,
1524 1854 1578 1914 sed
1678 1862 1681 1870 ’

315 1961 440 2020 easdem
464 1961 503 2020 de
525 1961 575 2020 die
597 1963 630 2021 in
652 1962 736 2020 diem
759 1962 859 2020 eciam
881 1979 962 2022 nunc
989 1962 1158 2034 succidunt,
1188 1963 1352 2036 extirpant,
1375 1965 1464 2020 arant
1485 1967 1516 2021 et
1536 1977 1582 2019 se·

314 2069 442 2140 minant,
476 2073 607 2144 propter
642 2069 726 2144 quod
762 2069 885 2127 attentis
919 2069 987 2141 hiis,
1012 2084 1072 2142 que
1095 2084 1154 2142 pro
1177 2075 1266 2143 parte
1288 2067 1442 2126 dictorum
1466 2067 1580 2126 civium

315 2179 417 2232 vestre
446 2175 618 2234 serenitatis
649 2182 757 2234 contra
788 2191 838 2232 me
869 2175 961 2233 tacita
984 2176 1113 2232 veritate
1136 2181 1167 2233 et
1188 2179 1332 2248 suggesta
1355 2171 1490 2233 falsitate
1512 2179 1583 2232 sunt

315 2282 454 2356 exposita
478 2297 514 2342 ac
536 2282 635 2340 eciam
658 2281 838 2340 huiusmodi
869 2281 1043 2340 cottidianis
1072 2282 1321 2356 presumptuosis
1350 2285 1381 2339 et
1410 2281 1583 2340 temerariis

315 2389 582 2462 occupacionibus,
612 2388 850 2460 abolicionibus,
882 2387 1127 2446 succiosionibus
1161 2387 1301 2462 ipsarum
1335 2391 1490 2445 terrarum
1523 2403 1581 2460 per

312 2489 457 2568 jamsatos
490 2495 573 2552 cives
607 2493 697 2552 sactis
731 2499 762 2552 et
795 2497 932 2567 patratis,
963 2498 1029 2552 tam
1062 2491 1200 2568 prefatos
1235 2494 1327 2564 cives,
1362 2507 1458 2566 quam
1481 2493 1580 2551 eciam

314 2597 432 2656 dictum
466 2599 641 2674 capitulum
675 2600 805 2658 ecclesie
835 2599 1042 2673 zagrabiensis
1065 2601 1107 2657 ab
1129 2598 1206 2673 ipsis
1228 2599 1326 2668 terris,
1350 2598 1447 2670 silvis,
1471 2599 1577 2673 pratis,

314 2701 461 2762 senilibus
484 2711 515 2763 et
538 2705 657 2764 rubetis
681 2705 757 2764 duxi
779 2705 963 2766 inhibendos
994 2710 1024 2762 et
1045 2705 1168 2763 inhibui
1197 2702 1368 2764 manifeste.
1400 2704 1438 2762 Et
1472 2719 1581 2778 quam·

314 2825 409 2882 quam
440 2810 553 2886 prefati
585 2812 774 2883 Valentinus,
799 2811 884 2870 filius
918 2810 969 2869 Islr
992 2816 1022 2868 et
1044 2811 1188 2894 Jacobus,
1210 2809 1296 2869 filius
1318 2810 1476 2894 Johannis,
1500 2809 1574 2868 dicti

312 2915 419 2988 Bolya,
452 2915 605 2990 prefatam
640 2918 799 2976 civitatem
832 2923 935 2975 vestre
958 2916 1131 2975 serenitatis
1154 2931 1172 2974 a
1195 2915 1349 2974 diuturnis
1373 2915 1577 2990 temporibus,

313 3023 400 3082 cuius
429 3024 619 3082 contrarium
654 3025 807 3083 memoria
838 3024 1002 3084 hominum
1035 3038 1098 3082 non
1120 3022 1397 3098 comprehenderet
1420 3021 1452 3079 in
1475 3020 1580 3095 quieto

313 3128 451 3188 dominio
475 3131 720 3205 prescriptarum
743 3135 898 3188 terrarum
921 3131 1116 3202 amabilium,
1140 3133 1301 3204 pratorum
1326 3135 1356 3187 et
1378 3127 1521 3186 senilium
1544 3142 1580 3184 ac

313 3235 466 3294 silvarum
489 3241 519 3295 et
541 3236 726 3294 rubetorum
746 3253 812 3295 esse
831 3243 861 3294 et
877 3235 972 3295 luisse
988 3243 1103 3294 temere
1119 3240 1323 3306 asseruerunt,
1339 3235 1371 3294 in
1388 3234 1580 3293 contrarium

282 3339 283 3342 ’
312 3345 416 3400 tamen
438 3343 529 3400 huius
552 3343 605 3414 rei,
629 3358 678 3400 ex
691 3349 796 3401 tenore
818 3343 994 3401 litterarum
1018 3341 1177 3417 quondam
1199 3341 1381 3418 spectabilis
1404 3347 1435 3398 et
1458 3338 1577 3412 magni·

312 3445 365 3506 fici
399 3447 518 3507 domini
550 3449 721 3508 Hermanni
755 3448 842 3522 Cilie,
873 3448 1063 3523 Zagorieque
1093 3425 1218 3507 ¹comitis
1248 3464 1284 3506 ac
1307 3447 1394 3520 regni
1416 3445 1580 3505 Sclauonic

312 3552 393 3626 bani,
408 3555 464 3614 ubi
486 3555 570 3614 idem
593 3555 631 3614 de
653 3571 709 3613 sua
731 3555 803 3614 sede
826 3553 987 3631 judiciaria
1009 3555 1202 3629 zagrabiensi
1224 3557 1324 3612 certos
1346 3551 1468 3612 nobiles
1485 3552 1578 3624 viros,

311 3661 468 3734 signanter
482 3660 674 3736 Stephanum
686 3662 866 3736 Hwhinger,
890 3662 1038 3719 comitem
1059 3677 1151 3720 suum
1173 3660 1414 3734 zagrabiensem,
1437 3674 1473 3716 ac
1489 3673 1576 3731 egre·

311 3766 378 3840 gius
400 3769 574 3852 Johannem
596 3769 700 3827 Thoth
723 3768 762 3826 de
785 3767 997 3826 Zwmzedwar
1019 3773 1049 3824 et
1072 3765 1243 3840 Georgium
1276 3765 1314 3823 de
1344 3764 1477 3824 Bilrzaad
1508 3779 1578 3838 pre·

312 3873 419 3948 dictos,
442 3891 561 3934 necnon
581 3875 658 3934 duos
679 3891 717 3934 ex
740 3873 896 3952 judicibus
917 3874 1072 3933 nobilium
1095 3873 1176 3930 dicte
1198 3872 1280 3931 sedis
1308 3870 1515 3945 zagrabiensis
1538 3869 1579 3928 ad

312 3981 497 4040 revisionem
520 3982 661 4058 ipsarum
685 3989 840 4040 terrarum
862 3997 919 4056 per
950 3979 1095 4056 jamsatos
1131 3981 1214 4038 cives
1244 3983 1467 4052 occupatarum
1490 3976 1577 4035 disti·

310 4093 421 4160 nasset,
442 4104 479 4146 ac
502 4096 586 4147 certa
607 4087 740 4147 fassione
761 4088 987 4147 nonnullorum
1009 4086 1184 4160 proborum
1206 4091 1235 4144 et
1257 4084 1413 4144 nobilium
1435 4084 1578 4142 virorum

311 4193 437 4252 eosdem
460 4195 546 4254 cives
568 4200 599 4254 et
620 4195 758 4270 hospites
781 4211 845 4253 non
867 4195 900 4253 in
923 4193 1053 4268 pacifico
1077 4193 1215 4250 dominio
1238 4191 1392 4249 dictarum
1414 4195 1578 4262 terrarum,

311 4300 464 4359 silvarum
498 4309 529 4360 et
566 4301 708 4360 senilium
742 4317 779 4360 ac
808 4303 992 4360 rubetorum
1015 4315 1081 4358 esse
1105 4306 1136 4358 et
1158 4298 1261 4369 fuisse,
1285 4297 1339 4355 sed
1361 4296 1469 4370 pocius
1491 4296 1577 4370 ipsos

310 4407 394 4465 cives
417 4407 514 4466 dictas
537 4413 643 4480 terras,
667 4415 766 4483 prata,
790 4407 903 4480 senilia,
928 4407 1024 4465 silvas
1054 4411 1085 4464 et
1119 4407 1230 4464 rubeta
1261 4410 1367 4462 contra
1397 4400 1578 4460 huiusmodi

310 4514 488 4588 sepissimas
503 4515 712 4573 'inhibiciones
735 4530 903 4589 occupasse
925 4513 1029 4588 reperi
1052 4511 1221 4583 manifeste,
1251 4516 1345 4586 prout
1375 4510 1444 4584 ipsa
1474 4514 1578 4565 vestra

310 4619 457 4678 serenitas
491 4627 556 4679 tarn
590 4637 629 4679 ex
662 4621 759 4694 ipsius
793 4621 925 4678 condam
959 4619 1078 4678 domini
1101 4617 1272 4676 Hermanni
1294 4615 1415 4674 comitis
1439 4620 1469 4672 et
1492 4613 1576 4685 bani,

311 4741 406 4800 quam
437 4727 535 4785 eciam
565 4727 674 4786 multis
704 4728 773 4786 aliis
797 4727 908 4785 litteris
930 4726 1040 4784 exinde
1064 4724 1210 4784 confectis
1233 4727 1411 4798 opportuno
1435 4727 1577 4794 tempore

310 4846 415 4890 coram
439 4839 543 4892 vestra
566 4833 729 4892 serenitate
751 4832 912 4890 exibendis
946 4832 1030 4890 clare
1064 4831 1180 4906 poterit
1213 4827 1389 4888 informare.
1425 4824 1577 4883 Commisi

310 4939 408 4997 eciam
433 4940 575 5014 partibus
598 4937 755 5014 predictis,
777 4943 812 4996 ut
834 4939 901 5012 ipse
923 4938 1016 4996 ambe
1039 4945 1143 5011 partes
1165 4934 1331 5010 inprimis
1353 4932 1471 4992 octavis
1492 4935 1577 5006 post-

309 5059 406 5119 quam
428 5047 486 5104 deo
502 5046 580 5105 duce
602 5048 704 5121 ipsam
728 5053 867 5104 vestram
889 5046 1086 5104 serenitatem
1101 5045 1182 5103 intra
1198 5041 1353 5101 ambitum
1368 5040 1457 5113 regni
1473 5043 1574 5097 vestre

1471 5139 1488 5179 s
