3932 5806
786 529 861 588 Dec.
887 525 958 586 206.
982 539 1051 605 207.
1074 562 1117 572 —
1140 529 1198 607 An,
1222 526 1314 606 1458.

991 739 1079 806 206.

503 865 584 914 Anno
606 867 679 930 1458,
701 877 741 929 27.
762 865 830 915 maii.
849 865 945 913 Budae.

397 974 541 1044 Mathias,
572 975 751 1048 Hungarrire
781 981 829 1032 etc.
859 993 922 1044 rex,
938 974 1079 1050 Johanni
1100 975 1210 1033 Vitovec
1232 976 1306 1033 bano
1329 975 1456 1045 attendat,
1479 981 1513 1032 ut
1534 975 1661 1032 civitatis

540 1065 750 1137 posscsstbnum
764 1064 844 1136 fines
867 1063 995 1120 turbatos
1010 1070 1159 1137 peragret,
1190 1083 1333 1138 novosque
1359 1065 1519 1121 constituat.

1117 1182 1270 1252 Commissio
1294 1203 1398 1268 propria
1416 1202 1513 1252 domini
1532 1202 1608 1266 regis.

502 1314 634 1371 llathias
665 1313 715 1372 dei
743 1315 847 1388 gracia
870 1330 925 1371 rex
949 1314 1116 1388 Hungarie,
1141 1315 1309 1387 Dalmacie‚
1332 1313 1459 1372 Croacie
1482 1319 1536 1372 etc.
1560 1313 1660 1384 Eideli

397 1423 503 1477 nostro
535 1421 701 1492 magnifico
731 1422 789 1505 Jan
820 1421 1003 1492 Bythowecz
1036 1420 1074 1477 de
1105 1420 1237 1492 Greben‚
1266 1420 1354 1493 regni
1376 1421 1474 1478 nostri
1496 1418 1661 1478 Sclauonie

398 1526 488 1595 ban0,
511 1526 645 1584 salutem
661 1532 691 1584 et
706 1527 853 1598 graciam.
878 1527 992 1584 Dicunt
1007 1527 1097 1584 nobis
1121 1526 1229 1584 fideles
1244 1527 1342 1584 nostri
1363 1525 1545 1584 Valentinus
1568 1524 1661 1584 iudex

402 1646 437 1688 ac
460 1632 634 1690 Anthonius
665 1632 702 1689 de
726 1631 941 1704 Grabrounilr,
966 1633 1049 1689 cives
1073 1633 1205 1691 civitatis
1227 1638 1331 1690 nostre
1352 1633 1467 1690 montis
1490 1630 1660 1702 Greeensis,

397 1737 429 1794 in
450 1752 505 1794 sua
536 1752 572 1794 ac
602 1738 796 1810 reliquorum
829 1739 960 1810 civium,
992 1739 1151 1812 hospitum
1174 1743 1204 1795 et
1227 1739 1401 1796 incolarum
1424 1737 1504 1795 dicto
1526 1737 1660 1795 civitatis

397 1847 501 1900 nostre
523 1844 671 1918 personis.
696 1843 778 1916 quod
803 1861 873 1902 cum
888 1845 948 1903 hiis
964 1844 1121 1916 preteritis
1137 1845 1331 1918 temporibus
1346 1845 1414 1918 ipsa
1431 1844 1539 1902 civitas
1555 1849 1660 1900 nostra

397 1949 581 2006 amanibus
612 1956 811 2008 externorum
843 1951 1005 2008 hominum
1036 1955 1134 2020 tenta,
1158 1965 1299 2023 possessa
1321 1955 1351 2008 et
1373 1964 1522 2024 oppressa
1546 1949 1660 2019 fuisset,

397 2061 478 2112 mete
501 2059 531 2112 et
553 2057 668 2113 limites
692 2057 758 2114 eius
779 2061 809 2114 et
832 2056 1063 2131 possessionum
1088 2071 1214 2112 suarum
1238 2057 1269 2113 in
1293 2057 1448 2114 territorio
1472 2056 1553 2113 dicte
1584 2055 1658 2112 civi·

397 2162 467 2218 tatis
491 2162 690 2220 existencium
723 2163 763 2219 ab
794 2163 921 2235 antiquo
952 2167 1090 2220 extructe
1119 2171 1148 2219 et
1172 2163 1264 2219 erecti
1288 2178 1344 2220 suo
1367 2163 1437 2219 loco
1460 2163 1604 2221 submote
1631 2168 1660 2218 et

397 2267 560 2326 disturbati
593 2276 707 2340 essent;
732 2269 942 2342 supplicantes
965 2269 1054 2326 nobis
1077 2266 1190 2342 prelati
1214 2267 1395 2325 Valentinus
1426 2267 1518 2324 iudex
1543 2275 1572 2324 et
1598 2269 1660 2323 An·

397 2374 520 2431 thonius
554 2374 592 2431 de
622 2375 821 2433 Grabrounik
851 2376 914 2432 suis
944 2390 980 2432 ac
1003 2374 1157 2432 dictorum
1181 2375 1297 2431 civium
1319 2373 1505 2445 nominibus,
1529 2379 1562 2430 ut
1584 2374 1660 2447 ipsis

395 2495 489 2552 super
512 2481 571 2538 hiis
591 2481 684 2538 rebus
708 2480 874 2554 providere
899 2480 1107 2552 dignaremur.
1130 2480 1166 2536 Et
1190 2481 1262 2552 quia
1280 2480 1394 2553 peticio
1411 2481 1551 2554 ipsorum
1567 2479 1658 2537 nobis

398 2585 524 2643 honesta
548 2591 578 2642 et
601 2586 741 2644 modesta
765 2587 831 2643 visa
854 2591 907 2656 est,
928 2585 998 2643 ideo
1022 2585 1165 2643 fidelitati
1187 2593 1239 2642 tue
1259 2587 1491 2651 committimus.
1508 2592 1659 2658 quatenus

354 2719 357 2731 v
395 2692 527 2764 receptis
557 2693 761 2765 presentibus,
784 2693 958 2763 revisisque
988 2691 1127 2764 vestigiis
1160 2696 1315 2748 metarum
1346 2701 1375 2748 et
1405 2693 1543 2750 limitum
1580 2690 1659 2748 dicte

395 2797 528 2854 civitatis
552 2803 581 2853 et
603 2799 831 2870 possessionum
855 2813 990 2868 suarum,
1023 2805 1120 2854 metas
1152 2798 1234 2870 ipsas
1265 2807 1294 2854 et
1325 2797 1441 2855 limites
1472 2799 1557 2854 iuxta
1588 2811 1660 2853 con·

397 2909 478 2958 tenta
503 2903 741 2976 privilegiorum
765 2910 794 2960 et
817 2903 976 2961 evidencia
998 2903 1182 2960 documenta
1206 2903 1286 2960 dicte
1309 2904 1452 2975 civitatis,
1475 2908 1509 2960 ut
1536 2901 1658 2972 dicitur,

396 3009 466 3065 loco
489 3024 545 3066 suo
575 3009 693 3067 deletos
724 3024 831 3066 rursus
854 3009 1025 3066 reformare
1048 3015 1078 3064 et
1100 3023 1250 3065 renovare
1273 3008 1387 3065 debeas
1410 3010 1529 3081 absque
1553 3015 1657 3065 tamen

396 3115 567 3187 preludicio
590 3117 665 3173 iuris
688 3117 789 3181 alieni,
815 3115 900 3172 aliud
923 3131 984 3173 non
1008 3114 1152 3172 facturus.
1176 3115 1372 3172 Prosentibus
1396 3115 1548 3187 perlectis,
1573 3115 1659 3171 exhi-

395 3221 481 3278 benti
509 3223 667 3279 restitutis.
701 3215 818 3279 Datum
854 3221 937 3278 Bude
972 3221 1103 3278 sabbato
1134 3223 1279 3295 proximo
1309 3227 1379 3278 ante
1410 3221 1524 3278 festum
1555 3225 1658 3277 sancte

395 3327 561 3385 Trinitatis¹
594 3331 682 3384 Anno
714 3327 832 3384 domini
864 3327 1032 3384 millesimo
1064 3327 1367 3401 quadringentesimo
1402 3327 1658 3400 quinquagesimo

395 3441 513 3490 octavo.

500 3567 634 3630 Originale
650 3569 677 3616 in
696 3568 791 3626 charta,
820 3569 847 3617 in
866 3570 980 3630 margine
1008 3569 1121 3616 inferiori
1150 3570 1302 3632 impressum
1331 3575 1369 3616 est
1389 3568 1502 3631 sigillum
1521 3569 1596 3631 regis.
1625 3569 1657 3616 In

394 3656 508 3704 archivio
523 3655 569 3706 lib.
589 3673 640 3718 reg.
661 3657 708 3708 civ.
728 3656 827 3719 zagrab.

984 3887 1070 3954 207.
1105 3979 1110 3986 1

501 4010 581 4056 Anno
603 4011 676 4074 1458,
698 4021 738 4072 27.
759 4010 826 4060 maii.
847 4011 934 4057 Budae

394 4119 536 4188 Mallu'ns,
570 4119 749 4192 liungariae
779 4127 825 4176 etc.
856 4139 918 4188 rex,
950 4120 1057 4176 ciau'bus
1087 4119 1320 4192 nagrabiensibus
1350 4137 1445 4177 nrrrnes
1476 4121 1658 4178 conmmelt'ns

394 4208 521 4280 agnoscit,
543 4226 617 4280 qaas
640 4208 787 4278 nobilibus,
803 4227 892 4282 prtum
915 4209 1027 4267 Ulrr'cus
1042 4226 1131 4265 comes
1154 4207 1298 4266 cz'nitntem
1314 4209 1476 4281 occupabat,
1492 4211 1656 4266 mntemnt.

1117 4347 1271 4397 Commissio
1290 4349 1393 4412 propria
1412 4345 1509 4399 domini
1528 4348 1603 4410 regis.

499 4461 562 4519 Nos
596 4462 727 4520 Mathias
758 4460 807 4518 dei
837 4463 939 4534 gracia
968 4475 1022 4517 rex
1049 4460 1216 4532 Hungarie,
1239 4461 1409 4532 Dalmacie‚
1442 4459 1569 4517 Croacie
1600 4467 1656 4516 etc.

393 4568 542 4626 Memorio
572 4567 828 4626 commendamus
859 4584 915 4641 per
945 4573 1111 4641 presentes,
1143 4566 1225 4640 quod
1250 4581 1306 4624 nos
1337 4567 1498 4624 universos
1521 4567 1603 4624 cives
1626 4571 1656 4622 et

393 4675 613 4734 inhabitatores
644 4675 777 4733 civitatis
808 4681 910 4731 nostre
941 4675 1053 4732 montis
1085 4673 1248 4731 Greeensis
1271 4688 1364 4746 super
1387 4673 1540 4730 universis
1564 4672 1653 4729 dum·

392 4787 477 4840 taxat
506 4775 569 4839 illis
600 4781 753 4855 dampnis,
785 4781 910 4850 iniuriis,
935 4781 1059 4838 offensis
1093 4787 1122 4836 et
1145 4780 1346 4852 nocumentis,
1371 4795 1430 4852 que
1450 4777 1546 4837 iidem
1570 4780 1654 4836 cives

392 4895 421 4947 et
446 4889 666 4947 inhabitatores
682 4889 815 4946 civitatis
830 4893 934 4944 nostre
951 4887 1095 4960 predicte,
1120 4891 1261 4960 tempore
1278 4884 1491 4959 occupacionis
1517 4883 1655 4942 eiusdem

392 4997 524 5054 civitatis
554 5001 658 5052 nostre
690 4995 802 5052 montis
834 4993 994 5052 Greeensis
1026 5011 1081 5068 per
1106 4993 1237 5051 condam
1261 4993 1417 5050 illustrem
1441 4991 1581 5049 Vlricum
1606 5005 1654 5048 co·
