3948 5804
684 569 762 642 Doc,
785 564 834 645 83.
859 564 911 645 <94-
933 601 976 610 —
1000 567 1056 624 An.
1080 579 1168 644 1435.

894 780 957 846 83.

392 923 472 972 Anno
494 933 568 986 1435,
589 927 647 986 post
664 919 819 971 dominicam
836 923 952 980 Laetare,
972 922 1086 972 Posonii.

392 1051 611 1124 sigismundus
635 1067 760 1110 causam
784 1053 914 1126 capituli
937 1059 1043 1110 contra
1073 1054 1238 1120 civitatem,
1277 1065 1371 1123 quam
1401 1067 1439 1107 ex
1470 1050 1555 1107 curia

287 1160 372 1232 regia
404 1145 691 1216 absentantibus'se
715 1160 836 1217 civibus
859 1161 900 1216 ab
923 1157 989 1234 ejus
1012 1160 1114 1216 curiae
1136 1156 1260 1234 judicio,
1284 1158 1316 1214 in
1346 1171 1433 1214 suam
1465 1171 1554 1229 prae·

286 1266 416 1323 sentiam
439 1265 471 1323 in
494 1279 550 1322 suo
573 1265 613 1323 ad
636 1281 767 1338 regnum
790 1265 892 1323 reditu
917 1269 1126 1336 revocaverat,
1150 1265 1205 1321 ubi
1229 1265 1322 1321 etiam
1345 1279 1363 1320 a
1387 1263 1507 1320 Thoma
1524 1265 1554 1319 et

286 1371 421 1444 Georgio
445 1372 598 1428 canonicis
623 1372 884 1443 zagrabiensibus,
909 1372 1162 1446 procuratoribus
1193 1370 1333 1444 capituli,
1367 1369 1474 1442 plures
1507 1369 1553 1425 in·

285 1478 467 1551 quisitiones
498 1483 528 1534 et
561 1479 799 1550 protestationes
831 1477 1041 1562 capitulorum
1073 1482 1104 1535 et
1124 1475 1265 1553 judicum
1287 1475 1442 1534 nobilium
1466 1489 1554 1546 prae·

286 1588 483 1642 sentaverant
518 1586 625 1641 contra
659 1575 832 1654 civitatem;
855 1584 1057 1642 nihilominus
1092 1585 1263 1656 imperator
1292 1581 1461 1654 impeditus
1483 1579 1554 1636 aliis

286 1690 428 1760 negotiis,
451 1704 559 1746 rursus
582 1673 623 1746 ad
646 1685 861 1747 Hermannum
884 1691 1002 1748 bunum
1024 1689 1206 1748 Sclavoniae
1228 1689 1279 1746 vel
1298 1687 1483 1744 vicebanum
1500 1701 1554 1742 seu

286 1795 504 1866 vicecomitem
538 1799 568 1852 et
604 1793 722 1870 judices
756 1796 911 1854 nobilium
945 1797 1152 1868 zagrabiensis
1175 1796 1339 1852 comitatus
1361 1793 1491 1851 remittit
1514 1789 1554 1849 ad

286 1906 412 1959 octavas
435 1916 459 1959 s.
483 1900 610 1986 Georgii
633 1899 809 1975 finiendam,
833 1919 871 1960 ne
894 1903 960 1960 ulla
982 1917 1055 1976 pars
1078 1901 1118 1961 ad
1142 1917 1213 1959 eum
1246 1900 1384 1975 amplius
1406 1902 1554 1958 recurrat

394 2037 505 2101 Georgii
524 2037 696 2095 Marcelovic;
716 2039 834 2104 Regesta
852 2045 880 2088 ut
900 2043 985 2105 supra.

892 2285 953 2350 84.

393 2429 474 2478 Auno
495 2439 570 2493 1435,
590 2439 631 2488 29.
651 2427 744 2478 martii.
763 2427 878 2479 Posonii.

288 2554 489 2631 Sagr'smundas
510 2556 687 2628 Haagariae
709 2563 756 2614 etc.
789 2574 852 2626 rex,
886 2556 1058 2612 Hermanno
1081 2555 1155 2612 bono
1170 2555 1322 2628 praecata,
1346 2555 1431 2612 utin
1454 2571 1554 2622 causa,

288 2681 363 2749 qaae
384 2663 465 2720 inter
488 2663 712 2720 caneraum'tatem
743 2663 868 2719 civitatis
894 2670 923 2720 et
951 2658 1057 2721 nobiles
1088 2662 1121 2718 de
1152 2660 1247 2720 Sused
1271 2661 1306 2718 de
1329 2660 1555 2735 possessionibus

451 2769 611 2826 Peaooma
634 2769 752 2855 lrira's'la
774 2776 803 2826 el
824 2746 1009 2844 dilsakoaina
1033 2768 1181 2842 agebatur,
1203 2787 1262 2826 rem
1276 2769 1396 2844 judicet.

853 2906 1007 2955 Commissio
1032 2907 1136 2971 propria
1154 2908 1252 2956 domini
1272 2907 1433 2971 imperatoris
1453 2921 1484 2954 ex

886 2994 1076 3044 deliberacione
1094 2997 1218 3044 baronum
1237 2997 1264 3044 iu
1286 2996 1384 3060 judicio
1409 2995 1483 3046 iacta.

392 3106 610 3180 sigismundus
634 3107 683 3164 dei
706 3109 809 3180 gracia
826 3107 1037 3166 Romanorum
1056 3110 1234 3182 imperator,
1251 3123 1375 3180 semper
1398 3111 1554 3180 augustus,

288 3229 327 3270 ac
351 3213 518 3285 Hungarie,
543 3212 697 3286 Bohemie,
721 3213 890 3283 Dalmacie‚
915 3213 1042 3272 Croacie
1059 3220 1112 3286 etc.
1136 3231 1198 3272 rex.
1223 3213 1323 3272 Fidcli
1346 3217 1452 3271 nostro
1469 3225 1555 3286 spec-

288 3319 377 3376 tabili
400 3323 430 3376 ct
453 3318 619 3390 magnifico
644 3319 830 3391 Hermanno
862 3320 940 3377 Cilie
971 3326 1000 3377 et
1035 3320 1163 3392 Zagorie
1195 3321 1308 3390 comiti,
1340 3321 1426 3404 regni
1457 3319 1554 3376 nostri

287 3425 555 3504 Sclauoniebano,
572 3439 678 3482 socero
701 3428 1000 3498 nostro‘carissimm
1024 3426 1156 3484 salutem
1180 3433 1210 3485 et
1231 3429 1377 3499 graciam.
1407 3425 1553 3484 Nostram

291 3533 445 3589 venientes
468 3534 499 3589 in
530 3533 720 3605 presenciam
756 3531 864 3590 fideles
900 3535 996 3591 nostri
1026 3534 1151 3608 providi
1187 3536 1264 3592 viri:
1300 3513 1416 3605 Petrus,
1454 3532 1553 3590 dictus

288 3639 424 3710 Magyar,
441 3638 518 3695 alias
542 3636 635 3713 judex
659 3644 689 3696 et
712 3639 859 3697 Nicolaus
883 3640 1046 3712 litteratus,
1071 3643 1153 3698 cives
1167 3642 1300 3698 civitatis
1317 3641 1553 3698 nostremontis

286 3743 447 3802 Grecensis
471 3743 509 3801 de
532 3745 692 3817 Zagrabia,
716 3747 806 3803 nobis
830 3748 861 3804 in
883 3749 946 3804 suis
970 3763 1005 3804 ac
1028 3753 1200 3806 ceterorum
1216 3749 1432 3805 universorum
1457 3748 1555 3805 conci·
1638 3753 1660 3761 ''

288 3851 384 3921 vium,
407 3851 568 3924 hospitum
591 3857 621 3909 et
644 3853 836 3925 populorum
860 3853 997 3910 eiusdem
1015 3855 1148 3912 civitatis
1171 3859 1274 3911 nostre
1298 3855 1437 3928 personis
1460 3869 1555 3927 expo·

287 3961 415 4028 suerunt
438 3957 613 4030 querulose,
645 3959 804 4032 quomodo
836 3961 913 4018 alias
943 3959 1074 4018 condam
1110 3959 1255 4018 Nicotaus
1290 3975 1325 4017 ac
1359 3961 1554 4031 laurencius,

286 4063 344 4120 filii
366 4063 486 4122 Nicolai
508 4064 582 4122 dicti
605 4065 686 4123 Toth
710 4066 748 4123 de
772 4065 984 4139 Zomzedvvar,
1010 4065 1161 4140 quasdam
1184 4073 1246 4125 tres
1262 4051 1554 4140 possessionespre·

289 4168 350 4226 sale
374 4175 477 4253 nostre
501 4172 634 4229 civitatis
658 4179 688 4229 et
720 4179 941 4246 consequenter
972 4177 1113 4248 ipsorum
1144 4176 1274 4233 civium:
1306 4174 1490 4244 Petrowyna
1519 4187 1555 4230 ac

286 4275 420 4348 Hraslya
444 4282 473 4332 et
496 4274 739 4351 Syllyakowyna
762 4284 888 4337 vocatas
911 4282 942 4337 in
967 4283 1113 4339 comitatu
1146 4281 1338 4354 zagrabiensi
1361 4280 1483 4338 habitas
1514 4280 1554 4338 ab

286 4381 354 4454 ipsa
378 4381 502 4438 civitate
525 4387 631 4440 nostra
655 4388 685 4442 ct
707 4384 825 4442 eisdem
857 4387 977 4444 civibus
1011 4375 1147 4445 indebite
1181 4402 1217 4444 ac
1252 4388 1354 4444 miuus
1388 4387 1466 4444 iuste
1497 4401 1555 4459 pro

286 4487 394 4560 seipsis
416 4496 617 4560 occupassent
640 4497 670 4547 et
695 4498 869 4565 occupatas,
895 4492 971 4550 dum
994 4494 1151 4563 vixissent,
1176 4494 1343 4552 tenuissent
1376 4497 1406 4550 et
1433 4505 1555 4551 conser-

287 4597 418 4650 vassent.
440 4593 656 4653 Nuncautem
681 4598 756 4670 ipsis
780 4598 907 4656 Nicolao
931 4614 966 4656 ac
990 4601 1159 4658 Laurencio
1183 4598 1352 4671 defunctis,
1383 4598 1554 4670 ladislaus,

287 4698 400 4773 prefati
424 4699 545 4758 Nicolai
567 4717 602 4760 ac
625 4703 788 4786 Johannes‚
806 4705 932 4764 antelati
958 4706 1119 4764 Laurencii
1142 4707 1208 4778 filii,
1225 4707 1396 4764 detinerent
1411 4705 1555 4762 similiter

287 4804 431 4876 indebite,
463 4806 560 4863 immo
593 4809 733 4880 potencia
756 4810 918 4882 mediante,
953 4813 981 4870 in
1012 4814 1152 4886 ipsorum
1184 4815 1298 4870 civium
1330 4813 1502 4886 dampnum
1526 4816 1555 4868 et

287 4911 494 4984 preiudicium
518 4913 611 4970 valde
635 4931 802 4992 magnum3
827 4933 921 4991 super
944 4934 1006 4992 quo
1030 4921 1248 4993 supplicarunt
1280 4921 1342 4993 ipsi
1377 4919 1487 4976 Petrus
1519 4933 1555 4980 ac

286 5017 434 5094 Nicotaus
457 5017 726 5095 ⁵litteratus,cives
749 5028 852 5082 nostre
875 5025 1006 5084 civitatis
1027 5026 1234 5098 zagrabieusis
1265 5025 1413 5100 predicte,
1444 5025 1554 5084 sibiet
1642 5085 1645 5090 ,
