3804 5858
296 454 299 461 ¹
399 472 489 556 4do'
810 478 883 540 Boc.
901 473 979 554 34⁶·
1003 509 1046 519 -
1070 471 1243 553 An.1487.

398 695 512 752 mensis
536 693 703 766 superinde
725 691 944 758 confectarum,
970 707 1026 764 per
1049 691 1147 749 dictos
1178 692 1300 763 regium
1329 699 1360 751 et
1383 693 1586 767 capitularem
1608 693 1667 756 ho·

399 797 506 870 mines,
523 800 720 874 presentibus
742 797 852 856 ricinis
874 804 904 855 et
926 797 1147 856 commetaneis
1162 797 1251 856 nullo
1267 798 1493 858 contradictore
1507 799 1667 870 existente,

397 913 428 991 et
451 905 512 964 sibi
535 905 596 979 ipsi
624 920 681 978 per
704 903 828 962 eosdem
863 903 1014 974 statuisse,
1046 907 1250 975 procurasset,
1281 919 1358 976 quas
1389 903 1514 966 tandem
1544 904 1667 964 litteras

304 1013 306 1018 ’
399 1011 582 1070 iassionales
605 1017 636 1070 et
658 1009 836 1076 statutorias
859 1024 894 1066 ac
916 1010 1021 1070 omnia
1044 1009 1077 1068 in
1098 1008 1143 1066 eis
1166 1013 1309 1068 contenta
1338 1009 1478 1086 prelatus
1508 1009 1585 1070 olim
1607 1009 1666 1070 do·

396 1117 500 1176 minus
529 1115 746 1190 sigismundus
777 1116 949 1188 imperator
983 1121 1013 1174 et
1040 1131 1104 1183 rex,
1127 1123 1221 1190 prout
1244 1131 1302 1191 per
1332 1116 1519 1191 prescriptas
1541 1115 1665 1176 litteras

396 1221 535 1282 eiusdem
558 1221 844 1280 confirmacionales
875 1221 1070 1294 presentibus
1092 1222 1231 1294 insertas,
1266 1220 1482 1292 edocebamur,
1506 1221 1666 1296 predictas

399 1328 610 1403 possessiones
632 1325 805 1398 Kralowcz,
829 1325 951 1400 Cherye
981 1343 1053 1384 cum
1084 1327 1212 1398 tributo,
1236 1325 1412 1400 Kobylyalr,
1435 1326 1607 1401 Zwyblyan
1631 1335 1666 1388 et

398 1433 497 1493 Narth
520 1439 654 1505 vocatas,
676 1438 885 1491 memoratum
909 1432 1073 1490 dominum
1095 1431 1313 1491 Eberhardum
1343 1433 1526 1506 episcopum
1548 1433 1609 1493 sibi
1631 1439 1667 1494 et

398 1541 462 1598 suis
478 1539 628 1600 fratribus
650 1539 764 1600 litteris
783 1539 815 1598 in
838 1538 954 1596 eisdem
985 1538 1152 1598 nominatis
1174 1553 1193 1596 a
1215 1553 1270 1596 sua
1300 1538 1460 1598 maiestate
1480 1539 1666 1614 impetratas

401 1645 518 1717 tuisse,
552 1650 690 1716 testante,
713 1644 754 1702 ad
785 1643 964 1703 humillime
995 1643 1232 1718 supplicationis
1267 1645 1457 1715 instanciam,
1494 1646 1665 1706 memorati

397 1751 529 1810 condam
553 1751 674 1810 Thome
705 1750 914 1810 archidiaconi
948 1748 1164 1808 warasdiensis
1195 1750 1334 1810 canonici
1356 1749 1437 1810 dicta
1460 1750 1589 1810 ecclesie
1612 1767 1664 1810 na·

396 1858 570 1932 grabiensis
593 1857 717 1918 easdem
741 1857 829 1914 binas
852 1857 971 1914 litteras
994 1871 1089 1930 super
1104 1855 1275 1914 collacione
1291 1862 1321 1915 et
1336 1857 1505 1916 statucione
1520 1857 1664 1932 ipsarum

395 1965 625 2038 possessionum
646 1967 804 2022 emanatas
834 1967 1028 2035 acceptantes
1059 1967 1089 2020 et
1121 1963 1340 2036 approbantes,
1370 1963 1661 2037 nichilominusque

395 2084 455 2144 pro
478 2069 599 2128 salubri
622 2067 791 2157 devocione
813 2083 867 2130 sue
890 2068 1062 2126 serenitatis
1085 2068 1127 2125 ob
1150 2068 1387 2144 remediumque
1416 2069 1526 2128 salutis
1557 2069 1664 2129 anime

395 2192 449 2234 sue
472 2174 633 2250 premissis
656 2173 802 2234 omnibus
825 2179 855 2230 et
877 2174 1008 2246 singulis
1027 2173 1139 2232 litteris
1162 2175 1194 2233 in
1217 2175 1334 2234 eisdem
1365 2176 1515 2236 contentis
1549 2183 1579 2234 et
1603 2175 1659 2234 de·

396 2281 522 2340 claretis
545 2295 637 2338 suum
660 2279 782 2352 regium
805 2293 988 2339 consensum
1012 2279 1129 2352 pariter
1152 2287 1182 2340 et
1213 2295 1374 2340 assensum
1406 2283 1540 2356 prebens
1572 2297 1664 2341 mera

398 2402 453 2444 sua
476 2385 632 2460 imperiali
656 2385 838 2444 auctoritate
861 2399 897 2442 ac
920 2385 1081 2458 potestatis
1105 2385 1297 2458 plenitudine
1320 2403 1358 2446 ex
1381 2384 1464 2446 certa
1487 2404 1541 2446 aue
1563 2389 1664 2449 maie-

394 2494 481 2551 statis
504 2492 628 2552 scieutia
654 2491 693 2550 de
716 2506 865 2550 consensu
889 2496 918 2548 et
942 2491 1101 2549 voluntate
1123 2493 1317 2551 serenissime
1341 2491 1465 2553 domiue
1496 2495 1601 2567 regine
1623 2510 1663 2554 ac

394 2597 594 2676 dominorum
616 2597 811 2672 prelatorum
833 2602 863 2654 et
879 2597 1032 2654 baronum
1049 2611 1177 2655 suorum
1194 2599 1323 2657 consilio
1340 2607 1522 2673 prematuro
1538 2601 1661 2660 eisdem

398 2704 533 2764 dominis
556 2704 709 2762 canonicis
733 2703 772 2762 de
803 2701 938 2762 antefato
974 2703 1112 2777 capitulo
1145 2704 1275 2767 ecclesie
1304 2705 1511 2779 zagrabiensis
1542 2723 1663 2767 necnon

393 2811 487 2870 altari
508 2817 612 2868 sancte
635 2810 735 2868 crucis
759 2808 900 2881 predicto
922 2813 952 2868 et
976 2811 1088 2868 rectori
1111 2810 1209 2884 ipsius
1232 2826 1290 2884 pro
1321 2817 1463 2886 tempore
1493 2814 1662 2874 constituto

393 2921 544 2990 perpetuo
567 2915 717 2973 valituras
741 2913 957 2985 confirmasse;
983 2913 1111 2972 demum
1134 2915 1232 2974 eciam
1256 2914 1394 2989 prelatus
1425 2916 1570 2976 dominus
1601 2921 1660 2978 Al-

392 3023 500 3081 bertus
521 3038 576 3080 rex
599 3021 630 3080 in
654 3021 848 3096 preallegato
873 3035 952 3082 anno
973 3019 1128 3079 dominice
1152 3022 1374 3082 incarnacionis
1391 3024 1561 3084 millesimo
1578 3042 1657 3100 qua·

393 3128 636 3201 dringentesimo
658 3127 821 3186 tricesimo
843 3140 926 3185 nono
950 3127 1179 3200 prenominatas
1203 3129 1411 3202 possessiones
1435 3131 1602 3204 Kobylyalr
1626 3139 1659 3192 et

393 3233 566 3308 zwyblyan
589 3234 707 3309 pariter
729 3249 801 3291 curn
824 3233 1046 3307 prenominatis
1063 3234 1133 3292 aliis
1150 3236 1395 3308 possessionibus
1410 3244 1441 3295 et
1458 3238 1660 3312 porcionibus

394 3340 642 3415 possessiouariis
665 3355 701 3398 ac
723 3340 840 3400 tributo
864 3341 894 3398 in
919 3340 1057 3413 ipsarum
1083 3341 1212 3412 pacifico
1228 3341 1367 3400 dominio
1382 3343 1466 3401 idern
1482 3344 1657 3418 capitulum

391 3463 424 3504 se
447 3453 476 3504 et
499 3451 652 3506 rectorem
675 3447 782 3504 altaris
800 3446 931 3520 predicti
955 3447 1127 3519 perstitisse
1157 3448 1344 3519 asseruisset,
1368 3449 1464 3506 simul
1493 3465 1565 3512 cunt
1589 3452 1655 3510 suis

392 3553 579 3614 utilitatibus
601 3567 637 3611 ac
661 3553 776 3628 pariter
799 3568 870 3610 curu
894 3553 979 3610 omni
1001 3551 1069 3628 jure
1091 3567 1147 3611 suo
1169 3555 1256 3626 regio
1277 3554 1309 3612 in
1331 3553 1448 3614 eisdem
1464 3556 1572 3614 habito
1594 3557 1656 3632 ipsi

391 3659 528 3735 capitulo
551 3675 587 3717 ac
608 3659 720 3718 rectori
742 3659 850 3716 altaris
872 3665 975 3716 sancte
991 3661 1090 3717 crucis
1106 3660 1245 3732 predicto
1262 3661 1469 3720 mediantibus
1485 3661 1575 3721 dictis
1590 3663 1655 3724 suis

394 3765 508 3824 litteris
531 3765 787 3825 donacionalibus
810 3764 921 3824 exinde
944 3764 1090 3823 coniectis
1107 3767 1137 3823 in
1155 3773 1340 3840 perpetuum
1356 3767 1530 3839 contulisse,
1547 3768 1655 3828 eedem

392 3869 614 3929 nichilominus
638 3872 848 3944 possessiones
871 3887 942 3929 curn
966 3872 1030 3928 suis
1054 3873 1170 3930 cunctis
1196 3872 1383 3931 utilitatibus
1413 3874 1493 3932 serie
1523 3875 1656 3948 premis·

390 3992 495 4036 sarum
520 3979 695 4036 litterarum
719 3978 793 4037 dicti
817 3977 946 4054 capituli
969 3978 1097 4036 ecclesie
1128 3979 1316 4036 chasmensis
1346 3979 1581 4070 statutoriarum
1614 3980 1654 4040 ad

390 4083 564 4158 predictum
587 4084 807 4142 litteratorium
830 4083 1013 4142 mandatum
1036 4083 1109 4142 dicti
1133 4083 1251 4142 domini
1273 4084 1371 4143 nostri
1393 4085 1475 4156 regis
1509 4083 1651 4147 moderni

388 4191 421 4250 in
443 4191 581 4249 sacristia
604 4206 659 4248 seu
681 4191 912 4248 conservatorio
935 4191 1063 4249 ecclesie
1085 4205 1139 4247 sue
1162 4207 1219 4264 per
1241 4189 1324 4249 idem
1349 4191 1524 4264 capitulum
1546 4191 1652 4265 requi·

388 4297 517 4355 sitarum
541 4303 571 4358 et
593 4295 832 4367 reinventarum,
855 4296 977 4353 nemine
1000 4295 1235 4368 contradicente,
1258 4295 1359 4354 adhuc
1382 4301 1493 4354 eotunc
1509 4301 1653 4370 ternpore

387 4403 504 4486 scilicet
527 4402 704 4464 donacionis
727 4402 832 4460 debito
858 4401 951 4460 modo
974 4401 1075 4460 eidem
1099 4403 1237 4476 capitulo
1260 4407 1291 4461 et
1312 4403 1426 4460 rectori
1449 4402 1556 4462 altaris
1581 4417 1651 4476 pre·
1756 4453 1762 4462 .

387 4507 462 4568 dicti
485 4513 598 4567 statute
618 4507 719 4567 fuisse.
743 4509 871 4583 Insuper
902 4507 987 4568 idem
1017 4509 1189 4583 capitulum
1214 4509 1341 4568 ecclesie
1356 4509 1564 4582 ragrabiensis
1580 4523 1652 4576 con·

386 4621 612 4691 sequenterque
635 4622 735 4673 rector
760 4616 866 4676 altaris
890 4621 993 4674 sancte
1016 4617 1116 4674 crucis
1139 4616 1279 4690 predicti,
1305 4615 1345 4672 ab
1368 4629 1405 4674 eo
1421 4621 1571 4689 tempore,
1588 4629 1651 4687 quo

387 4723 507 4782 scilicet
529 4727 683 4796 sepetacte
707 4722 915 4796 possessiones
938 4722 1109 4793 Kralotvcz,
1133 4721 1261 4795 Cherye,
1278 4719 1455 4794 Kobylyalr,
1478 4719 1651 4793 Zwyblyan

387 4835 418 4889 et
440 4829 541 4888 Narth
565 4844 622 4903 per
643 4829 813 4887 antefatum
837 4827 1040 4902 Rodolphum
1070 4829 1188 4886 eisdem
1219 4829 1331 4886 collate
1361 4834 1440 4899 sunt,
1464 4841 1589 4901 semper
1619 4827 1651 4886 in

386 4935 526 4999 dominio
548 4934 730 4998 earumdem
753 4935 914 5014 usquead
938 4941 1063 5014 tempus
1086 4935 1335 5012 congregacionis
1365 4933 1503 5008 predicte
1531 4933 1650 5010 absque
