3932 5806
683 527 757 584 Doc.
780 539 848 583 210.
872 539 939 583 211.
963 557 1007 567 -
1029 525 1085 584 An.
1110 521 1200 604 1458.

904 841 985 906 210.

413 1021 493 1069 Anno
515 1021 589 1086 1458,
613 1032 651 1082 19.
672 1019 832 1084 septembris.
852 1005 967 1070 Casurae.

308 1145 471 1221 Capitulum
493 1147 661 1222 clusinensi,
694 1145 850 1204 Slaooniae
872 1146 960 1203 bonos
981 1147 1112 1223 certiores
1141 1145 1244 1220 reddit,
1267 1148 1451 1222 inquisitione
1473 1150 1574 1207 consti·

304 1259 375 1326 tuta
407 1271 426 1308 a
450 1253 575 1311 Mcolao
609 1253 765 1328 aurifabro
794 1259 823 1310 et
851 1253 950 1309 Paulo
979 1252 1075 1311 villico
1105 1251 1139 1308 de
1178 1252 1278 1311 Viam
1309 1253 1416 1312 civibus
1438 1254 1575 1312 domnum

678 1372 764 1416 2000
787 1358 825 1433 fl.
851 1359 1034 1432 importunum
1057 1365 1192 1415 constare.

410 1503 585 1576 Magnificis
617 1504 708 1574 viris,
742 1502 878 1560 dominis
901 1502 1033 1560 Nicolao
1057 1501 1095 1560 de
1118 1501 1235 1576 Wylak
1258 1507 1288 1561 et
1310 1504 1369 1586 Jan
1392 1503 1574 1578 Bythowecz

303 1607 341 1666 de
364 1607 506 1682 Greben,
537 1611 624 1683 regni
648 1609 813 1668 Sclauonie
836 1609 941 1681 banis,
966 1609 1074 1666 amicis
1098 1609 1239 1683 ipsorum
1261 1609 1466 1682 honorandis,
1490 1612 1573 1685 capi-

300 1713 403 1772 tulum
433 1715 561 1773 ecclesie
591 1715 789 1784 chasmensis,
825 1715 999 1771 amiciciam
1031 1720 1173 1788 paratam
1196 1730 1268 1772 cum
1291 1715 1417 1774 honore.
1441 1716 1572 1775 Litteras

307 1825 426 1879 vestras
453 1821 663 1895 inquisitorias
692 1821 783 1879 nobis
814 1821 976 1894 loquentes
1005 1827 1034 1878 et
1067 1821 1213 1893 directas,
1235 1823 1352 1879 honore
1376 1835 1437 1896 quo
1461 1821 1572 1895 decuit,

306 1928 454 1985 noveritis
476 1942 533 1986 nos
555 1929 709 2002 recepisse
732 1928 763 1985 in
787 1928 843 1985 hec
866 1927 980 1986 verba:
1005 1919 1088 2004 (vide
1112 1928 1186 1985 Doc.
1210 1943 1281 2002 209.
1303 1943 1384 1986 anno
1412 1927 1504 2004 1458,
1521 1929 1571 1988 die

307 2047 355 2090 21.
378 2026 536 2110 Augusti).
568 2033 631 2092 Nos
658 2035 763 2107 itaque
786 2033 898 2091 vestris
921 2033 1142 2090 amicabilibus
1165 2033 1371 2106 peticionibus
1394 2039 1570 2108 annuentes,

303 2143 337 2195 ut
367 2143 525 2212 tenemur,
558 2155 692 2198 unacum
724 2139 845 2214 prefato
876 2139 1009 2197 Martino
1040 2138 1079 2196 de
1102 2137 1346 2210 Schytharyewo
1369 2139 1571 2214 predictoque

301 2245 427 2303 homine
450 2251 554 2303 vestro
577 2251 720 2304 nostrum
743 2247 903 2303 hominem
925 2245 1118 2318 fidedignum
1142 2245 1361 2303 honorabilem
1385 2246 1489 2304 virum
1505 2262 1570 2304 ma·

300 2349 432 2422 gistrum
455 2350 713 2409 Bartholomeum
736 2352 854 2409 socium
878 2357 908 2408 et
931 2351 1171 2410 concanonicum
1194 2356 1338 2409 nostrum
1362 2351 1401 2409 ad
1418 2353 1570 2426 premissa

301 2455 436 2514 fideliter
458 2457 634 2532 peragenda
657 2463 764 2516 nostro
793 2473 851 2530 pro
877 2458 1053 2515 testimonio
1077 2457 1223 2515 duximus
1254 2457 1485 2530 destinandum,
1517 2460 1572 2532 qut

300 2561 425 2620 tandem
449 2563 559 2621 exinde
582 2563 622 2621 ad
644 2579 701 2634 nos
724 2565 850 2634 reversi,
874 2564 966 2621 nobis
990 2562 1184 2622 concorditer
1206 2565 1380 2622 retulerunt
1391 2565 1450 2622 isto
1466 2565 1569 2636 modo,

300 2667 384 2741 quod
413 2669 553 2742 prefatus
586 2671 681 2728 homo
717 2675 825 2741 vester,
850 2675 991 2744 presente
1014 2669 1123 2728 eodem
1154 2675 1260 2728 nostro
1284 2670 1468 2742 testimonio,
1492 2669 1569 2728 feria

299 2775 414 2847 quinta,
438 2775 584 2834 videlicet
606 2777 637 2834 in
661 2775 739 2834 festo
762 2777 970 2850 Exaltacionis
993 2781 1096 2834 sancte
1120 2777 1227 2848 crucis,
1252 2777 1395 2850 proxime
1410 2779 1567 2851 preterito,

299 2880 340 2937 ab
364 2882 509 2940 omnibus
526 2882 652 2940 illarum
676 2884 817 2958 parcium
836 2883 1023 2954 hominibus,
1041 2899 1058 2940 a
1075 2884 1188 2956 quibus
1205 2882 1355 2940 decuisset
1371 2889 1401 2940 et
1423 2883 1567 2956 licuisset,

299 2986 405 3059 palam
429 2993 458 3045 et
481 2988 585 3046 oculte
608 2988 772 3061 diligenter
795 2988 833 3046 de
857 2989 1018 3063 premissis
1041 2988 1225 3062 inquirendo
1243 2990 1286 3046 sic
1302 2995 1332 3046 et
1348 2989 1457 3047 eodem
1474 2989 1567 3047 modo

298 3090 378 3149 facta
402 3098 432 3150 et
455 3099 631 3168 perpetrata
655 3093 750 3152 fuisse
774 3101 804 3152 et
827 3111 892 3152 esse
916 3096 1117 3164 rescivissent,
1143 3103 1236 3168 prout
1258 3096 1349 3152 vobis
1373 3094 1490 3153 dictum
1516 3112 1567 3154 ex·

298 3197 408 3255 titisset
438 3205 468 3256 et
500 3200 589 3257 sicuti
620 3205 707 3258 tenor
738 3201 914 3258 litterarum
945 3208 1120 3260 vestrarum
1151 3201 1324 3258 continetur
1348 3201 1566 3274 predictarum,

299 3301 426 3376 dempto
449 3320 580 3363 numero
602 3305 790 3364 florenorum
816 3307 1038 3380 predictorum,
1063 3307 1102 3364 de
1134 3307 1247 3380 quibus
1272 3306 1464 3364 certitudinis
1487 3308 1566 3364 veri-

299 3415 394 3466 tatem
418 3411 496 3470 scire
519 3427 580 3469 non
604 3412 784 3486 potuissent.
808 3413 923 3470 Datum
948 3415 1055 3487 quinto
1080 3413 1129 3470 die
1154 3412 1214 3470 diei
1230 3413 1440 3486 inquisicionis
1456 3427 1566 3486 preno-

296 3521 365 3574 tate.
388 3518 478 3575 Anno
502 3517 620 3575 domini
643 3518 830 3591 supradicto.

402 3668 537 3732 Originale
555 3669 583 3717 in
601 3669 696 3719 charta.
717 3671 744 3718 A
765 3678 842 3736 tergo
861 3673 998 3737 vestigium
1017 3673 1135 3736 impressi
1154 3672 1242 3736 sigilli.
1274 3675 1307 3720 In
1325 3672 1438 3721 archivio
1457 3671 1502 3720 lib.
1521 3687 1566 3736 reg

296 3757 344 3807 civ.
364 3757 464 3821 zagrab.
827 3772 829 3778 ·

897 3991 971 4057 211.

400 4077 482 4128 Anno
499 4079 566 4128 circa
584 4093 642 4128 ann.
665 4080 739 4144 1458.

302 4203 465 4278 Capitulum
488 4205 612 4279 nagrab.
646 4205 800 4265 Matutam
830 4225 924 4281 regem
952 4213 1046 4280 rogat,
1068 4213 1103 4263 ut
1128 4207 1257 4263 ecclesiae
1286 4205 1469 4279 nagrabiensi
1496 4207 1566 4280 agri

293 4309 433 4368 subtracti
468 4329 528 4367 una
558 4328 621 4368 cum
650 4311 730 4368 turri
757 4313 879 4386 „Popou
908 4313 1011 4370 ntren“
1044 4313 1193 4368 nominata
1223 4310 1335 4368 tandem
1364 4312 1561 4369 restimantur.

399 4452 578 4528 Suplicatur
600 4456 755 4514 serenitati
772 4459 881 4527 vestre,
904 4457 1048 4530 princeps
1063 4457 1265 4530 serenissime,
1282 4470 1339 4529 pro
1363 4462 1451 4530 parte
1468 4457 1560 4515 devo·

295 4564 400 4618 torum
432 4575 468 4617 ac
499 4559 679 4618 humillium
703 4562 874 4620 serenitatis
898 4567 999 4619 vestre
1022 4563 1257 4636 capellanorum
1281 4561 1409 4636 capituli
1433 4563 1560 4622 ecclesie

295 4665 519 4739 zagrabiensis,
553 4681 688 4739 quorum
720 4667 927 4742 possessiones
951 4668 1079 4726 ecclesie
1102 4667 1241 4725 eiusdem
1263 4682 1322 4742 pro
1346 4668 1436 4725 certis
1459 4669 1561 4727 missis

295 4777 325 4829 et
346 4769 460 4830 divinis
475 4769 587 4830 officiis
604 4773 734 4846 singulis
757 4773 867 4831 diebus
890 4773 1051 4847 explendis
1074 4789 1092 4830 a
1115 4771 1233 4831 dudum
1257 4774 1417 4831 retroactis
1441 4778 1560 4848 tempo·

294 4877 383 4936 ribus
413 4877 500 4935 datas
532 4883 563 4935 et
589 4879 801 4953 incorporatus
834 4895 933 4954 nuper
965 4895 1022 4954 per
1045 4880 1128 4938 cives
1150 4880 1368 4954 zagrabienses
1389 4881 1500 4939 iniuste
1523 4895 1560 4939 ac

295 4981 432 5041 indebite
464 4983 601 5043 detentas
634 4992 664 5043 et
695 4993 875 5059 occupatas;
903 4986 1090 5060 tandemque
1112 4986 1216 5044 locum
1240 5003 1311 5044 curu
1335 4987 1421 5058 turri,
1445 4987 1477 5045 in
1499 5001 1560 5061 qua
