<?xml version="1.0" encoding="UTF-8"?>
<!DOCTYPE html PUBLIC "-//W3C//DTD XHTML 1.0 Transitional//EN"
    "http://www.w3.org/TR/xhtml1/DTD/xhtml1-transitional.dtd">
<html xmlns="http://www.w3.org/1999/xhtml" xml:lang="en" lang="en">
 <head>
  <title>
</title>
<meta http-equiv="Content-Type" content="text/html;charset=utf-8" />
  <meta name='ocr-system' content='tesseract 3.04.00' />
  <meta name='ocr-capabilities' content='ocr_page ocr_carea ocr_par ocr_line ocrx_word'/>
</head>
<body>
  <div class='ocr_page' id='page_1' title='image "./monumentahistor20laszgoog_0558.png"; bbox 0 0 3932 5806; ppageno 0'>
   <div class='ocr_carea' id='block_1_1' title="bbox 686 532 1527 616">
    <p class='ocr_par' dir='ltr' id='par_1_1' title="bbox 686 532 1527 616">
     <span class='ocr_line' id='line_1_1' title="bbox 686 532 1527 616; baseline 0.001 -18"><span class='ocrx_word' id='word_1_1' title='bbox 686 538 760 600; x_wconf 78' lang='lat' dir='ltr'>Dec.</span> <span class='ocrx_word' id='word_1_2' title='bbox 783 550 853 615; x_wconf 75' lang='lat'><em>243.</em></span> <span class='ocrx_word' id='word_1_3' title='bbox 879 569 918 580; x_wconf 94' lang='lat'><em>-</em></span> <span class='ocrx_word' id='word_1_4' title='bbox 940 536 996 596; x_wconf 83' lang='lat' dir='ltr'>An.</span> <span class='ocrx_word' id='word_1_5' title='bbox 1019 532 1110 616; x_wconf 73' lang='lat'><em>1465.</em></span> <span class='ocrx_word' id='word_1_6' title='bbox 1469 556 1527 615; x_wconf 80' lang='lat'>301</span> 
     </span>
    </p>
   </div>
   <div class='ocr_carea' id='block_1_2' title="bbox 253 752 1532 1144">
    <p class='ocr_par' dir='ltr' id='par_1_2' title="bbox 253 752 1532 1144">
     <span class='ocr_line' id='line_1_2' title="bbox 265 752 1532 827; baseline 0.002 -16"><span class='ocrx_word' id='word_1_7' title='bbox 265 754 434 827; x_wconf 87' lang='lat' dir='ltr'>prebemus</span> <span class='ocrx_word' id='word_1_8' title='bbox 464 753 577 812; x_wconf 92' lang='lat' dir='ltr'>harum</span> <span class='ocrx_word' id='word_1_9' title='bbox 606 758 792 826; x_wconf 88' lang='lat' dir='ltr'>nostrarum,</span> <span class='ocrx_word' id='word_1_10' title='bbox 816 753 930 826; x_wconf 90' lang='lat' dir='ltr'>quibus</span> <span class='ocrx_word' id='word_1_11' title='bbox 958 758 1112 812; x_wconf 91' lang='lat' dir='ltr'>secretum</span> <span class='ocrx_word' id='word_1_12' title='bbox 1143 752 1284 825; x_wconf 89' lang='lat' dir='ltr'>sigillum</span> <span class='ocrx_word' id='word_1_13' title='bbox 1313 759 1455 813; x_wconf 90' lang='lat' dir='ltr'>nostrum</span> <span class='ocrx_word' id='word_1_14' title='bbox 1486 759 1532 813; x_wconf 89' lang='lat' dir='ltr'>est</span> 
     </span>
     <span class='ocr_line' id='line_1_3' title="bbox 268 856 1532 934; baseline 0.001 -17"><span class='ocrx_word' id='word_1_15' title='bbox 268 874 451 934; x_wconf 88' lang='lat' dir='ltr'>appensum,</span> <span class='ocrx_word' id='word_1_16' title='bbox 475 859 585 932; x_wconf 90' lang='lat' dir='ltr'>vigore</span> <span class='ocrx_word' id='word_1_17' title='bbox 613 865 643 916; x_wconf 93' lang='lat' dir='ltr'>et</span> <span class='ocrx_word' id='word_1_18' title='bbox 665 859 843 918; x_wconf 84' lang='lat' dir='ltr'>testimonio</span> <span class='ocrx_word' id='word_1_19' title='bbox 867 859 1043 917; x_wconf 88' lang='lat' dir='ltr'>litterarum</span> <span class='ocrx_word' id='word_1_20' title='bbox 1066 856 1229 916; x_wconf 83' lang='lat' dir='ltr'><strong>mediante.</strong></span> <span class='ocrx_word' id='word_1_21' title='bbox 1252 857 1370 917; x_wconf 89' lang='lat' dir='ltr'>Datum</span> <span class='ocrx_word' id='word_1_22' title='bbox 1393 858 1478 918; x_wconf 90' lang='lat' dir='ltr'>Bude</span> <span class='ocrx_word' id='word_1_23' title='bbox 1500 859 1532 918; x_wconf 95' lang='lat' dir='ltr'>in</span> 
     </span>
     <span class='ocr_line' id='line_1_4' title="bbox 267 963 1531 1038; baseline 0.001 -16"><span class='ocrx_word' id='word_1_24' title='bbox 267 964 346 1023; x_wconf 84' lang='lat' dir='ltr'>festo</span> <span class='ocrx_word' id='word_1_25' title='bbox 369 965 453 1024; x_wconf 87' lang='lat' dir='ltr'>beati</span> <span class='ocrx_word' id='word_1_26' title='bbox 476 964 603 1038; x_wconf 83' lang='lat' dir='ltr'>Georgii</span> <span class='ocrx_word' id='word_1_27' title='bbox 626 965 771 1024; x_wconf 89' lang='lat' dir='ltr'>martiris.</span> <span class='ocrx_word' id='word_1_28' title='bbox 794 967 885 1023; x_wconf 85' lang='lat' dir='ltr'>Anno</span> <span class='ocrx_word' id='word_1_29' title='bbox 908 964 1028 1023; x_wconf 88' lang='lat' dir='ltr'>domini</span> <span class='ocrx_word' id='word_1_30' title='bbox 1049 963 1207 1022; x_wconf 90' lang='lat' dir='ltr'>milesimo</span> <span class='ocrx_word' id='word_1_31' title='bbox 1223 963 1531 1038; x_wconf 88' lang='lat' dir='ltr'>quadringentesimo</span> 
     </span>
     <span class='ocr_line' id='line_1_5' title="bbox 253 1069 1530 1144; baseline 0 -16"><span class='ocrx_word' id='word_1_32' title='bbox 253 1070 458 1144; x_wconf 85' lang='lat' dir='ltr'>&#39;sexagesimo</span> <span class='ocrx_word' id='word_1_33' title='bbox 475 1071 591 1144; x_wconf 89' lang='lat' dir='ltr'>quinto.</span> <span class='ocrx_word' id='word_1_34' title='bbox 607 1070 705 1144; x_wconf 82' lang='lat' dir='ltr'>Regni</span> <span class='ocrx_word' id='word_1_35' title='bbox 720 1071 819 1129; x_wconf 89' lang='lat' dir='ltr'>nostri</span> <span class='ocrx_word' id='word_1_36' title='bbox 833 1085 914 1130; x_wconf 91' lang='lat' dir='ltr'>anno</span> <span class='ocrx_word' id='word_1_37' title='bbox 929 1075 1050 1143; x_wconf 87' lang='lat' dir='ltr'>octavo,</span> <span class='ocrx_word' id='word_1_38' title='bbox 1066 1069 1276 1128; x_wconf 91' lang='lat' dir='ltr'>coronacionis</span> <span class='ocrx_word' id='word_1_39' title='bbox 1294 1085 1369 1128; x_wconf 87' lang='lat' dir='ltr'>vero</span> <span class='ocrx_word' id='word_1_40' title='bbox 1385 1069 1530 1130; x_wconf 87' lang='lat' dir='ltr'>secundo.</span> 
     </span>
    </p>
   </div>
   <div class='ocr_carea' id='block_1_3' title="bbox 267 1203 1531 1343">
    <p class='ocr_par' dir='ltr' id='par_1_3' title="bbox 267 1203 1531 1343">
     <span class='ocr_line' id='line_1_6' title="bbox 372 1203 1531 1272; baseline 0.001 -15"><span class='ocrx_word' id='word_1_41' title='bbox 372 1205 508 1272; x_wconf 84' lang='lat' dir='ltr'>Originale</span> <span class='ocrx_word' id='word_1_42' title='bbox 526 1206 554 1256; x_wconf 93' lang='lat' dir='ltr'>in</span> <span class='ocrx_word' id='word_1_43' title='bbox 572 1205 727 1258; x_wconf 80' lang='lat' dir='ltr'>membrana.</span> <span class='ocrx_word' id='word_1_44' title='bbox 756 1207 826 1256; x_wconf 78' lang='lat' dir='ltr'>Zona</span> <span class='ocrx_word' id='word_1_45' title='bbox 854 1207 951 1258; x_wconf 75' lang='lat' dir='ltr'>sericea</span> <span class='ocrx_word' id='word_1_46' title='bbox 969 1205 1099 1272; x_wconf 83' lang='lat' dir='ltr'>appendet</span> <span class='ocrx_word' id='word_1_47' title='bbox 1118 1203 1216 1268; x_wconf 79' lang='lat' dir='ltr'>absque</span> <span class='ocrx_word' id='word_1_48' title='bbox 1235 1203 1330 1270; x_wconf 84' lang='lat' dir='ltr'>sigillo.</span> <span class='ocrx_word' id='word_1_49' title='bbox 1358 1207 1392 1255; x_wconf 90' lang='lat' dir='ltr'>In</span> <span class='ocrx_word' id='word_1_50' title='bbox 1409 1205 1531 1270; x_wconf 84' lang='lat' dir='ltr'>regnicol.</span> 
     </span>
     <span class='ocr_line' id='line_1_7' title="bbox 267 1276 752 1343; baseline 0.006 -16"><span class='ocrx_word' id='word_1_51' title='bbox 267 1276 337 1328; x_wconf 75' lang='lat' dir='ltr'>meh.</span> <span class='ocrx_word' id='word_1_52' title='bbox 356 1277 419 1328; x_wconf 85' lang='lat' dir='ltr'>Act.</span> <span class='ocrx_word' id='word_1_53' title='bbox 435 1279 489 1343; x_wconf 79' lang='lat' dir='ltr'>Jes.</span> <span class='ocrx_word' id='word_1_54' title='bbox 509 1277 571 1328; x_wconf 76' lang='lat' dir='ltr'>isac.</span> <span class='ocrx_word' id='word_1_55' title='bbox 594 1288 634 1328; x_wconf 86' lang='lat'>10.</span> <span class='ocrx_word' id='word_1_56' title='bbox 652 1292 690 1330; x_wconf 87' lang='lat' dir='ltr'>nr.</span> <span class='ocrx_word' id='word_1_57' title='bbox 713 1289 752 1340; x_wconf 85' lang='lat'>19.</span> 
     </span>
    </p>
   </div>
   <div class='ocr_carea' id='block_1_4' title="bbox 851 1453 937 1521">
    <p class='ocr_par' dir='ltr' id='par_1_4' title="bbox 851 1453 937 1521">
     <span class='ocr_line' id='line_1_8' title="bbox 851 1453 937 1521; baseline 0 -1"><span class='ocrx_word' id='word_1_58' title='bbox 851 1453 937 1521; x_wconf 77' lang='lat'>243.</span> 
     </span>
    </p>
   </div>
   <div class='ocr_carea' id='block_1_5' title="bbox 371 1595 857 1664">
    <p class='ocr_par' dir='ltr' id='par_1_5' title="bbox 371 1595 857 1664">
     <span class='ocr_line' id='line_1_9' title="bbox 371 1595 857 1664; baseline 0 -16"><span class='ocrx_word' id='word_1_59' title='bbox 371 1597 453 1648; x_wconf 83' lang='lat' dir='ltr'>Anno</span> <span class='ocrx_word' id='word_1_60' title='bbox 474 1597 550 1664; x_wconf 82' lang='lat'>1465,</span> <span class='ocrx_word' id='word_1_61' title='bbox 571 1609 594 1651; x_wconf 86' lang='lat'>1.</span> <span class='ocrx_word' id='word_1_62' title='bbox 613 1596 738 1661; x_wconf 79' lang='lat' dir='ltr'>Augusti.</span> <span class='ocrx_word' id='word_1_63' title='bbox 757 1595 857 1648; x_wconf 74' lang='lat' dir='ltr'>Budas.</span> 
     </span>
    </p>
   </div>
   <div class='ocr_carea' id='block_1_6' title="bbox 265 1703 1532 1872">
    <p class='ocr_par' dir='ltr' id='par_1_6' title="bbox 265 1703 1532 1872">
     <span class='ocr_line' id='line_1_10' title="bbox 265 1703 1532 1796; baseline -0.002 -29"><span class='ocrx_word' id='word_1_64' title='bbox 265 1707 409 1779; x_wconf 82' lang='lat' dir='ltr'>Mathios,</span> <span class='ocrx_word' id='word_1_65' title='bbox 420 1707 609 1796; x_wconf 38' lang='lat' dir='ltr'>&#39;Hungan&#39;ae</span> <span class='ocrx_word' id='word_1_66' title='bbox 629 1713 677 1764; x_wconf 80' lang='lat' dir='ltr'>etc.</span> <span class='ocrx_word' id='word_1_67' title='bbox 700 1725 764 1777; x_wconf 83' lang='lat' dir='ltr'>rex,</span> <span class='ocrx_word' id='word_1_68' title='bbox 786 1705 909 1762; x_wconf 78' lang='lat' dir='ltr'>nrandat</span> <span class='ocrx_word' id='word_1_69' title='bbox 927 1705 1027 1763; x_wconf 84' lang='lat' dir='ltr'>abbati</span> <span class='ocrx_word' id='word_1_70' title='bbox 1045 1703 1158 1767; x_wconf 73' lang='lat' dir='ltr'>Casterc.</span> <span class='ocrx_word' id='word_1_71' title='bbox 1174 1705 1301 1778; x_wconf 73' lang='lat' dir='ltr'>sagrab,</span> <span class='ocrx_word' id='word_1_72' title='bbox 1316 1711 1352 1764; x_wconf 82' lang='lat' dir='ltr'>ut</span> <span class='ocrx_word' id='word_1_73' title='bbox 1363 1705 1532 1764; x_wconf 74' lang='lat' dir='ltr'>flamanus</span> 
     </span>
     <span class='ocr_line' id='line_1_11' title="bbox 342 1793 1453 1872; baseline -0.002 -17"><span class='ocrx_word' id='word_1_74' title='bbox 342 1797 375 1855; x_wconf 81' lang='lat' dir='ltr'>de</span> <span class='ocrx_word' id='word_1_75' title='bbox 403 1797 484 1856; x_wconf 82' lang='lat' dir='ltr'>Cava</span> <span class='ocrx_word' id='word_1_76' title='bbox 506 1797 624 1872; x_wconf 78' lang='lat' dir='ltr'>ejusque</span> <span class='ocrx_word' id='word_1_77' title='bbox 645 1802 739 1854; x_wconf 83' lang='lat' dir='ltr'>mater</span> <span class='ocrx_word' id='word_1_78' title='bbox 758 1795 796 1853; x_wconf 86' lang='lat' dir='ltr'>ab</span> <span class='ocrx_word' id='word_1_79' title='bbox 818 1794 959 1852; x_wconf 67' lang='lat' dir='ltr'>ainmmm</span> <span class='ocrx_word' id='word_1_80' title='bbox 982 1793 1268 1853; x_wconf 80' lang='lat' dir='ltr'>excommunicatione</span> <span class='ocrx_word' id='word_1_81' title='bbox 1290 1794 1453 1853; x_wconf 81' lang='lat' dir='ltr'>liberentur.</span> 
     </span>
    </p>
   </div>
   <div class='ocr_carea' id='block_1_7' title="bbox 1000 1931 1458 1999">
    <p class='ocr_par' dir='ltr' id='par_1_7' title="bbox 1000 1931 1458 1999">
     <span class='ocr_line' id='line_1_12' title="bbox 1000 1931 1458 1999; baseline 0.011 -19"><span class='ocrx_word' id='word_1_82' title='bbox 1000 1932 1041 1980; x_wconf 87' lang='lat' dir='ltr'>De</span> <span class='ocrx_word' id='word_1_83' title='bbox 1065 1931 1245 1982; x_wconf 85' lang='lat' dir='ltr'>commissione</span> <span class='ocrx_word' id='word_1_84' title='bbox 1264 1931 1363 1983; x_wconf 83' lang='lat' dir='ltr'>donnini</span> <span class='ocrx_word' id='word_1_85' title='bbox 1381 1932 1458 1999; x_wconf 82' lang='lat' dir='ltr'>regis.</span> 
     </span>
    </p>
   </div>
   <div class='ocr_carea' id='block_1_8' title="bbox 258 2039 1531 4865">
    <p class='ocr_par' dir='ltr' id='par_1_8' title="bbox 258 2039 1531 4865">
     <span class='ocr_line' id='line_1_13' title="bbox 369 2039 1531 2122; baseline 0 -16"><span class='ocrx_word' id='word_1_86' title='bbox 369 2048 502 2106; x_wconf 91' lang='lat' dir='ltr'>Mathias</span> <span class='ocrx_word' id='word_1_87' title='bbox 525 2046 576 2106; x_wconf 86' lang='lat' dir='ltr'>dei</span> <span class='ocrx_word' id='word_1_88' title='bbox 596 2046 700 2122; x_wconf 81' lang='lat' dir='ltr'>gracia</span> <span class='ocrx_word' id='word_1_89' title='bbox 723 2061 778 2105; x_wconf 87' lang='lat' dir='ltr'>rex</span> <span class='ocrx_word' id='word_1_90' title='bbox 809 2045 977 2120; x_wconf 90' lang='lat' dir='ltr'>Hungarie,</span> <span class='ocrx_word' id='word_1_91' title='bbox 1000 2039 1171 2119; x_wconf 88' lang='lat' dir='ltr'>Dalmacie,</span> <span class='ocrx_word' id='word_1_92' title='bbox 1194 2044 1322 2104; x_wconf 89' lang='lat' dir='ltr'>Croacie</span> <span class='ocrx_word' id='word_1_93' title='bbox 1344 2054 1400 2106; x_wconf 91' lang='lat' dir='ltr'>etc.</span> <span class='ocrx_word' id='word_1_94' title='bbox 1430 2045 1531 2106; x_wconf 87' lang='lat' dir='ltr'>Fideli</span> 
     </span>
     <span class='ocr_line' id='line_1_14' title="bbox 264 2149 1531 2226; baseline 0.001 -15"><span class='ocrx_word' id='word_1_95' title='bbox 264 2157 371 2212; x_wconf 87' lang='lat' dir='ltr'>nostro</span> <span class='ocrx_word' id='word_1_96' title='bbox 394 2153 566 2212; x_wconf 86' lang='lat' dir='ltr'>venerabili</span> <span class='ocrx_word' id='word_1_97' title='bbox 589 2159 619 2212; x_wconf 93' lang='lat' dir='ltr'>et</span> <span class='ocrx_word' id='word_1_98' title='bbox 641 2153 788 2226; x_wconf 90' lang='lat' dir='ltr'>religioso</span> <span class='ocrx_word' id='word_1_99' title='bbox 804 2149 892 2211; x_wconf 85' lang='lat' dir='ltr'>fratri</span> <span class='ocrx_word' id='word_1_100' title='bbox 915 2149 1092 2210; x_wconf 91' lang='lat' dir='ltr'>Winnando</span> <span class='ocrx_word' id='word_1_101' title='bbox 1116 2151 1225 2210; x_wconf 89' lang='lat' dir='ltr'>abbati</span> <span class='ocrx_word' id='word_1_102' title='bbox 1247 2153 1426 2212; x_wconf 90' lang='lat' dir='ltr'>monasterii</span> <span class='ocrx_word' id='word_1_103' title='bbox 1441 2153 1531 2212; x_wconf 89' lang='lat' dir='ltr'>beate</span> 
     </span>
     <span class='ocr_line' id='line_1_15' title="bbox 265 2257 1531 2333; baseline 0.001 -16"><span class='ocrx_word' id='word_1_104' title='bbox 265 2259 362 2318; x_wconf 87' lang='lat' dir='ltr'>Marie</span> <span class='ocrx_word' id='word_1_105' title='bbox 385 2259 515 2333; x_wconf 90' lang='lat' dir='ltr'>virginis</span> <span class='ocrx_word' id='word_1_106' title='bbox 538 2258 577 2318; x_wconf 91' lang='lat' dir='ltr'>de</span> <span class='ocrx_word' id='word_1_107' title='bbox 600 2258 761 2333; x_wconf 90' lang='lat' dir='ltr'>Zagrabia,</span> <span class='ocrx_word' id='word_1_108' title='bbox 784 2258 918 2317; x_wconf 89' lang='lat' dir='ltr'>salutem</span> <span class='ocrx_word' id='word_1_109' title='bbox 941 2263 971 2316; x_wconf 92' lang='lat' dir='ltr'>et</span> <span class='ocrx_word' id='word_1_110' title='bbox 992 2258 1138 2332; x_wconf 88' lang='lat' dir='ltr'>graciam.</span> <span class='ocrx_word' id='word_1_111' title='bbox 1162 2257 1298 2332; x_wconf 86' lang='lat' dir='ltr'>Exponit</span> <span class='ocrx_word' id='word_1_112' title='bbox 1320 2259 1412 2318; x_wconf 92' lang='lat' dir='ltr'>nobis</span> <span class='ocrx_word' id='word_1_113' title='bbox 1427 2259 1531 2319; x_wconf 87' lang='lat' dir='ltr'>fidelis</span> 
     </span>
     <span class='ocr_line' id='line_1_16' title="bbox 263 2363 1530 2439; baseline 0 -15"><span class='ocrx_word' id='word_1_114' title='bbox 263 2371 369 2426; x_wconf 90' lang='lat' dir='ltr'>noster</span> <span class='ocrx_word' id='word_1_115' title='bbox 398 2366 574 2425; x_wconf 90' lang='lat' dir='ltr'>Hermanus</span> <span class='ocrx_word' id='word_1_116' title='bbox 602 2365 641 2424; x_wconf 91' lang='lat' dir='ltr'>de</span> <span class='ocrx_word' id='word_1_117' title='bbox 671 2364 787 2424; x_wconf 89' lang='lat' dir='ltr'>Chawa</span> <span class='ocrx_word' id='word_1_118' title='bbox 818 2365 992 2439; x_wconf 78' lang='lat' dir='ltr'>querulosa,</span> <span class='ocrx_word' id='word_1_119' title='bbox 1024 2363 1184 2439; x_wconf 88' lang='lat' dir='ltr'>quomodo</span> <span class='ocrx_word' id='word_1_120' title='bbox 1215 2379 1272 2423; x_wconf 88' lang='lat' dir='ltr'>vos</span> <span class='ocrx_word' id='word_1_121' title='bbox 1294 2364 1400 2439; x_wconf 90' lang='lat' dir='ltr'>ipsum</span> <span class='ocrx_word' id='word_1_122' title='bbox 1423 2369 1454 2424; x_wconf 88' lang='lat' dir='ltr'>et</span> <span class='ocrx_word' id='word_1_123' title='bbox 1476 2363 1530 2424; x_wconf 89' lang='lat' dir='ltr'>do·</span> 
     </span>
     <span class='ocr_line' id='line_1_17' title="bbox 264 2469 1527 2543; baseline 0.001 -13"><span class='ocrx_word' id='word_1_124' title='bbox 264 2471 383 2530; x_wconf 90' lang='lat' dir='ltr'>minam</span> <span class='ocrx_word' id='word_1_125' title='bbox 412 2471 561 2531; x_wconf 88' lang='lat' dir='ltr'>Vrsulam</span> <span class='ocrx_word' id='word_1_126' title='bbox 592 2472 734 2531; x_wconf 90' lang='lat' dir='ltr'>relictam</span> <span class='ocrx_word' id='word_1_127' title='bbox 765 2471 898 2530; x_wconf 90' lang='lat' dir='ltr'>condam</span> <span class='ocrx_word' id='word_1_128' title='bbox 926 2471 1022 2530; x_wconf 90' lang='lat' dir='ltr'>Marci</span> <span class='ocrx_word' id='word_1_129' title='bbox 1052 2470 1091 2529; x_wconf 92' lang='lat' dir='ltr'>de</span> <span class='ocrx_word' id='word_1_130' title='bbox 1114 2469 1223 2529; x_wconf 90' lang='lat' dir='ltr'>eadem</span> <span class='ocrx_word' id='word_1_131' title='bbox 1246 2469 1371 2543; x_wconf 89' lang='lat' dir='ltr'>Chavva,</span> <span class='ocrx_word' id='word_1_132' title='bbox 1392 2477 1527 2531; x_wconf 88' lang='lat' dir='ltr'>matrem</span> 
     </span>
     <span class='ocr_line' id='line_1_18' title="bbox 264 2577 1530 2660; baseline 0 -24"><span class='ocrx_word' id='word_1_133' title='bbox 264 2593 362 2652; x_wconf 89' lang='lat' dir='ltr'>suam,</span> <span class='ocrx_word' id='word_1_134' title='bbox 392 2577 432 2637; x_wconf 88' lang='lat' dir='ltr'>ad</span> <span class='ocrx_word' id='word_1_135' title='bbox 463 2579 646 2637; x_wconf 86' lang='lat' dir='ltr'>instanciam</span> <span class='ocrx_word' id='word_1_136' title='bbox 676 2577 871 2638; x_wconf 85' lang='lat' dir='ltr'>honorabilis</span> <span class='ocrx_word' id='word_1_137' title='bbox 902 2577 1042 2651; x_wconf 85' lang='lat' dir='ltr'>magistri</span> <span class='ocrx_word' id='word_1_138' title='bbox 1070 2577 1228 2660; x_wconf 89' lang='lat' dir='ltr'>Johannis,</span> <span class='ocrx_word' id='word_1_139' title='bbox 1259 2578 1388 2636; x_wconf 89' lang='lat' dir='ltr'>rectoris</span> <span class='ocrx_word' id='word_1_140' title='bbox 1417 2577 1530 2636; x_wconf 87' lang='lat' dir='ltr'>domus</span> 
     </span>
     <span class='ocr_line' id='line_1_19' title="bbox 263 2683 1530 2760; baseline -0.001 -16"><span class='ocrx_word' id='word_1_141' title='bbox 263 2684 428 2760; x_wconf 87' lang='lat' dir='ltr'>hospitalis</span> <span class='ocrx_word' id='word_1_142' title='bbox 459 2685 548 2743; x_wconf 87' lang='lat' dir='ltr'>beate</span> <span class='ocrx_word' id='word_1_143' title='bbox 576 2683 738 2744; x_wconf 76' lang='lat' dir='ltr'>Elisabeth</span> <span class='ocrx_word' id='word_1_144' title='bbox 759 2684 792 2743; x_wconf 94' lang='lat' dir='ltr'>in</span> <span class='ocrx_word' id='word_1_145' title='bbox 814 2699 886 2742; x_wconf 87' lang='lat' dir='ltr'>area</span> <span class='ocrx_word' id='word_1_146' title='bbox 910 2683 1040 2758; x_wconf 91' lang='lat' dir='ltr'>capituli</span> <span class='ocrx_word' id='word_1_147' title='bbox 1065 2683 1272 2758; x_wconf 86' lang='lat' dir='ltr'>zagrabiensis</span> <span class='ocrx_word' id='word_1_148' title='bbox 1295 2689 1475 2756; x_wconf 90' lang='lat' dir='ltr'>constructe,</span> <span class='ocrx_word' id='word_1_149' title='bbox 1498 2685 1530 2744; x_wconf 90' lang='lat' dir='ltr'>in</span> 
     </span>
     <span class='ocr_line' id='line_1_20' title="bbox 264 2789 1530 2866; baseline 0 -17"><span class='ocrx_word' id='word_1_150' title='bbox 264 2790 453 2866; x_wconf 88' lang='lat' dir='ltr'>quibusdam</span> <span class='ocrx_word' id='word_1_151' title='bbox 477 2791 577 2850; x_wconf 90' lang='lat' dir='ltr'>causis</span> <span class='ocrx_word' id='word_1_152' title='bbox 599 2791 771 2866; x_wconf 86' lang='lat' dir='ltr'>prophanis</span> <span class='ocrx_word' id='word_1_153' title='bbox 794 2791 917 2849; x_wconf 88' lang='lat' dir='ltr'>racione</span> <span class='ocrx_word' id='word_1_154' title='bbox 936 2789 1098 2849; x_wconf 91' lang='lat' dir='ltr'>cuiusdam</span> <span class='ocrx_word' id='word_1_155' title='bbox 1122 2789 1225 2864; x_wconf 90' lang='lat' dir='ltr'>predii</span> <span class='ocrx_word' id='word_1_156' title='bbox 1241 2790 1341 2862; x_wconf 90' lang='lat' dir='ltr'>motis,</span> <span class='ocrx_word' id='word_1_157' title='bbox 1356 2805 1418 2849; x_wconf 88' lang='lat' dir='ltr'>non</span> <span class='ocrx_word' id='word_1_158' title='bbox 1433 2791 1530 2849; x_wconf 90' lang='lat' dir='ltr'>eccle·</span> 
     </span>
     <span class='ocr_line' id='line_1_21' title="bbox 263 2896 1530 2972; baseline 0.001 -17"><span class='ocrx_word' id='word_1_159' title='bbox 263 2897 433 2970; x_wconf 89' lang='lat' dir='ltr'>siasticum,</span> <span class='ocrx_word' id='word_1_160' title='bbox 456 2896 511 2956; x_wconf 90' lang='lat' dir='ltr'>sed</span> <span class='ocrx_word' id='word_1_161' title='bbox 533 2897 644 2956; x_wconf 91' lang='lat' dir='ltr'>vicarii</span> <span class='ocrx_word' id='word_1_162' title='bbox 666 2897 865 2972; x_wconf 86' lang='lat' dir='ltr'>episcopatus</span> <span class='ocrx_word' id='word_1_163' title='bbox 887 2896 1094 2970; x_wconf 87' lang='lat' dir='ltr'>zagrabiensis</span> <span class='ocrx_word' id='word_1_164' title='bbox 1117 2896 1150 2953; x_wconf 91' lang='lat' dir='ltr'>in</span> <span class='ocrx_word' id='word_1_165' title='bbox 1181 2896 1410 2970; x_wconf 88' lang='lat' dir='ltr'>temporalibus</span> <span class='ocrx_word' id='word_1_166' title='bbox 1439 2913 1530 2970; x_wconf 92' lang='lat' dir='ltr'>gene·</span> 
     </span>
     <span class='ocr_line' id='line_1_22' title="bbox 263 3001 1530 3080; baseline 0 -17"><span class='ocrx_word' id='word_1_167' title='bbox 263 3004 348 3077; x_wconf 90' lang='lat' dir='ltr'>ralis,</span> <span class='ocrx_word' id='word_1_168' title='bbox 370 3003 476 3064; x_wconf 82' lang='lat' dir='ltr'>lorum</span> <span class='ocrx_word' id='word_1_169' title='bbox 499 3010 528 3063; x_wconf 91' lang='lat' dir='ltr'>et</span> <span class='ocrx_word' id='word_1_170' title='bbox 542 3001 694 3080; x_wconf 89' lang='lat' dir='ltr'>judicium</span> <span class='ocrx_word' id='word_1_171' title='bbox 715 3003 980 3075; x_wconf 89' lang='lat' dir='ltr'>concernentibus,</span> <span class='ocrx_word' id='word_1_172' title='bbox 1004 3003 1112 3076; x_wconf 91' lang='lat' dir='ltr'>vigore</span> <span class='ocrx_word' id='word_1_173' title='bbox 1128 3001 1336 3076; x_wconf 89' lang='lat' dir='ltr'>quarumdam</span> <span class='ocrx_word' id='word_1_174' title='bbox 1352 3002 1530 3063; x_wconf 89' lang='lat' dir='ltr'>litterarum</span> 
     </span>
     <span class='ocr_line' id='line_1_23' title="bbox 264 3106 1530 3184; baseline -0.001 -16"><span class='ocrx_word' id='word_1_175' title='bbox 264 3109 388 3168; x_wconf 91' lang='lat' dir='ltr'>concilii</span> <span class='ocrx_word' id='word_1_176' title='bbox 411 3109 596 3183; x_wconf 87' lang='lat' dir='ltr'>Basiliensis,</span> <span class='ocrx_word' id='word_1_177' title='bbox 619 3109 716 3168; x_wconf 88' lang='lat' dir='ltr'>vestri</span> <span class='ocrx_word' id='word_1_178' title='bbox 745 3109 778 3168; x_wconf 93' lang='lat' dir='ltr'>in</span> <span class='ocrx_word' id='word_1_179' title='bbox 808 3109 1002 3184; x_wconf 91' lang='lat' dir='ltr'>presenciam</span> <span class='ocrx_word' id='word_1_180' title='bbox 1033 3108 1121 3167; x_wconf 92' lang='lat' dir='ltr'>citari</span> <span class='ocrx_word' id='word_1_181' title='bbox 1154 3106 1312 3180; x_wconf 87' lang='lat' dir='ltr'>fecissetis,</span> <span class='ocrx_word' id='word_1_182' title='bbox 1344 3113 1374 3167; x_wconf 91' lang='lat' dir='ltr'>et</span> <span class='ocrx_word' id='word_1_183' title='bbox 1403 3109 1530 3168; x_wconf 89' lang='lat' dir='ltr'>eosdem</span> 
     </span>
     <span class='ocr_line' id='line_1_24' title="bbox 263 3209 1529 3298; baseline 0.001 -26"><span class='ocrx_word' id='word_1_184' title='bbox 263 3215 308 3274; x_wconf 93' lang='lat' dir='ltr'>sic</span> <span class='ocrx_word' id='word_1_185' title='bbox 330 3216 362 3274; x_wconf 90' lang='lat' dir='ltr'>in</span> <span class='ocrx_word' id='word_1_186' title='bbox 384 3209 481 3274; x_wconf 88' lang='lat' dir='ltr'>vestri</span> <span class='ocrx_word' id='word_1_187' title='bbox 502 3216 660 3290; x_wconf 87' lang='lat' dir='ltr'>presencia</span> <span class='ocrx_word' id='word_1_188' title='bbox 685 3215 802 3288; x_wconf 87' lang='lat' dir='ltr'>citatos,</span> <span class='ocrx_word' id='word_1_189' title='bbox 825 3216 867 3274; x_wconf 94' lang='lat' dir='ltr'>ob</span> <span class='ocrx_word' id='word_1_190' title='bbox 891 3215 1032 3274; x_wconf 85' lang='lat' dir='ltr'>favorem</span> <span class='ocrx_word' id='word_1_191' title='bbox 1055 3212 1196 3273; x_wconf 90' lang='lat' dir='ltr'>eiusdem</span> <span class='ocrx_word' id='word_1_192' title='bbox 1217 3213 1359 3287; x_wconf 87' lang='lat' dir='ltr'>magistri</span> <span class='ocrx_word' id='word_1_193' title='bbox 1380 3215 1529 3298; x_wconf 90' lang='lat' dir='ltr'>Johannis</span> 
     </span>
     <span class='ocr_line' id='line_1_25' title="bbox 264 3318 1528 3396; baseline 0.001 -18"><span class='ocrx_word' id='word_1_194' title='bbox 264 3321 418 3380; x_wconf 84' lang='lat' dir='ltr'>vexaretis</span> <span class='ocrx_word' id='word_1_195' title='bbox 434 3327 463 3380; x_wconf 91' lang='lat' dir='ltr'>et</span> <span class='ocrx_word' id='word_1_196' title='bbox 478 3323 762 3380; x_wconf 86' lang='lat' dir='ltr'>excommunicatos</span> <span class='ocrx_word' id='word_1_197' title='bbox 784 3321 969 3380; x_wconf 86' lang='lat' dir='ltr'>denunciare</span> <span class='ocrx_word' id='word_1_198' title='bbox 985 3319 1126 3379; x_wconf 87' lang='lat' dir='ltr'>faceretis</span> <span class='ocrx_word' id='word_1_199' title='bbox 1142 3320 1174 3378; x_wconf 92' lang='lat' dir='ltr'>in</span> <span class='ocrx_word' id='word_1_200' title='bbox 1189 3319 1397 3395; x_wconf 89' lang='lat' dir='ltr'>preiudicium</span> <span class='ocrx_word' id='word_1_201' title='bbox 1411 3318 1528 3396; x_wconf 90' lang='lat' dir='ltr'>jurium</span> 
     </span>
     <span class='ocr_line' id='line_1_26' title="bbox 262 3425 1529 3502; baseline -0.001 -16"><span class='ocrx_word' id='word_1_202' title='bbox 262 3427 445 3486; x_wconf 90' lang='lat' dir='ltr'>eorumdem</span> <span class='ocrx_word' id='word_1_203' title='bbox 474 3428 569 3487; x_wconf 92' lang='lat' dir='ltr'>valde</span> <span class='ocrx_word' id='word_1_204' title='bbox 600 3443 756 3502; x_wconf 87' lang='lat' dir='ltr'>magnum,</span> <span class='ocrx_word' id='word_1_205' title='bbox 787 3427 868 3486; x_wconf 90' lang='lat' dir='ltr'>unde</span> <span class='ocrx_word' id='word_1_206' title='bbox 890 3429 1077 3502; x_wconf 91' lang='lat' dir='ltr'>supplicant,</span> <span class='ocrx_word' id='word_1_207' title='bbox 1101 3442 1157 3501; x_wconf 90' lang='lat' dir='ltr'>per</span> <span class='ocrx_word' id='word_1_208' title='bbox 1178 3441 1235 3485; x_wconf 87' lang='lat' dir='ltr'>nos</span> <span class='ocrx_word' id='word_1_209' title='bbox 1258 3425 1333 3500; x_wconf 90' lang='lat' dir='ltr'>ipsis</span> <span class='ocrx_word' id='word_1_210' title='bbox 1363 3426 1529 3500; x_wconf 82' lang='lat' dir='ltr'>superinde</span> 
     </span>
     <span class='ocr_line' id='line_1_27' title="bbox 262 3529 1529 3610; baseline 0 -19"><span class='ocrx_word' id='word_1_211' title='bbox 262 3538 439 3609; x_wconf 89' lang='lat' dir='ltr'>opportune</span> <span class='ocrx_word' id='word_1_212' title='bbox 468 3534 637 3610; x_wconf 89' lang='lat' dir='ltr'>provideri.</span> <span class='ocrx_word' id='word_1_213' title='bbox 668 3536 706 3594; x_wconf 87' lang='lat' dir='ltr'>Et</span> <span class='ocrx_word' id='word_1_214' title='bbox 736 3534 809 3608; x_wconf 89' lang='lat' dir='ltr'>quia</span> <span class='ocrx_word' id='word_1_215' title='bbox 838 3548 895 3592; x_wconf 95' lang='lat' dir='ltr'>nos</span> <span class='ocrx_word' id='word_1_216' title='bbox 925 3534 1081 3598; x_wconf 80' lang='lat' dir='ltr'>volumus.</span> <span class='ocrx_word' id='word_1_217' title='bbox 1112 3540 1146 3590; x_wconf 92' lang='lat' dir='ltr'>nt</span> <span class='ocrx_word' id='word_1_218' title='bbox 1175 3532 1341 3606; x_wconf 87' lang='lat' dir='ltr'>unicuique</span> <span class='ocrx_word' id='word_1_219' title='bbox 1363 3547 1418 3590; x_wconf 90' lang='lat' dir='ltr'>sua</span> <span class='ocrx_word' id='word_1_220' title='bbox 1438 3529 1529 3608; x_wconf 87' lang='lat' dir='ltr'>juris-</span> 
     </span>
     <span class='ocr_line' id='line_1_28' title="bbox 262 3637 1529 3713; baseline -0.001 -14"><span class='ocrx_word' id='word_1_221' title='bbox 262 3639 360 3700; x_wconf 91' lang='lat' dir='ltr'>diccio</span> <span class='ocrx_word' id='word_1_222' title='bbox 383 3641 574 3713; x_wconf 85' lang='lat' dir='ltr'>observetur,</span> <span class='ocrx_word' id='word_1_223' title='bbox 598 3640 668 3699; x_wconf 91' lang='lat' dir='ltr'>ideo</span> <span class='ocrx_word' id='word_1_224' title='bbox 685 3640 831 3699; x_wconf 88' lang='lat' dir='ltr'>fidelitati</span> <span class='ocrx_word' id='word_1_225' title='bbox 848 3643 950 3700; x_wconf 85' lang='lat' dir='ltr'>vestre</span> <span class='ocrx_word' id='word_1_226' title='bbox 965 3639 1098 3698; x_wconf 89' lang='lat' dir='ltr'>firmiter</span> <span class='ocrx_word' id='word_1_227' title='bbox 1114 3638 1320 3713; x_wconf 90' lang='lat' dir='ltr'>precipientes</span> <span class='ocrx_word' id='word_1_228' title='bbox 1335 3637 1529 3713; x_wconf 90' lang='lat' dir='ltr'>mandamus,</span> 
     </span>
     <span class='ocr_line' id='line_1_29' title="bbox 262 3744 1529 3822; baseline -0.001 -17"><span class='ocrx_word' id='word_1_229' title='bbox 262 3751 413 3821; x_wconf 90' lang='lat' dir='ltr'>quatenus</span> <span class='ocrx_word' id='word_1_230' title='bbox 436 3747 572 3822; x_wconf 89' lang='lat' dir='ltr'>acceptis</span> <span class='ocrx_word' id='word_1_231' title='bbox 595 3746 799 3820; x_wconf 90' lang='lat' dir='ltr'>presentibus,</span> <span class='ocrx_word' id='word_1_232' title='bbox 824 3745 979 3820; x_wconf 89' lang='lat' dir='ltr'>predictos</span> <span class='ocrx_word' id='word_1_233' title='bbox 1003 3752 1190 3820; x_wconf 85' lang='lat' dir='ltr'>exponentes</span> <span class='ocrx_word' id='word_1_234' title='bbox 1215 3759 1233 3802; x_wconf 91' lang='lat' dir='ltr'>a</span> <span class='ocrx_word' id='word_1_235' title='bbox 1263 3744 1320 3802; x_wconf 90' lang='lat' dir='ltr'>tali</span> <span class='ocrx_word' id='word_1_236' title='bbox 1350 3759 1529 3804; x_wconf 84' lang='lat' dir='ltr'>excommu-</span> 
     </span>
     <span class='ocr_line' id='line_1_30' title="bbox 261 3851 1529 3924; baseline -0.001 -12"><span class='ocrx_word' id='word_1_237' title='bbox 261 3853 431 3912; x_wconf 91' lang='lat' dir='ltr'>nicacionis</span> <span class='ocrx_word' id='word_1_238' title='bbox 454 3854 610 3912; x_wconf 91' lang='lat' dir='ltr'>sentencia</span> <span class='ocrx_word' id='word_1_239' title='bbox 633 3852 805 3911; x_wconf 89' lang='lat' dir='ltr'>absolvatis</span> <span class='ocrx_word' id='word_1_240' title='bbox 834 3858 864 3910; x_wconf 92' lang='lat' dir='ltr'>et</span> <span class='ocrx_word' id='word_1_241' title='bbox 893 3867 951 3910; x_wconf 90' lang='lat' dir='ltr'>vos</span> <span class='ocrx_word' id='word_1_242' title='bbox 983 3851 1021 3910; x_wconf 90' lang='lat' dir='ltr'>de</span> <span class='ocrx_word' id='word_1_243' title='bbox 1051 3851 1169 3910; x_wconf 90' lang='lat' dir='ltr'>eisdem</span> <span class='ocrx_word' id='word_1_244' title='bbox 1200 3851 1300 3908; x_wconf 87' lang='lat' dir='ltr'>causis</span> <span class='ocrx_word' id='word_1_245' title='bbox 1330 3851 1469 3924; x_wconf 90' lang='lat' dir='ltr'>ingerere</span> <span class='ocrx_word' id='word_1_246' title='bbox 1498 3857 1529 3911; x_wconf 91' lang='lat' dir='ltr'>et</span> 
     </span>
     <span class='ocr_line' id='line_1_31' title="bbox 262 3956 1529 4032; baseline 0.001 -16"><span class='ocrx_word' id='word_1_247' title='bbox 262 3958 363 4032; x_wconf 90' lang='lat' dir='ltr'>ipsas.</span> <span class='ocrx_word' id='word_1_248' title='bbox 377 3959 509 4018; x_wconf 88' lang='lat' dir='ltr'>ulterius</span> <span class='ocrx_word' id='word_1_249' title='bbox 540 3965 672 4018; x_wconf 89' lang='lat' dir='ltr'>tractare</span> <span class='ocrx_word' id='word_1_250' title='bbox 702 3973 764 4016; x_wconf 89' lang='lat' dir='ltr'>non</span> <span class='ocrx_word' id='word_1_251' title='bbox 794 3957 942 4032; x_wconf 87' lang='lat' dir='ltr'>debeatis,</span> <span class='ocrx_word' id='word_1_252' title='bbox 973 3956 1027 4016; x_wconf 90' lang='lat' dir='ltr'>sed</span> <span class='ocrx_word' id='word_1_253' title='bbox 1060 3957 1186 4015; x_wconf 89' lang='lat' dir='ltr'>easdem</span> <span class='ocrx_word' id='word_1_254' title='bbox 1216 3957 1280 4015; x_wconf 92' lang='lat' dir='ltr'>sine</span> <span class='ocrx_word' id='word_1_255' title='bbox 1310 3956 1476 4016; x_wconf 88' lang='lat' dir='ltr'>renitencia</span> <span class='ocrx_word' id='word_1_256' title='bbox 1498 3963 1529 4017; x_wconf 90' lang='lat' dir='ltr'>et</span> 
     </span>
     <span class='ocr_line' id='line_1_32' title="bbox 265 4061 1528 4140; baseline 0.002 -20"><span class='ocrx_word' id='word_1_257' title='bbox 265 4062 450 4122; x_wconf 79' lang='lat' dir='ltr'>difficultate</span> <span class='ocrx_word' id='word_1_258' title='bbox 472 4061 588 4140; x_wconf 90' lang='lat' dir='ltr'>judicio</span> <span class='ocrx_word' id='word_1_259' title='bbox 611 4070 641 4122; x_wconf 91' lang='lat' dir='ltr'>et</span> <span class='ocrx_word' id='word_1_260' title='bbox 663 4065 799 4122; x_wconf 83' lang='lat' dir='ltr'>examini</span> <span class='ocrx_word' id='word_1_261' title='bbox 823 4063 898 4123; x_wconf 90' lang='lat' dir='ltr'>dicti</span> <span class='ocrx_word' id='word_1_262' title='bbox 921 4064 1028 4123; x_wconf 90' lang='lat' dir='ltr'>vicarii</span> <span class='ocrx_word' id='word_1_263' title='bbox 1053 4065 1250 4138; x_wconf 91' lang='lat' dir='ltr'>episcopatus</span> <span class='ocrx_word' id='word_1_264' title='bbox 1272 4063 1479 4136; x_wconf 91' lang='lat' dir='ltr'>zagrabiensis</span> <span class='ocrx_word' id='word_1_265' title='bbox 1496 4064 1528 4123; x_wconf 95' lang='lat' dir='ltr'>in</span> 
     </span>
     <span class='ocr_line' id='line_1_33' title="bbox 261 4167 1527 4244; baseline 0.002 -18"><span class='ocrx_word' id='word_1_266' title='bbox 261 4169 488 4244; x_wconf 90' lang='lat' dir='ltr'>temporalibus</span> <span class='ocrx_word' id='word_1_267' title='bbox 510 4169 665 4244; x_wconf 89' lang='lat' dir='ltr'>generalis</span> <span class='ocrx_word' id='word_1_268' title='bbox 688 4171 807 4244; x_wconf 89' lang='lat' dir='ltr'>absque</span> <span class='ocrx_word' id='word_1_269' title='bbox 830 4171 915 4229; x_wconf 90' lang='lat' dir='ltr'>omni</span> <span class='ocrx_word' id='word_1_270' title='bbox 938 4169 1122 4244; x_wconf 88' lang='lat' dir='ltr'>gravamine</span> <span class='ocrx_word' id='word_1_271' title='bbox 1149 4173 1181 4227; x_wconf 91' lang='lat' dir='ltr'>et</span> <span class='ocrx_word' id='word_1_272' title='bbox 1210 4167 1441 4226; x_wconf 89' lang='lat' dir='ltr'>adiudicacione</span> <span class='ocrx_word' id='word_1_273' title='bbox 1470 4169 1527 4229; x_wconf 89' lang='lat' dir='ltr'>ali-</span> 
     </span>
     <span class='ocr_line' id='line_1_34' title="bbox 261 4273 1528 4352; baseline 0.002 -20"><span class='ocrx_word' id='word_1_274' title='bbox 261 4274 347 4347; x_wconf 92' lang='lat' dir='ltr'>quali</span> <span class='ocrx_word' id='word_1_275' title='bbox 370 4277 592 4348; x_wconf 71' lang='lat' dir='ltr'>transmittatis</span> <span class='ocrx_word' id='word_1_276' title='bbox 616 4277 758 4350; x_wconf 91' lang='lat' dir='ltr'>partibus</span> <span class='ocrx_word' id='word_1_277' title='bbox 780 4277 928 4352; x_wconf 89' lang='lat' dir='ltr'>predictis</span> <span class='ocrx_word' id='word_1_278' title='bbox 951 4291 1058 4334; x_wconf 91' lang='lat' dir='ltr'>coram</span> <span class='ocrx_word' id='word_1_279' title='bbox 1081 4276 1150 4350; x_wconf 93' lang='lat' dir='ltr'>ipso</span> <span class='ocrx_word' id='word_1_280' title='bbox 1181 4273 1298 4332; x_wconf 90' lang='lat' dir='ltr'>vicario</span> <span class='ocrx_word' id='word_1_281' title='bbox 1327 4275 1528 4349; x_wconf 89' lang='lat' dir='ltr'>comparendi</span> 
     </span>
     <span class='ocr_line' id='line_1_35' title="bbox 260 4379 1527 4457; baseline 0.003 -19"><span class='ocrx_word' id='word_1_282' title='bbox 260 4381 428 4440; x_wconf 89' lang='lat' dir='ltr'>terminum</span> <span class='ocrx_word' id='word_1_283' title='bbox 452 4381 562 4441; x_wconf 85' lang='lat' dir='ltr'>vestris</span> <span class='ocrx_word' id='word_1_284' title='bbox 579 4382 611 4440; x_wconf 91' lang='lat' dir='ltr'>in</span> <span class='ocrx_word' id='word_1_285' title='bbox 634 4383 745 4440; x_wconf 91' lang='lat' dir='ltr'>litteris</span> <span class='ocrx_word' id='word_1_286' title='bbox 763 4381 948 4457; x_wconf 86' lang='lat' dir='ltr'>prefigentes</span> <span class='ocrx_word' id='word_1_287' title='bbox 964 4387 1193 4455; x_wconf 87' lang='lat' dir='ltr'>congruentem.</span> <span class='ocrx_word' id='word_1_288' title='bbox 1211 4379 1305 4439; x_wconf 89' lang='lat' dir='ltr'>Secus</span> <span class='ocrx_word' id='word_1_289' title='bbox 1320 4395 1383 4439; x_wconf 94' lang='lat' dir='ltr'>non</span> <span class='ocrx_word' id='word_1_290' title='bbox 1407 4379 1527 4443; x_wconf 84' lang='lat' dir='ltr'>facturi.</span> 
     </span>
     <span class='ocr_line' id='line_1_36' title="bbox 259 4485 1527 4562; baseline 0.003 -18"><span class='ocrx_word' id='word_1_291' title='bbox 259 4486 456 4547; x_wconf 88' lang='lat' dir='ltr'>Presentibus</span> <span class='ocrx_word' id='word_1_292' title='bbox 470 4487 625 4562; x_wconf 91' lang='lat' dir='ltr'>perlectis,</span> <span class='ocrx_word' id='word_1_293' title='bbox 646 4488 806 4548; x_wconf 84' lang='lat' dir='ltr'>exhibenti</span> <span class='ocrx_word' id='word_1_294' title='bbox 827 4489 984 4548; x_wconf 91' lang='lat' dir='ltr'>restitutis.</span> <span class='ocrx_word' id='word_1_295' title='bbox 1007 4487 1125 4545; x_wconf 89' lang='lat' dir='ltr'>Datum</span> <span class='ocrx_word' id='word_1_296' title='bbox 1148 4485 1233 4545; x_wconf 89' lang='lat' dir='ltr'>Bude</span> <span class='ocrx_word' id='word_1_297' title='bbox 1256 4487 1288 4545; x_wconf 90' lang='lat' dir='ltr'>in</span> <span class='ocrx_word' id='word_1_298' title='bbox 1310 4485 1389 4546; x_wconf 85' lang='lat' dir='ltr'>festo</span> <span class='ocrx_word' id='word_1_299' title='bbox 1404 4487 1444 4546; x_wconf 92' lang='lat' dir='ltr'>ad</span> <span class='ocrx_word' id='word_1_300' title='bbox 1459 4489 1527 4548; x_wconf 90' lang='lat' dir='ltr'>vin·</span> 
     </span>
     <span class='ocr_line' id='line_1_37' title="bbox 260 4591 1526 4668; baseline 0.001 -17"><span class='ocrx_word' id='word_1_301' title='bbox 260 4593 331 4651; x_wconf 91' lang='lat' dir='ltr'>cula</span> <span class='ocrx_word' id='word_1_302' title='bbox 353 4594 437 4653; x_wconf 87' lang='lat' dir='ltr'>beati</span> <span class='ocrx_word' id='word_1_303' title='bbox 466 4594 550 4653; x_wconf 91' lang='lat' dir='ltr'>Petri</span> <span class='ocrx_word' id='word_1_304' title='bbox 579 4595 723 4668; x_wconf 91' lang='lat' dir='ltr'>apostoli.</span> <span class='ocrx_word' id='word_1_305' title='bbox 754 4596 844 4654; x_wconf 87' lang='lat' dir='ltr'>Anno</span> <span class='ocrx_word' id='word_1_306' title='bbox 873 4593 991 4653; x_wconf 87' lang='lat' dir='ltr'>domini</span> <span class='ocrx_word' id='word_1_307' title='bbox 1019 4593 1189 4652; x_wconf 88' lang='lat' dir='ltr'>millesimo</span> <span class='ocrx_word' id='word_1_308' title='bbox 1220 4591 1526 4667; x_wconf 87' lang='lat' dir='ltr'>quadringentesimo</span> 
     </span>
     <span class='ocr_line' id='line_1_38' title="bbox 258 4691 1526 4780; baseline 0.002 -23"><span class='ocrx_word' id='word_1_309' title='bbox 258 4701 452 4774; x_wconf 86' lang='lat' dir='ltr'>sexagesimo</span> <span class='ocrx_word' id='word_1_310' title='bbox 481 4699 599 4774; x_wconf 90' lang='lat' dir='ltr'>quinto.</span> <span class='ocrx_word' id='word_1_311' title='bbox 632 4701 731 4774; x_wconf 91' lang='lat' dir='ltr'>Regni</span> <span class='ocrx_word' id='word_1_312' title='bbox 770 4701 869 4760; x_wconf 90' lang='lat' dir='ltr'>nostri</span> <span class='ocrx_word' id='word_1_313' title='bbox 905 4713 986 4759; x_wconf 90' lang='lat' dir='ltr'>anno</span> <span class='ocrx_word' id='word_1_314' title='bbox 1020 4691 1165 4780; x_wconf 82' lang='lat' dir='ltr'>(octavo),</span> <span class='ocrx_word' id='word_1_315' title='bbox 1202 4700 1413 4759; x_wconf 90' lang='lat' dir='ltr'>coronacionis</span> <span class='ocrx_word' id='word_1_316' title='bbox 1451 4715 1526 4760; x_wconf 91' lang='lat' dir='ltr'>vero</span> 
     </span>
     <span class='ocr_line' id='line_1_39' title="bbox 258 4805 402 4865; baseline -0.007 0"><span class='ocrx_word' id='word_1_317' title='bbox 258 4805 402 4865; x_wconf 87' lang='lat' dir='ltr'>secundo.</span> 
     </span>
    </p>
   </div>
   <div class='ocr_carea' id='block_1_9' title="bbox 260 4940 1525 5068">
    <p class='ocr_par' dir='ltr' id='par_1_9' title="bbox 260 4940 1525 5068">
     <span class='ocr_line' id='line_1_40' title="bbox 362 4940 1525 5010; baseline 0.003 -19"><span class='ocrx_word' id='word_1_318' title='bbox 362 4941 497 5007; x_wconf 82' lang='lat' dir='ltr'>Originale</span> <span class='ocrx_word' id='word_1_319' title='bbox 515 4943 543 4992; x_wconf 89' lang='lat' dir='ltr'>in</span> <span class='ocrx_word' id='word_1_320' title='bbox 561 4943 659 4997; x_wconf 85' lang='lat' dir='ltr'>charta.</span> <span class='ocrx_word' id='word_1_321' title='bbox 677 4945 709 4993; x_wconf 89' lang='lat' dir='ltr'>In</span> <span class='ocrx_word' id='word_1_322' title='bbox 721 4943 838 4995; x_wconf 79' lang='lat' dir='ltr'>inferiori</span> <span class='ocrx_word' id='word_1_323' title='bbox 851 4945 966 5010; x_wconf 77' lang='lat' dir='ltr'>margine</span> <span class='ocrx_word' id='word_1_324' title='bbox 978 4945 1133 5010; x_wconf 86' lang='lat' dir='ltr'>impressum</span> <span class='ocrx_word' id='word_1_325' title='bbox 1145 4941 1262 5008; x_wconf 84' lang='lat' dir='ltr'>sigillum</span> <span class='ocrx_word' id='word_1_326' title='bbox 1274 4943 1365 4994; x_wconf 82' lang='lat' dir='ltr'>maius.</span> <span class='ocrx_word' id='word_1_327' title='bbox 1384 4943 1418 4991; x_wconf 90' lang='lat' dir='ltr'>In</span> <span class='ocrx_word' id='word_1_328' title='bbox 1429 4940 1525 4994; x_wconf 80' lang='lat' dir='ltr'>archiv.</span> 
     </span>
     <span class='ocr_line' id='line_1_41' title="bbox 260 5011 766 5068; baseline 0.006 -4"><span class='ocrx_word' id='word_1_329' title='bbox 260 5011 321 5066; x_wconf 89' lang='lat' dir='ltr'>incl.</span> <span class='ocrx_word' id='word_1_330' title='bbox 342 5013 423 5066; x_wconf 78' lang='lat' dir='ltr'>Acnd.</span> <span class='ocrx_word' id='word_1_331' title='bbox 442 5013 538 5067; x_wconf 81' lang='lat' dir='ltr'>Scient</span> <span class='ocrx_word' id='word_1_332' title='bbox 557 5013 656 5067; x_wconf 77' lang='lat' dir='ltr'>Slnvor.</span> <span class='ocrx_word' id='word_1_333' title='bbox 674 5015 766 5068; x_wconf 82' lang='lat' dir='ltr'>merid.</span> 
     </span>
    </p>
   </div>
   <div class='ocr_carea' id='block_1_10' title="bbox 0 0 1970 5806">
    <p class='ocr_par' dir='ltr' id='par_1_10' title="bbox 0 0 1970 5806">
     <span class='ocr_line' id='line_1_42' title="bbox 0 0 1970 5806; baseline 0 2"><span class='ocrx_word' id='word_1_334' title='bbox 0 0 1970 5806; x_wconf 95' lang='lat' dir='ltr'> </span> 
     </span>
    </p>
   </div>
  </div>
 </body>
</html>
