<?xml version="1.0" encoding="UTF-8"?>
<!DOCTYPE html PUBLIC "-//W3C//DTD XHTML 1.0 Transitional//EN"
    "http://www.w3.org/TR/xhtml1/DTD/xhtml1-transitional.dtd">
<html xmlns="http://www.w3.org/1999/xhtml" xml:lang="en" lang="en">
 <head>
  <title>
</title>
<meta http-equiv="Content-Type" content="text/html;charset=utf-8" />
  <meta name='ocr-system' content='tesseract 3.04.00' />
  <meta name='ocr-capabilities' content='ocr_page ocr_carea ocr_par ocr_line ocrx_word'/>
</head>
<body>
  <div class='ocr_page' id='page_1' title='image "./monumentahistor20laszgoog_0734.png"; bbox 0 0 3804 5858; ppageno 0'>
   <div class='ocr_carea' id='block_1_1' title="bbox 620 545 1455 628">
    <p class='ocr_par' dir='ltr' id='par_1_1' title="bbox 620 545 1455 628">
     <span class='ocr_line' id='line_1_1' title="bbox 620 545 1455 628; baseline 0.014 -26"><span class='ocrx_word' id='word_1_1' title='bbox 620 545 694 606; x_wconf 86' lang='lat' dir='ltr'>Doc.</span> <span class='ocrx_word' id='word_1_2' title='bbox 712 555 785 622; x_wconf 79' lang='lat'><em>355.</em></span> <span class='ocrx_word' id='word_1_3' title='bbox 809 579 852 590; x_wconf 92' lang='lat'>—</span> <span class='ocrx_word' id='word_1_4' title='bbox 875 547 931 604; x_wconf 81' lang='lat' dir='ltr'>An.</span> <span class='ocrx_word' id='word_1_5' title='bbox 955 559 1046 624; x_wconf 81' lang='lat'><em>1490.</em></span> <span class='ocrx_word' id='word_1_6' title='bbox 1395 567 1455 628; x_wconf 80' lang='lat'>477</span> 
     </span>
    </p>
   </div>
   <div class='ocr_carea' id='block_1_2' title="bbox 191 762 1465 4229">
    <p class='ocr_par' dir='ltr' id='par_1_2' title="bbox 191 762 1465 4229">
     <span class='ocr_line' id='line_1_2' title="bbox 191 762 1457 838; baseline 0.002 -15"><span class='ocrx_word' id='word_1_7' title='bbox 191 765 318 824; x_wconf 85' lang='lat' dir='ltr'>fundate</span> <span class='ocrx_word' id='word_1_8' title='bbox 341 769 373 823; x_wconf 88' lang='lat' dir='ltr'>et</span> <span class='ocrx_word' id='word_1_9' title='bbox 395 764 513 823; x_wconf 91' lang='lat' dir='ltr'>domini</span> <span class='ocrx_word' id='word_1_10' title='bbox 529 765 644 823; x_wconf 90' lang='lat' dir='ltr'>Mathic</span> <span class='ocrx_word' id='word_1_11' title='bbox 661 763 788 838; x_wconf 85' lang='lat' dir='ltr'>plebani</span> <span class='ocrx_word' id='word_1_12' title='bbox 811 762 850 821; x_wconf 89' lang='lat' dir='ltr'>de</span> <span class='ocrx_word' id='word_1_13' title='bbox 863 762 1096 836; x_wconf 90' lang='lat' dir='ltr'>Cranosnopole</span> <span class='ocrx_word' id='word_1_14' title='bbox 1119 769 1297 822; x_wconf 85' lang='lat' dir='ltr'>nostrorum</span> <span class='ocrx_word' id='word_1_15' title='bbox 1314 767 1457 826; x_wconf 92' lang='lat' dir='ltr'>similiter</span> 
     </span>
     <span class='ocr_line' id='line_1_3' title="bbox 192 869 1458 944; baseline 0.001 -15"><span class='ocrx_word' id='word_1_16' title='bbox 192 872 367 930; x_wconf 87' lang='lat' dir='ltr'>concivium</span> <span class='ocrx_word' id='word_1_17' title='bbox 390 872 431 929; x_wconf 88' lang='lat' dir='ltr'>ab</span> <span class='ocrx_word' id='word_1_18' title='bbox 447 871 590 929; x_wconf 84' lang='lat' dir='ltr'>orientali</span> <span class='ocrx_word' id='word_1_19' title='bbox 614 877 710 944; x_wconf 86' lang='lat' dir='ltr'>parte,</span> <span class='ocrx_word' id='word_1_20' title='bbox 732 884 851 928; x_wconf 89' lang='lat' dir='ltr'>necnon</span> <span class='ocrx_word' id='word_1_21' title='bbox 867 869 946 927; x_wconf 91' lang='lat' dir='ltr'>inter</span> <span class='ocrx_word' id='word_1_22' title='bbox 970 869 1046 926; x_wconf 90' lang='lat' dir='ltr'>duas</span> <span class='ocrx_word' id='word_1_23' title='bbox 1069 870 1135 927; x_wconf 91' lang='lat' dir='ltr'>vias</span> <span class='ocrx_word' id='word_1_24' title='bbox 1160 884 1348 943; x_wconf 89' lang='lat' dir='ltr'>communes,</span> <span class='ocrx_word' id='word_1_25' title='bbox 1364 888 1458 930; x_wconf 90' lang='lat' dir='ltr'>unam</span> 
     </span>
     <span class='ocr_line' id='line_1_4' title="bbox 192 975 1458 1050; baseline 0.002 -16"><span class='ocrx_word' id='word_1_26' title='bbox 192 993 209 1034; x_wconf 90' lang='lat' dir='ltr'>a</span> <span class='ocrx_word' id='word_1_27' title='bbox 240 977 437 1037; x_wconf 84' lang='lat' dir='ltr'>meridionali</span> <span class='ocrx_word' id='word_1_28' title='bbox 467 982 498 1036; x_wconf 91' lang='lat' dir='ltr'>et</span> <span class='ocrx_word' id='word_1_29' title='bbox 527 978 622 1035; x_wconf 86' lang='lat' dir='ltr'>aliam</span> <span class='ocrx_word' id='word_1_30' title='bbox 654 992 671 1033; x_wconf 95' lang='lat' dir='ltr'>a</span> <span class='ocrx_word' id='word_1_31' title='bbox 699 975 946 1050; x_wconf 80' lang='lat' dir='ltr'>septemtrionali</span> <span class='ocrx_word' id='word_1_32' title='bbox 970 976 1111 1048; x_wconf 90' lang='lat' dir='ltr'>partibus</span> <span class='ocrx_word' id='word_1_33' title='bbox 1135 975 1209 1033; x_wconf 92' lang='lat' dir='ltr'>sitas</span> <span class='ocrx_word' id='word_1_34' title='bbox 1232 981 1262 1034; x_wconf 90' lang='lat' dir='ltr'>et</span> <span class='ocrx_word' id='word_1_35' title='bbox 1284 977 1458 1050; x_wconf 83' lang='lat' dir='ltr'>existentes,</span> 
     </span>
     <span class='ocr_line' id='line_1_5' title="bbox 192 1080 1457 1154; baseline 0.002 -14"><span class='ocrx_word' id='word_1_36' title='bbox 192 1084 333 1141; x_wconf 82' lang='lat' dir='ltr'>habitam</span> <span class='ocrx_word' id='word_1_37' title='bbox 369 1091 399 1142; x_wconf 90' lang='lat' dir='ltr'>et</span> <span class='ocrx_word' id='word_1_38' title='bbox 428 1084 583 1154; x_wconf 84' lang='lat' dir='ltr'>situatam,</span> <span class='ocrx_word' id='word_1_39' title='bbox 618 1081 776 1153; x_wconf 79' lang='lat' dir='ltr'>tredecim,</span> <span class='ocrx_word' id='word_1_40' title='bbox 814 1087 847 1138; x_wconf 91' lang='lat' dir='ltr'>ut</span> <span class='ocrx_word' id='word_1_41' title='bbox 879 1080 1000 1151; x_wconf 85' lang='lat' dir='ltr'>dicitur,</span> <span class='ocrx_word' id='word_1_42' title='bbox 1024 1080 1123 1139; x_wconf 88' lang='lat' dir='ltr'>dietas</span> <span class='ocrx_word' id='word_1_43' title='bbox 1147 1087 1228 1139; x_wconf 91' lang='lat' dir='ltr'>terre</span> <span class='ocrx_word' id='word_1_44' title='bbox 1251 1081 1338 1140; x_wconf 90' lang='lat' dir='ltr'>inse</span> <span class='ocrx_word' id='word_1_45' title='bbox 1361 1085 1457 1142; x_wconf 91' lang='lat' dir='ltr'>conti·</span> 
     </span>
     <span class='ocr_line' id='line_1_6' title="bbox 191 1187 1458 1263; baseline 0.001 -17"><span class='ocrx_word' id='word_1_46' title='bbox 191 1196 324 1262; x_wconf 89' lang='lat' dir='ltr'>nentem,</span> <span class='ocrx_word' id='word_1_47' title='bbox 357 1190 459 1263; x_wconf 86' lang='lat' dir='ltr'>ipsam</span> <span class='ocrx_word' id='word_1_48' title='bbox 489 1188 635 1247; x_wconf 92' lang='lat' dir='ltr'>videlicet</span> <span class='ocrx_word' id='word_1_49' title='bbox 667 1188 827 1246; x_wconf 90' lang='lat' dir='ltr'>dominam</span> <span class='ocrx_word' id='word_1_50' title='bbox 858 1187 1051 1245; x_wconf 90' lang='lat' dir='ltr'>Dorotheam</span> <span class='ocrx_word' id='word_1_51' title='bbox 1081 1188 1195 1262; x_wconf 90' lang='lat' dir='ltr'>partim</span> <span class='ocrx_word' id='word_1_52' title='bbox 1229 1193 1458 1262; x_wconf 89' lang='lat' dir='ltr'>postmortem</span> 
     </span>
     <span class='ocr_line' id='line_1_7' title="bbox 193 1291 1459 1369; baseline 0.002 -17"><span class='ocrx_word' id='word_1_53' title='bbox 193 1294 307 1369; x_wconf 84' lang='lat' dir='ltr'>prelati</span> <span class='ocrx_word' id='word_1_54' title='bbox 338 1295 470 1354; x_wconf 90' lang='lat' dir='ltr'>condam</span> <span class='ocrx_word' id='word_1_55' title='bbox 505 1295 620 1352; x_wconf 91' lang='lat' dir='ltr'>Mathie</span> <span class='ocrx_word' id='word_1_56' title='bbox 650 1294 778 1353; x_wconf 89' lang='lat' dir='ltr'>sartoris</span> <span class='ocrx_word' id='word_1_57' title='bbox 801 1294 912 1351; x_wconf 80' lang='lat' dir='ltr'>mariti</span> <span class='ocrx_word' id='word_1_58' title='bbox 946 1293 992 1350; x_wconf 90' lang='lat' dir='ltr'>sui</span> <span class='ocrx_word' id='word_1_59' title='bbox 1023 1293 1175 1366; x_wconf 83' lang='lat' dir='ltr'>legittime</span> <span class='ocrx_word' id='word_1_60' title='bbox 1196 1291 1264 1369; x_wconf 89' lang='lat' dir='ltr'>jure</span> <span class='ocrx_word' id='word_1_61' title='bbox 1288 1297 1459 1354; x_wconf 90' lang='lat' dir='ltr'>sucessorio</span> 
     </span>
     <span class='ocr_line' id='line_1_8' title="bbox 193 1399 1459 1475; baseline 0.002 -17"><span class='ocrx_word' id='word_1_62' title='bbox 193 1409 434 1472; x_wconf 90' lang='lat' dir='ltr'>concernentem‚</span> <span class='ocrx_word' id='word_1_63' title='bbox 450 1405 564 1475; x_wconf 87' lang='lat' dir='ltr'>partim</span> <span class='ocrx_word' id='word_1_64' title='bbox 580 1405 693 1472; x_wconf 87' lang='lat' dir='ltr'>autem,</span> <span class='ocrx_word' id='word_1_65' title='bbox 711 1414 773 1473; x_wconf 91' lang='lat' dir='ltr'>quo</span> <span class='ocrx_word' id='word_1_66' title='bbox 796 1399 835 1457; x_wconf 93' lang='lat' dir='ltr'>ad</span> <span class='ocrx_word' id='word_1_67' title='bbox 859 1399 955 1457; x_wconf 92' lang='lat' dir='ltr'>aliam</span> <span class='ocrx_word' id='word_1_68' title='bbox 972 1399 1168 1457; x_wconf 89' lang='lat' dir='ltr'>medietatem</span> <span class='ocrx_word' id='word_1_69' title='bbox 1193 1415 1211 1456; x_wconf 93' lang='lat' dir='ltr'>a</span> <span class='ocrx_word' id='word_1_70' title='bbox 1235 1401 1304 1458; x_wconf 90' lang='lat' dir='ltr'>viro</span> <span class='ocrx_word' id='word_1_71' title='bbox 1327 1401 1459 1460; x_wconf 90' lang='lat' dir='ltr'>condam</span> 
     </span>
     <span class='ocr_line' id='line_1_9' title="bbox 193 1503 1459 1580; baseline 0 -15"><span class='ocrx_word' id='word_1_72' title='bbox 193 1507 326 1580; x_wconf 92' lang='lat' dir='ltr'>provido</span> <span class='ocrx_word' id='word_1_73' title='bbox 342 1515 372 1565; x_wconf 90' lang='lat' dir='ltr'>et</span> <span class='ocrx_word' id='word_1_74' title='bbox 395 1509 523 1566; x_wconf 91' lang='lat' dir='ltr'>honesto</span> <span class='ocrx_word' id='word_1_75' title='bbox 547 1506 672 1564; x_wconf 89' lang='lat' dir='ltr'>Andrea</span> <span class='ocrx_word' id='word_1_76' title='bbox 688 1507 808 1564; x_wconf 89' lang='lat' dir='ltr'>seniore</span> <span class='ocrx_word' id='word_1_77' title='bbox 823 1503 927 1580; x_wconf 91' lang='lat' dir='ltr'>jurato</span> <span class='ocrx_word' id='word_1_78' title='bbox 948 1511 977 1563; x_wconf 94' lang='lat' dir='ltr'>et</span> <span class='ocrx_word' id='word_1_79' title='bbox 1000 1505 1126 1563; x_wconf 87' lang='lat' dir='ltr'>concive</span> <span class='ocrx_word' id='word_1_80' title='bbox 1150 1511 1257 1563; x_wconf 89' lang='lat' dir='ltr'>nostro</span> <span class='ocrx_word' id='word_1_81' title='bbox 1278 1513 1367 1580; x_wconf 91' lang='lat' dir='ltr'>patre</span> <span class='ocrx_word' id='word_1_82' title='bbox 1384 1523 1459 1565; x_wconf 84' lang='lat' dir='ltr'>rero</span> 
     </span>
     <span class='ocr_line' id='line_1_10' title="bbox 193 1611 1459 1689; baseline 0.001 -19"><span class='ocrx_word' id='word_1_83' title='bbox 193 1614 290 1686; x_wconf 91' lang='lat' dir='ltr'>ipsius</span> <span class='ocrx_word' id='word_1_84' title='bbox 308 1613 432 1672; x_wconf 90' lang='lat' dir='ltr'>domine</span> <span class='ocrx_word' id='word_1_85' title='bbox 449 1614 604 1672; x_wconf 89' lang='lat' dir='ltr'>Dorothee</span> <span class='ocrx_word' id='word_1_86' title='bbox 619 1611 687 1689; x_wconf 90' lang='lat' dir='ltr'>jure</span> <span class='ocrx_word' id='word_1_87' title='bbox 705 1611 893 1671; x_wconf 90' lang='lat' dir='ltr'>hereditario</span> <span class='ocrx_word' id='word_1_88' title='bbox 911 1612 997 1670; x_wconf 87' lang='lat' dir='ltr'>iuxta</span> <span class='ocrx_word' id='word_1_89' title='bbox 1019 1612 1118 1686; x_wconf 88' lang='lat' dir='ltr'>ipsius</span> <span class='ocrx_word' id='word_1_90' title='bbox 1141 1612 1275 1671; x_wconf 88' lang='lat' dir='ltr'>civitatis</span> <span class='ocrx_word' id='word_1_91' title='bbox 1299 1615 1459 1687; x_wconf 90' lang='lat' dir='ltr'>antiquam</span> 
     </span>
     <span class='ocr_line' id='line_1_11' title="bbox 194 1719 1459 1793; baseline 0.001 -17"><span class='ocrx_word' id='word_1_92' title='bbox 194 1724 223 1777; x_wconf 91' lang='lat' dir='ltr'>et</span> <span class='ocrx_word' id='word_1_93' title='bbox 247 1720 477 1793; x_wconf 81' lang='lat' dir='ltr'>privilegiatam</span> <span class='ocrx_word' id='word_1_94' title='bbox 501 1721 679 1778; x_wconf 89' lang='lat' dir='ltr'>libertatem</span> <span class='ocrx_word' id='word_1_95' title='bbox 702 1720 760 1777; x_wconf 91' lang='lat' dir='ltr'>rite</span> <span class='ocrx_word' id='word_1_96' title='bbox 783 1725 813 1776; x_wconf 88' lang='lat' dir='ltr'>et</span> <span class='ocrx_word' id='word_1_97' title='bbox 837 1719 988 1791; x_wconf 81' lang='lat' dir='ltr'>legittime</span> <span class='ocrx_word' id='word_1_98' title='bbox 1012 1723 1255 1790; x_wconf 88' lang='lat' dir='ltr'>concementem,</span> <span class='ocrx_word' id='word_1_99' title='bbox 1279 1725 1373 1793; x_wconf 91' lang='lat' dir='ltr'>prout</span> <span class='ocrx_word' id='word_1_100' title='bbox 1396 1721 1459 1778; x_wconf 88' lang='lat' dir='ltr'>hoc</span> 
     </span>
     <span class='ocr_line' id='line_1_12' title="bbox 193 1823 1461 1899; baseline 0 -16"><span class='ocrx_word' id='word_1_101' title='bbox 193 1826 225 1883; x_wconf 90' lang='lat' dir='ltr'>in</span> <span class='ocrx_word' id='word_1_102' title='bbox 248 1827 405 1899; x_wconf 86' lang='lat' dir='ltr'>prioribus</span> <span class='ocrx_word' id='word_1_103' title='bbox 438 1827 549 1885; x_wconf 90' lang='lat' dir='ltr'>litteris</span> <span class='ocrx_word' id='word_1_104' title='bbox 579 1826 692 1884; x_wconf 86' lang='lat' dir='ltr'>nostris</span> <span class='ocrx_word' id='word_1_105' title='bbox 712 1841 765 1883; x_wconf 91' lang='lat' dir='ltr'>seu</span> <span class='ocrx_word' id='word_1_106' title='bbox 787 1824 920 1882; x_wconf 90' lang='lat' dir='ltr'>civitatis</span> <span class='ocrx_word' id='word_1_107' title='bbox 944 1823 1082 1898; x_wconf 86' lang='lat' dir='ltr'>predicte</span> <span class='ocrx_word' id='word_1_108' title='bbox 1105 1824 1366 1898; x_wconf 85' lang='lat' dir='ltr'>privilegialibus</span> <span class='ocrx_word' id='word_1_109' title='bbox 1384 1827 1461 1883; x_wconf 92' lang='lat' dir='ltr'>anti·</span> 
     </span>
     <span class='ocr_line' id='line_1_13' title="bbox 195 1930 1460 2006; baseline -0.002 -16"><span class='ocrx_word' id='word_1_110' title='bbox 195 1932 264 2004; x_wconf 89' lang='lat' dir='ltr'>quis</span> <span class='ocrx_word' id='word_1_111' title='bbox 288 1947 347 2006; x_wconf 91' lang='lat' dir='ltr'>pro</span> <span class='ocrx_word' id='word_1_112' title='bbox 367 1938 456 2006; x_wconf 90' lang='lat' dir='ltr'>parte</span> <span class='ocrx_word' id='word_1_113' title='bbox 479 1933 620 2006; x_wconf 91' lang='lat' dir='ltr'>ipsorum</span> <span class='ocrx_word' id='word_1_114' title='bbox 644 1930 777 1990; x_wconf 86' lang='lat' dir='ltr'>condam</span> <span class='ocrx_word' id='word_1_115' title='bbox 809 1931 925 1989; x_wconf 89' lang='lat' dir='ltr'>Mathie</span> <span class='ocrx_word' id='word_1_116' title='bbox 947 1931 1075 1988; x_wconf 90' lang='lat' dir='ltr'>sartoris</span> <span class='ocrx_word' id='word_1_117' title='bbox 1099 1935 1129 1988; x_wconf 93' lang='lat' dir='ltr'>et</span> <span class='ocrx_word' id='word_1_118' title='bbox 1153 1931 1276 1988; x_wconf 88' lang='lat' dir='ltr'>Andree</span> <span class='ocrx_word' id='word_1_119' title='bbox 1299 1930 1460 2005; x_wconf 92' lang='lat' dir='ltr'>supradic-</span> 
     </span>
     <span class='ocr_line' id='line_1_14' title="bbox 194 2037 1460 2114; baseline -0.001 -18"><span class='ocrx_word' id='word_1_120' title='bbox 194 2044 298 2096; x_wconf 91' lang='lat' dir='ltr'>torum</span> <span class='ocrx_word' id='word_1_121' title='bbox 321 2039 486 2114; x_wconf 87' lang='lat' dir='ltr'>superinde</span> <span class='ocrx_word' id='word_1_122' title='bbox 509 2038 654 2098; x_wconf 83' lang='lat' dir='ltr'>consectis</span> <span class='ocrx_word' id='word_1_123' title='bbox 678 2045 708 2095; x_wconf 92' lang='lat' dir='ltr'>et</span> <span class='ocrx_word' id='word_1_124' title='bbox 738 2038 886 2095; x_wconf 88' lang='lat' dir='ltr'>emanatis</span> <span class='ocrx_word' id='word_1_125' title='bbox 909 2051 944 2094; x_wconf 90' lang='lat' dir='ltr'>ac</span> <span class='ocrx_word' id='word_1_126' title='bbox 967 2051 1073 2094; x_wconf 90' lang='lat' dir='ltr'>coram</span> <span class='ocrx_word' id='word_1_127' title='bbox 1096 2037 1186 2095; x_wconf 89' lang='lat' dir='ltr'>nobis</span> <span class='ocrx_word' id='word_1_128' title='bbox 1205 2037 1240 2094; x_wconf 90' lang='lat' dir='ltr'>in</span> <span class='ocrx_word' id='word_1_129' title='bbox 1263 2037 1365 2111; x_wconf 91' lang='lat' dir='ltr'>specie</span> <span class='ocrx_word' id='word_1_130' title='bbox 1389 2052 1460 2111; x_wconf 91' lang='lat' dir='ltr'>pro-</span> 
     </span>
     <span class='ocr_line' id='line_1_15' title="bbox 195 2143 1456 2218; baseline -0.001 -17"><span class='ocrx_word' id='word_1_131' title='bbox 195 2145 295 2202; x_wconf 91' lang='lat' dir='ltr'>ductis</span> <span class='ocrx_word' id='word_1_132' title='bbox 318 2150 348 2202; x_wconf 91' lang='lat' dir='ltr'>et</span> <span class='ocrx_word' id='word_1_133' title='bbox 372 2145 588 2203; x_wconf 89' lang='lat' dir='ltr'>demonstratis</span> <span class='ocrx_word' id='word_1_134' title='bbox 610 2157 756 2218; x_wconf 86' lang='lat' dir='ltr'>expresse</span> <span class='ocrx_word' id='word_1_135' title='bbox 779 2143 916 2201; x_wconf 90' lang='lat' dir='ltr'>vidimus</span> <span class='ocrx_word' id='word_1_136' title='bbox 939 2144 1088 2202; x_wconf 90' lang='lat' dir='ltr'>contineri</span> <span class='ocrx_word' id='word_1_137' title='bbox 1112 2143 1243 2214; x_wconf 89' lang='lat' dir='ltr'>oculata,</span> <span class='ocrx_word' id='word_1_138' title='bbox 1267 2143 1362 2201; x_wconf 91' lang='lat' dir='ltr'>simul</span> <span class='ocrx_word' id='word_1_139' title='bbox 1385 2158 1456 2200; x_wconf 92' lang='lat' dir='ltr'>cum</span> 
     </span>
     <span class='ocr_line' id='line_1_16' title="bbox 195 2237 1460 2321; baseline -0.002 -12"><span class='ocrx_word' id='word_1_140' title='bbox 195 2252 340 2310; x_wconf 88' lang='lat' dir='ltr'>omnibus</span> <span class='ocrx_word' id='word_1_141' title='bbox 363 2251 501 2311; x_wconf 90' lang='lat' dir='ltr'>eiusdem</span> <span class='ocrx_word' id='word_1_142' title='bbox 526 2252 630 2310; x_wconf 88' lang='lat' dir='ltr'>totalis</span> <span class='ocrx_word' id='word_1_143' title='bbox 648 2257 727 2308; x_wconf 90' lang='lat' dir='ltr'>terre</span> <span class='ocrx_word' id='word_1_144' title='bbox 750 2249 904 2321; x_wconf 90' lang='lat' dir='ltr'>arrabilis,</span> <span class='ocrx_word' id='word_1_145' title='bbox 920 2255 953 2307; x_wconf 90' lang='lat' dir='ltr'>ut</span> <span class='ocrx_word' id='word_1_146' title='bbox 977 2237 1098 2321; x_wconf 84' lang='lat' dir='ltr'>dicitur,</span> <span class='ocrx_word' id='word_1_147' title='bbox 1123 2249 1271 2308; x_wconf 87' lang='lat' dir='ltr'>tredecim</span> <span class='ocrx_word' id='word_1_148' title='bbox 1294 2248 1460 2320; x_wconf 90' lang='lat' dir='ltr'>dietarum,</span> 
     </span>
     <span class='ocr_line' id='line_1_17' title="bbox 195 2355 1459 2434; baseline -0.002 -19"><span class='ocrx_word' id='word_1_149' title='bbox 195 2357 391 2432; x_wconf 88' lang='lat' dir='ltr'>utilitatibus,</span> <span class='ocrx_word' id='word_1_150' title='bbox 414 2357 543 2434; x_wconf 86' lang='lat' dir='ltr'>juribus,</span> <span class='ocrx_word' id='word_1_151' title='bbox 557 2358 673 2429; x_wconf 89' lang='lat' dir='ltr'>usibus,</span> <span class='ocrx_word' id='word_1_152' title='bbox 690 2356 918 2429; x_wconf 85' lang='lat' dir='ltr'>integritatibus</span> <span class='ocrx_word' id='word_1_153' title='bbox 934 2363 964 2414; x_wconf 94' lang='lat' dir='ltr'>et</span> <span class='ocrx_word' id='word_1_154' title='bbox 987 2355 1183 2430; x_wconf 84' lang='lat' dir='ltr'>pertinenciis</span> <span class='ocrx_word' id='word_1_155' title='bbox 1205 2356 1366 2429; x_wconf 89' lang='lat' dir='ltr'>universis,</span> <span class='ocrx_word' id='word_1_156' title='bbox 1384 2355 1459 2414; x_wconf 89' lang='lat' dir='ltr'>viris</span> 
     </span>
     <span class='ocr_line' id='line_1_18' title="bbox 196 2460 1462 2537; baseline -0.002 -15"><span class='ocrx_word' id='word_1_157' title='bbox 196 2464 337 2537; x_wconf 90' lang='lat' dir='ltr'>providis</span> <span class='ocrx_word' id='word_1_158' title='bbox 367 2471 397 2523; x_wconf 91' lang='lat' dir='ltr'>et</span> <span class='ocrx_word' id='word_1_159' title='bbox 428 2465 564 2524; x_wconf 86' lang='lat' dir='ltr'>honestis</span> <span class='ocrx_word' id='word_1_160' title='bbox 594 2463 726 2521; x_wconf 86' lang='lat' dir='ltr'>Martino</span> <span class='ocrx_word' id='word_1_161' title='bbox 758 2462 870 2520; x_wconf 90' lang='lat' dir='ltr'>sartori</span> <span class='ocrx_word' id='word_1_162' title='bbox 900 2461 1024 2534; x_wconf 88' lang='lat' dir='ltr'>Radlyn</span> <span class='ocrx_word' id='word_1_163' title='bbox 1056 2462 1147 2534; x_wconf 91' lang='lat' dir='ltr'>dicto,</span> <span class='ocrx_word' id='word_1_164' title='bbox 1170 2462 1284 2520; x_wconf 90' lang='lat' dir='ltr'>seniori</span> <span class='ocrx_word' id='word_1_165' title='bbox 1306 2460 1407 2536; x_wconf 89' lang='lat' dir='ltr'>jurato</span> <span class='ocrx_word' id='word_1_166' title='bbox 1431 2469 1462 2520; x_wconf 90' lang='lat' dir='ltr'>et</span> 
     </span>
     <span class='ocr_line' id='line_1_19' title="bbox 196 2566 1462 2642; baseline -0.003 -12"><span class='ocrx_word' id='word_1_167' title='bbox 196 2572 317 2631; x_wconf 91' lang='lat' dir='ltr'>concivi</span> <span class='ocrx_word' id='word_1_168' title='bbox 340 2577 445 2631; x_wconf 91' lang='lat' dir='ltr'>nostro</span> <span class='ocrx_word' id='word_1_169' title='bbox 469 2577 500 2630; x_wconf 90' lang='lat' dir='ltr'>et</span> <span class='ocrx_word' id='word_1_170' title='bbox 521 2571 596 2642; x_wconf 84' lang='lat' dir='ltr'>Ehe,</span> <span class='ocrx_word' id='word_1_171' title='bbox 620 2569 709 2628; x_wconf 88' lang='lat' dir='ltr'>fratri</span> <span class='ocrx_word' id='word_1_172' title='bbox 740 2583 796 2627; x_wconf 93' lang='lat' dir='ltr'>suo</span> <span class='ocrx_word' id='word_1_173' title='bbox 827 2568 955 2642; x_wconf 89' lang='lat' dir='ltr'>carnali,</span> <span class='ocrx_word' id='word_1_174' title='bbox 990 2568 1066 2626; x_wconf 90' lang='lat' dir='ltr'>filiis</span> <span class='ocrx_word' id='word_1_175' title='bbox 1089 2566 1241 2626; x_wconf 87' lang='lat' dir='ltr'>Benkonis</span> <span class='ocrx_word' id='word_1_176' title='bbox 1266 2567 1398 2641; x_wconf 86' lang='lat' dir='ltr'>Kunych</span> <span class='ocrx_word' id='word_1_177' title='bbox 1423 2567 1462 2626; x_wconf 93' lang='lat' dir='ltr'>de</span> 
     </span>
     <span class='ocr_line' id='line_1_20' title="bbox 196 2672 1462 2751; baseline -0.004 -15"><span class='ocrx_word' id='word_1_178' title='bbox 196 2679 339 2738; x_wconf 87' lang='lat' dir='ltr'>Klohoch</span> <span class='ocrx_word' id='word_1_179' title='bbox 373 2693 409 2736; x_wconf 93' lang='lat' dir='ltr'>ac</span> <span class='ocrx_word' id='word_1_180' title='bbox 434 2693 492 2751; x_wconf 91' lang='lat' dir='ltr'>per</span> <span class='ocrx_word' id='word_1_181' title='bbox 522 2689 574 2734; x_wconf 90' lang='lat' dir='ltr'>eos</span> <span class='ocrx_word' id='word_1_182' title='bbox 605 2674 771 2734; x_wconf 90' lang='lat' dir='ltr'>heredibus</span> <span class='ocrx_word' id='word_1_183' title='bbox 804 2674 945 2747; x_wconf 90' lang='lat' dir='ltr'>ipsorum</span> <span class='ocrx_word' id='word_1_184' title='bbox 981 2689 1040 2749; x_wconf 91' lang='lat' dir='ltr'>pro</span> <span class='ocrx_word' id='word_1_185' title='bbox 1071 2673 1307 2747; x_wconf 89' lang='lat' dir='ltr'>quatuordecim</span> <span class='ocrx_word' id='word_1_186' title='bbox 1338 2672 1462 2732; x_wconf 85' lang='lat' dir='ltr'>florenis</span> 
     </span>
     <span class='ocr_line' id='line_1_21' title="bbox 196 2779 1462 2860; baseline -0.006 -16"><span class='ocrx_word' id='word_1_187' title='bbox 196 2787 264 2844; x_wconf 90' lang='lat' dir='ltr'>auri</span> <span class='ocrx_word' id='word_1_188' title='bbox 288 2801 345 2860; x_wconf 90' lang='lat' dir='ltr'>per</span> <span class='ocrx_word' id='word_1_189' title='bbox 367 2785 491 2843; x_wconf 87' lang='lat' dir='ltr'>eosdem</span> <span class='ocrx_word' id='word_1_190' title='bbox 512 2783 681 2842; x_wconf 88' lang='lat' dir='ltr'>Martinum</span> <span class='ocrx_word' id='word_1_191' title='bbox 703 2787 854 2839; x_wconf 88' lang='lat' dir='ltr'>sartorem</span> <span class='ocrx_word' id='word_1_192' title='bbox 871 2787 901 2838; x_wconf 91' lang='lat' dir='ltr'>et</span> <span class='ocrx_word' id='word_1_193' title='bbox 923 2781 1024 2838; x_wconf 86' lang='lat' dir='ltr'>Etiam</span> <span class='ocrx_word' id='word_1_194' title='bbox 1048 2779 1169 2853; x_wconf 84' lang='lat' dir='ltr'>fratres,</span> <span class='ocrx_word' id='word_1_195' title='bbox 1192 2779 1313 2853; x_wconf 82' lang='lat' dir='ltr'>pretate</span> <span class='ocrx_word' id='word_1_196' title='bbox 1338 2779 1462 2838; x_wconf 90' lang='lat' dir='ltr'>domine</span> 
     </span>
     <span class='ocr_line' id='line_1_22' title="bbox 196 2884 1462 2966; baseline -0.009 -15"><span class='ocrx_word' id='word_1_197' title='bbox 196 2893 361 2963; x_wconf 88' lang='lat' dir='ltr'>Dorothee,</span> <span class='ocrx_word' id='word_1_198' title='bbox 384 2898 478 2966; x_wconf 92' lang='lat' dir='ltr'>prout</span> <span class='ocrx_word' id='word_1_199' title='bbox 510 2892 644 2965; x_wconf 89' lang='lat' dir='ltr'>ipsamet</span> <span class='ocrx_word' id='word_1_200' title='bbox 669 2888 760 2946; x_wconf 89' lang='lat' dir='ltr'>nobis</span> <span class='ocrx_word' id='word_1_201' title='bbox 790 2887 896 2946; x_wconf 87' lang='lat' dir='ltr'>retulit</span> <span class='ocrx_word' id='word_1_202' title='bbox 917 2885 982 2962; x_wconf 86' lang='lat' dir='ltr'>jam</span> <span class='ocrx_word' id='word_1_203' title='bbox 1006 2887 1097 2960; x_wconf 90' lang='lat' dir='ltr'>plene</span> <span class='ocrx_word' id='word_1_204' title='bbox 1121 2885 1201 2946; x_wconf 90' lang='lat' dir='ltr'>datis</span> <span class='ocrx_word' id='word_1_205' title='bbox 1224 2891 1256 2944; x_wconf 89' lang='lat' dir='ltr'>et</span> <span class='ocrx_word' id='word_1_206' title='bbox 1286 2884 1462 2958; x_wconf 88' lang='lat' dir='ltr'>persolutis,</span> 
     </span>
     <span class='ocr_line' id='line_1_23' title="bbox 197 2979 1461 3066; baseline -0.008 -10"><span class='ocrx_word' id='word_1_207' title='bbox 197 2999 352 3058; x_wconf 90' lang='lat' dir='ltr'>vendisset</span> <span class='ocrx_word' id='word_1_208' title='bbox 382 3002 413 3056; x_wconf 92' lang='lat' dir='ltr'>et</span> <span class='ocrx_word' id='word_1_209' title='bbox 443 2979 634 3066; x_wconf 68' lang='lat' dir='ltr'>contulisset,⁰</span> <span class='ocrx_word' id='word_1_210' title='bbox 663 2996 759 3053; x_wconf 92' lang='lat' dir='ltr'>immo</span> <span class='ocrx_word' id='word_1_211' title='bbox 791 3010 829 3051; x_wconf 86' lang='lat' dir='ltr'>ex</span> <span class='ocrx_word' id='word_1_212' title='bbox 859 3008 1008 3051; x_wconf 89' lang='lat' dir='ltr'>consensu</span> <span class='ocrx_word' id='word_1_213' title='bbox 1039 2993 1213 3050; x_wconf 89' lang='lat' dir='ltr'>vicinorum</span> <span class='ocrx_word' id='word_1_214' title='bbox 1248 2989 1461 3064; x_wconf 89' lang='lat' dir='ltr'>predictorum</span> 
     </span>
     <span class='ocr_line' id='line_1_24' title="bbox 197 3093 1461 3177; baseline -0.009 -13"><span class='ocrx_word' id='word_1_215' title='bbox 197 3106 337 3165; x_wconf 90' lang='lat' dir='ltr'>vendidit</span> <span class='ocrx_word' id='word_1_216' title='bbox 358 3111 388 3163; x_wconf 93' lang='lat' dir='ltr'>et</span> <span class='ocrx_word' id='word_1_217' title='bbox 403 3105 533 3162; x_wconf 90' lang='lat' dir='ltr'>contulit</span> <span class='ocrx_word' id='word_1_218' title='bbox 545 3118 650 3161; x_wconf 89' lang='lat' dir='ltr'>coram</span> <span class='ocrx_word' id='word_1_219' title='bbox 673 3101 763 3160; x_wconf 91' lang='lat' dir='ltr'>nobis</span> <span class='ocrx_word' id='word_1_220' title='bbox 774 3099 841 3177; x_wconf 86' lang='lat' dir='ltr'>jure</span> <span class='ocrx_word' id='word_1_221' title='bbox 865 3106 1015 3173; x_wconf 91' lang='lat' dir='ltr'>perpetuo</span> <span class='ocrx_word' id='word_1_222' title='bbox 1034 3097 1272 3157; x_wconf 87' lang='lat' dir='ltr'>etirrevocabili</span> <span class='ocrx_word' id='word_1_223' title='bbox 1284 3093 1461 3167; x_wconf 88' lang='lat' dir='ltr'>tenendam,</span> 
     </span>
     <span class='ocr_line' id='line_1_25' title="bbox 198 3201 1463 3286; baseline -0.008 -18"><span class='ocrx_word' id='word_1_224' title='bbox 198 3210 428 3286; x_wconf 90' lang='lat' dir='ltr'>possidendam,</span> <span class='ocrx_word' id='word_1_225' title='bbox 459 3211 576 3282; x_wconf 90' lang='lat' dir='ltr'>pariter</span> <span class='ocrx_word' id='word_1_226' title='bbox 614 3215 644 3266; x_wconf 89' lang='lat' dir='ltr'>et</span> <span class='ocrx_word' id='word_1_227' title='bbox 677 3206 854 3265; x_wconf 90' lang='lat' dir='ltr'>habendam</span> <span class='ocrx_word' id='word_1_228' title='bbox 894 3220 930 3262; x_wconf 89' lang='lat' dir='ltr'>ac</span> <span class='ocrx_word' id='word_1_229' title='bbox 957 3203 1043 3280; x_wconf 86' lang='lat' dir='ltr'>juxta</span> <span class='ocrx_word' id='word_1_230' title='bbox 1078 3203 1291 3262; x_wconf 90' lang='lat' dir='ltr'>condicionem</span> <span class='ocrx_word' id='word_1_231' title='bbox 1329 3201 1463 3259; x_wconf 88' lang='lat' dir='ltr'>civitatis</span> 
     </span>
     <span class='ocr_line' id='line_1_26' title="bbox 198 3308 1462 3392; baseline -0.009 -16"><span class='ocrx_word' id='word_1_232' title='bbox 198 3323 359 3392; x_wconf 89' lang='lat' dir='ltr'>prenotate</span> <span class='ocrx_word' id='word_1_233' title='bbox 393 3317 434 3374; x_wconf 90' lang='lat' dir='ltr'>ab</span> <span class='ocrx_word' id='word_1_234' title='bbox 467 3317 595 3389; x_wconf 90' lang='lat' dir='ltr'>antiquo</span> <span class='ocrx_word' id='word_1_235' title='bbox 626 3314 863 3390; x_wconf 87' lang='lat' dir='ltr'>privilegialiter</span> <span class='ocrx_word' id='word_1_236' title='bbox 898 3311 1134 3385; x_wconf 89' lang='lat' dir='ltr'>comprobatam</span> <span class='ocrx_word' id='word_1_237' title='bbox 1166 3308 1462 3383; x_wconf 88' lang='lat' dir='ltr'>quomodocumque</span> 
     </span>
     <span class='ocr_line' id='line_1_27' title="bbox 198 3412 1463 3496; baseline -0.01 -14"><span class='ocrx_word' id='word_1_238' title='bbox 198 3425 355 3483; x_wconf 86' lang='lat' dir='ltr'>voluerint</span> <span class='ocrx_word' id='word_1_239' title='bbox 391 3421 627 3496; x_wconf 88' lang='lat' dir='ltr'>disponendam.</span> <span class='ocrx_word' id='word_1_240' title='bbox 658 3422 811 3493; x_wconf 87' lang='lat' dir='ltr'>Antiquas</span> <span class='ocrx_word' id='word_1_241' title='bbox 847 3433 971 3492; x_wconf 89' lang='lat' dir='ltr'>quoque</span> <span class='ocrx_word' id='word_1_242' title='bbox 1005 3418 1124 3474; x_wconf 90' lang='lat' dir='ltr'>litteras</span> <span class='ocrx_word' id='word_1_243' title='bbox 1155 3415 1315 3474; x_wconf 90' lang='lat' dir='ltr'>universas</span> <span class='ocrx_word' id='word_1_244' title='bbox 1346 3412 1463 3470; x_wconf 86' lang='lat' dir='ltr'>factum</span> 
     </span>
     <span class='ocr_line' id='line_1_28' title="bbox 198 3521 1464 3606; baseline -0.01 -17"><span class='ocrx_word' id='word_1_245' title='bbox 198 3532 337 3606; x_wconf 85' lang='lat' dir='ltr'>predicte</span> <span class='ocrx_word' id='word_1_246' title='bbox 360 3539 441 3589; x_wconf 86' lang='lat' dir='ltr'>terre</span> <span class='ocrx_word' id='word_1_247' title='bbox 465 3534 634 3602; x_wconf 86' lang='lat' dir='ltr'>tangentes,</span> <span class='ocrx_word' id='word_1_248' title='bbox 658 3544 718 3601; x_wconf 92' lang='lat' dir='ltr'>que</span> <span class='ocrx_word' id='word_1_249' title='bbox 748 3525 943 3600; x_wconf 88' lang='lat' dir='ltr'>presentibus</span> <span class='ocrx_word' id='word_1_250' title='bbox 967 3524 1067 3583; x_wconf 87' lang='lat' dir='ltr'>lorent</span> <span class='ocrx_word' id='word_1_251' title='bbox 1090 3521 1251 3594; x_wconf 89' lang='lat' dir='ltr'>contrarie,</span> <span class='ocrx_word' id='word_1_252' title='bbox 1274 3521 1355 3579; x_wconf 90' lang='lat' dir='ltr'>siin</span> <span class='ocrx_word' id='word_1_253' title='bbox 1393 3534 1464 3577; x_wconf 91' lang='lat' dir='ltr'>con·</span> 
     </span>
     <span class='ocr_line' id='line_1_29' title="bbox 198 3625 1464 3710; baseline -0.011 -13"><span class='ocrx_word' id='word_1_254' title='bbox 198 3639 328 3697; x_wconf 91' lang='lat' dir='ltr'>trarium</span> <span class='ocrx_word' id='word_1_255' title='bbox 352 3637 547 3710; x_wconf 90' lang='lat' dir='ltr'>presencium</span> <span class='ocrx_word' id='word_1_256' title='bbox 569 3652 626 3710; x_wconf 87' lang='lat' dir='ltr'>per</span> <span class='ocrx_word' id='word_1_257' title='bbox 649 3634 829 3707; x_wconf 90' lang='lat' dir='ltr'>quempiam</span> <span class='ocrx_word' id='word_1_258' title='bbox 846 3636 875 3689; x_wconf 90' lang='lat' dir='ltr'>et</span> <span class='ocrx_word' id='word_1_259' title='bbox 891 3631 1001 3704; x_wconf 90' lang='lat' dir='ltr'>quovis</span> <span class='ocrx_word' id='word_1_260' title='bbox 1017 3635 1195 3703; x_wconf 89' lang='lat' dir='ltr'>temporum</span> <span class='ocrx_word' id='word_1_261' title='bbox 1219 3628 1250 3686; x_wconf 90' lang='lat' dir='ltr'>in</span> <span class='ocrx_word' id='word_1_262' title='bbox 1268 3641 1416 3701; x_wconf 91' lang='lat' dir='ltr'>processu</span> <span class='ocrx_word' id='word_1_263' title='bbox 1431 3625 1464 3683; x_wconf 94' lang='lat' dir='ltr'>in</span> 
     </span>
     <span class='ocr_line' id='line_1_30' title="bbox 199 3733 1463 3818; baseline -0.01 -18"><span class='ocrx_word' id='word_1_264' title='bbox 199 3744 298 3803; x_wconf 92' lang='lat' dir='ltr'>lucem</span> <span class='ocrx_word' id='word_1_265' title='bbox 319 3743 565 3818; x_wconf 87' lang='lat' dir='ltr'>producerentur</span> <span class='ocrx_word' id='word_1_266' title='bbox 578 3756 687 3812; x_wconf 86' lang='lat' dir='ltr'>cassas,</span> <span class='ocrx_word' id='word_1_267' title='bbox 700 3745 840 3797; x_wconf 90' lang='lat' dir='ltr'>mortuas</span> <span class='ocrx_word' id='word_1_268' title='bbox 864 3737 1078 3795; x_wconf 90' lang='lat' dir='ltr'>commisimus</span> <span class='ocrx_word' id='word_1_269' title='bbox 1103 3741 1133 3792; x_wconf 90' lang='lat' dir='ltr'>et</span> <span class='ocrx_word' id='word_1_270' title='bbox 1158 3734 1278 3792; x_wconf 90' lang='lat' dir='ltr'>viribus</span> <span class='ocrx_word' id='word_1_271' title='bbox 1301 3733 1463 3802; x_wconf 87' lang='lat' dir='ltr'>carituras,</span> 
     </span>
     <span class='ocr_line' id='line_1_31' title="bbox 198 3839 1463 3926; baseline -0.013 -16"><span class='ocrx_word' id='word_1_272' title='bbox 198 3867 234 3910; x_wconf 88' lang='lat' dir='ltr'>ac</span> <span class='ocrx_word' id='word_1_273' title='bbox 268 3853 406 3926; x_wconf 88' lang='lat' dir='ltr'>ipsarum</span> <span class='ocrx_word' id='word_1_274' title='bbox 441 3848 668 3908; x_wconf 82' lang='lat' dir='ltr'>exhibitoribus</span> <span class='ocrx_word' id='word_1_275' title='bbox 701 3845 864 3904; x_wconf 89' lang='lat' dir='ltr'>nocituras.</span> <span class='ocrx_word' id='word_1_276' title='bbox 897 3843 931 3900; x_wconf 94' lang='lat' dir='ltr'>In</span> <span class='ocrx_word' id='word_1_277' title='bbox 966 3843 1051 3900; x_wconf 89' lang='lat' dir='ltr'>cuius</span> <span class='ocrx_word' id='word_1_278' title='bbox 1075 3841 1119 3900; x_wconf 90' lang='lat' dir='ltr'>rei</span> <span class='ocrx_word' id='word_1_279' title='bbox 1152 3839 1336 3900; x_wconf 89' lang='lat' dir='ltr'>memoriam</span> <span class='ocrx_word' id='word_1_280' title='bbox 1368 3845 1463 3909; x_wconf 90' lang='lat' dir='ltr'>atque</span> 
     </span>
     <span class='ocr_line' id='line_1_32' title="bbox 199 3946 1465 4028; baseline -0.013 -12"><span class='ocrx_word' id='word_1_281' title='bbox 199 3958 418 4028; x_wconf 89' lang='lat' dir='ltr'>testimonium,</span> <span class='ocrx_word' id='word_1_282' title='bbox 453 3955 695 4026; x_wconf 90' lang='lat' dir='ltr'>firmitatemque</span> <span class='ocrx_word' id='word_1_283' title='bbox 725 3956 909 4025; x_wconf 90' lang='lat' dir='ltr'>perpetuam</span> <span class='ocrx_word' id='word_1_284' title='bbox 942 3948 1138 4022; x_wconf 89' lang='lat' dir='ltr'>presentibus</span> <span class='ocrx_word' id='word_1_285' title='bbox 1161 3946 1301 4018; x_wconf 86' lang='lat' dir='ltr'>sigillum</span> <span class='ocrx_word' id='word_1_286' title='bbox 1323 3951 1465 4001; x_wconf 91' lang='lat' dir='ltr'>nostrum</span> 
     </span>
     <span class='ocr_line' id='line_1_33' title="bbox 199 4049 1464 4134; baseline -0.011 -12"><span class='ocrx_word' id='word_1_287' title='bbox 199 4079 364 4122; x_wconf 89' lang='lat' dir='ltr'>commune</span> <span class='ocrx_word' id='word_1_288' title='bbox 395 4061 541 4119; x_wconf 89' lang='lat' dir='ltr'>duximus</span> <span class='ocrx_word' id='word_1_289' title='bbox 569 4055 816 4134; x_wconf 90' lang='lat' dir='ltr'>appendendum.</span> <span class='ocrx_word' id='word_1_290' title='bbox 848 4055 965 4112; x_wconf 88' lang='lat' dir='ltr'>Datum</span> <span class='ocrx_word' id='word_1_291' title='bbox 989 4053 1066 4110; x_wconf 83' lang='lat' dir='ltr'>feria</span> <span class='ocrx_word' id='word_1_292' title='bbox 1096 4051 1229 4109; x_wconf 91' lang='lat' dir='ltr'>secunda</span> <span class='ocrx_word' id='word_1_293' title='bbox 1253 4055 1323 4108; x_wconf 86' lang='lat' dir='ltr'>ante</span> <span class='ocrx_word' id='word_1_294' title='bbox 1347 4049 1464 4108; x_wconf 84' lang='lat' dir='ltr'>festum</span> 
     </span>
     <span class='ocr_line' id='line_1_34' title="bbox 199 4154 1464 4229; baseline -0.013 -2"><span class='ocrx_word' id='word_1_295' title='bbox 199 4170 282 4227; x_wconf 88' lang='lat' dir='ltr'>beati</span> <span class='ocrx_word' id='word_1_296' title='bbox 312 4167 474 4225; x_wconf 90' lang='lat' dir='ltr'>Laurencii</span> <span class='ocrx_word' id='word_1_297' title='bbox 506 4165 650 4223; x_wconf 88' lang='lat' dir='ltr'>martiris.</span> <span class='ocrx_word' id='word_1_298' title='bbox 683 4165 771 4220; x_wconf 86' lang='lat' dir='ltr'>Anno</span> <span class='ocrx_word' id='word_1_299' title='bbox 803 4159 922 4218; x_wconf 90' lang='lat' dir='ltr'>domini</span> <span class='ocrx_word' id='word_1_300' title='bbox 956 4158 1125 4217; x_wconf 91' lang='lat' dir='ltr'>millesimo</span> <span class='ocrx_word' id='word_1_301' title='bbox 1158 4154 1464 4229; x_wconf 87' lang='lat' dir='ltr'>quadringentesimo</span> 
     </span>
    </p>
   </div>
   <div class='ocr_carea' id='block_1_3' title="bbox 198 4274 408 4347">
    <p class='ocr_par' dir='ltr' id='par_1_3' title="bbox 198 4274 408 4347">
     <span class='ocr_line' id='line_1_35' title="bbox 198 4274 408 4347; baseline -0.014 -14"><span class='ocrx_word' id='word_1_302' title='bbox 198 4274 408 4347; x_wconf 91' lang='lat' dir='ltr'>nonagesimo.</span> 
     </span>
    </p>
   </div>
   <div class='ocr_carea' id='block_1_4' title="bbox 200 4518 1464 4689">
    <p class='ocr_par' dir='ltr' id='par_1_4' title="bbox 200 4518 1464 4689">
     <span class='ocr_line' id='line_1_36' title="bbox 305 4518 1464 4597; baseline -0.011 -15"><span class='ocrx_word' id='word_1_303' title='bbox 305 4530 440 4597; x_wconf 84' lang='lat' dir='ltr'>Originale</span> <span class='ocrx_word' id='word_1_304' title='bbox 457 4532 485 4580; x_wconf 90' lang='lat' dir='ltr'>in</span> <span class='ocrx_word' id='word_1_305' title='bbox 503 4529 657 4580; x_wconf 84' lang='lat' dir='ltr'>membrana.</span> <span class='ocrx_word' id='word_1_306' title='bbox 678 4529 706 4578; x_wconf 82' lang='lat' dir='ltr'>A</span> <span class='ocrx_word' id='word_1_307' title='bbox 725 4535 797 4592; x_wconf 88' lang='lat' dir='ltr'>tergo</span> <span class='ocrx_word' id='word_1_308' title='bbox 816 4527 954 4591; x_wconf 85' lang='lat' dir='ltr'>vestigium</span> <span class='ocrx_word' id='word_1_309' title='bbox 972 4525 1092 4590; x_wconf 89' lang='lat' dir='ltr'>impressi</span> <span class='ocrx_word' id='word_1_310' title='bbox 1112 4521 1202 4588; x_wconf 82' lang='lat' dir='ltr'>sigilli.</span> <span class='ocrx_word' id='word_1_311' title='bbox 1233 4523 1266 4571; x_wconf 86' lang='lat' dir='ltr'>In</span> <span class='ocrx_word' id='word_1_312' title='bbox 1284 4519 1399 4569; x_wconf 88' lang='lat' dir='ltr'>archivio</span> <span class='ocrx_word' id='word_1_313' title='bbox 1417 4518 1464 4569; x_wconf 87' lang='lat' dir='ltr'>lib.</span> 
     </span>
     <span class='ocr_line' id='line_1_37' title="bbox 200 4619 462 4689; baseline -0.008 -16"><span class='ocrx_word' id='word_1_314' title='bbox 200 4640 252 4688; x_wconf 84' lang='lat' dir='ltr'>reg.</span> <span class='ocrx_word' id='word_1_315' title='bbox 272 4619 462 4689; x_wconf 55' lang='lat' dir='ltr'>civitszagrab.</span> 
     </span>
    </p>
   </div>
   <div class='ocr_carea' id='block_1_5' title="bbox 0 0 1920 5858">
    <p class='ocr_par' dir='ltr' id='par_1_5' title="bbox 0 0 1920 5858">
     <span class='ocr_line' id='line_1_38' title="bbox 0 0 1920 5858; baseline 0 0"><span class='ocrx_word' id='word_1_316' title='bbox 0 0 1920 5858; x_wconf 95' lang='lat' dir='ltr'> </span> 
     </span>
    </p>
   </div>
  </div>
 </body>
</html>
