3932 5806
666 568 738 626 Doc.
763 561 837 627 186.
862 562 931 642 187.
956 599 996 612 —
1021 565 1078 626 Am
1102 576 1189 645 1457.

885 775 967 846 186.

397 919 478 970 Anno
500 931 574 985 1457,
594 919 618 973 8.
635 921 754 984 januarii.
775 919 871 972 Cileae.

298 1045 472 1118 Camarina,
501 1049 642 1107 emnitissa
679 1048 778 1118 ciliae,
810 1048 1006 1106 communitati
1033 1047 1121 1106 mittit
1148 1047 1282 1121 legatum,
1311 1047 1365 1122 qui
1388 1044 1474 1104 iubet
1494 1045 1558 1104 eius

851 1154 1002 1212 mandata.

396 1300 566 1360 Katherina
588 1300 638 1360 dei
660 1301 773 1376 gracia,
792 1299 901 1359 relicta
923 1299 1082 1375 quondam
1104 1299 1236 1360 illustris
1259 1296 1409 1372 principis
1433 1295 1553 1354 domini

294 1405 402 1480 Vlrici,
426 1405 514 1480 Cilie,
538 1406 755 1480 Ortemburge,
772 1407 962 1482 Zagorieque
985 1411 1043 1466 etc.
1070 1405 1199 1466 comitis·
1223 1402 1351 1464 Providi
1373 1408 1403 1461 et
1426 1401 1556 1460 circum·

291 1513 391 1588 specii
412 1512 483 1586 viri,
506 1514 646 1572 benivoli
668 1517 699 1571 et
714 1512 824 1572 fideles
846 1515 954 1588 nostri,
978 1513 1130 1586 nobisque
1153 1511 1270 1570 sincere
1293 1509 1406 1570 dilecti.
1441 1508 1556 1582 Quem·

295 1617 468 1678 admodum
503 1635 520 1676 e
552 1619 656 1680 medio
688 1621 791 1694 vestri,
826 1621 883 1679 hos
912 1625 1023 1695 utputa
1056 1619 1254 1690 exhibitores,
1285 1616 1394 1676 fideles
1427 1620 1558 1684 nostros,

291 1725 433 1784 concives
454 1731 584 1798 vestros,
619 1726 651 1784 in
673 1727 764 1786 certis
786 1727 922 1799 negociis
945 1726 1057 1784 vestris
1081 1724 1121 1784 ad
1140 1739 1197 1784 nos
1231 1723 1384 1784 destinare
1418 1721 1556 1792 curastis,

291 1845 369 1904 quos
391 1831 531 1906 graciose
552 1831 731 1892 audivimus
754 1838 784 1892 et
807 1848 901 1908 super
922 1832 1133 1906 legaciouibus
1155 1833 1218 1890 suis
1241 1830 1415 1905 plenariam
1436 1827 1554 1886 eisdem

290 1937 477 2000 concivibus·
493 1939 603 1998 vestris
623 1937 767 1998 dedimus
798 1939 989 1999 relacionem
1011 1943 1042 1997 et
1063 1937 1202 1996 vicissim
1224 1936 1264 1995 ad
1287 1950 1345 1994 vos
1364 1949 1437 1994 cum
1460 1935 1555 2008 pleno

289 2058 439 2118 responso
460 2043 657 2117 remittimus,
691 2059 827 2120 quorum
862 2045 968 2104 verbis
1002 2043 1215 2103 omnimodam
1250 2041 1346 2102 fidem
1377 2042 1436 2100 hac
1468 2041 1499 2100 in
1522 2055 1556 2098 re

290 2147 473 2224 adhibeatis,
494 2151 525 2210 in
549 2165 586 2208 eo
609 2150 699 2210 nobis
715 2155 838 2224 gratam
864 2150 1132 2225 complacenciam
1154 2148 1314 2208 ostensuri.
1337 2147 1453 2206 Datum
1477 2145 1556 2204 Cilie

290 2254 340 2313 die
362 2255 516 2316 sabbatho
550 2256 695 2332 proximo
730 2263 801 2330 post
835 2257 1085 2332 Epiphaniamm
1116 2255 1242 2314 domini.
1278 2257 1368 2314 Anno
1392 2251 1555 2311 MCCCCL

294 2361 439 2437 septimo.

397 2487 439 2554 (A
458 2489 553 2554 tergo).
577 2485 721 2546 Providis
744 2491 775 2545 et
797 2487 1029 2562 circumspectis
1052 2486 1137 2558 viris,
1161 2484 1309 2544 fidelibus
1325 2484 1446 2554 nostris,
1467 2488 1555 2556 grate

291 2599 321 2652 et
342 2594 460 2654 sincere
492 2592 622 2664 dilectis,
656 2591 751 2651 iudici
782 2596 812 2649 et
847 2593 954 2650 iuratis
977 2608 1013 2650 ac
1048 2591 1240 2652 universitati
1273 2591 1390 2650 civium
1421 2588 1555 2648 civitatis

290 2704 394 2758 nostre
417 2698 531 2758 montis
555 2698 724 2758 Grecensis.

396 2851 529 2917 originale
548 2853 575 2902 in
592 2852 687 2903 charta.
707 2853 735 2901 A
754 2858 826 2916 tergo
845 2851 960 2917 sigillum
979 2852 1011 2901 de
1030 2867 1088 2901 cera
1106 2851 1189 2903 rubra.
1209 2851 1241 2900 In
1260 2851 1355 2902 archiv.
1374 2849 1421 2902 lib.
1439 2865 1491 2914 reg.
1506 2849 1554 2897 civ.

290 2941 474 3007 zagrabiensis.

884 3138 968 3208 18⁸1.

395 3279 476 3327 Anno
497 3291 572 3346 1457,
592 3291 633 3341 24.
653 3280 720 3330 maii.
740 3277 837 3332 Bonae.

290 3404 458 3478 Ladislous,
473 3407 652 3482 Hungorme
666 3415 713 3467 etc.
730 3426 792 3479 rex,
807 3409 925 3466 nunaut
936 3427 966 3467 se
979 3427 1074 3468 severe
1089 3409 1248 3479 mandasse,
1271 3415 1311 3488 ut*
1325 3410 1415 3466 turini
1438 3407 1553 3482 lapideo

286 3511 413 3587 „Popm
436 3513 542 3572 luren“
566 3515 724 3588 appellato,
748 3515 869 3588 olimque
890 3534 910 3572 a
939 3516 1044 3586 Ulm'co,
1073 3515 1164 3573 Ciliae
1185 3517 1289 3586 comite,
1313 3522 1458 3588 occupata,
1480 3533 1552 3572 com·

759 3623 898 3681 munitati
916 3622 1088 3683 redderetur.

995 3761 1149 3812 Commissio
1168 3763 1272 3828 propria
1288 3761 1387 3812 domini
1406 3761 1481 3825 regis.

394 3871 458 3930 Nos
481 3872 644 3932 Ladislaus
668 3873 718 3934 dei
741 3875 846 3947 gracia
868 3874 1036 3946 Hungarie,
1060 3872 1215 3944 Bohemie,
1238 3872 1409 3942 Dalmacie,
1426 3871 1553 3932 Croacie

289 3983 344 4036 etc.
368 3993 432 4049 rex,
457 3979 644 4062 Austrieque
668 3985 697 4036 et
721 3978 813 4038 Stirie
837 3979 912 4051 dux,
934 3993 1053 4038 necnon
1076 3978 1215 4036 marchio
1239 3979 1376 4037 Morauie
1400 3983 1454 4036 etc.
1490 3979 1553 4036 Me·

290 4084 388 4144 morie
411 4083 668 4144 commendamus
691 4091 796 4144 tenore
819 4085 1016 4160 presencium
1038 4082 1255 4158 significantes,
1277 4083 1390 4156 quibus
1425 4083 1551 4158 expedit

289 4189 450 4250 universis.
474 4188 566 4262 Quod
578 4195 681 4250 nostre
698 4191 866 4250 maiestatis
882 4191 1038 4250 venientes
1053 4189 1085 4248 in
1108 4193 1307 4263 conspectum
1330 4188 1440 4248 fideles
1455 4192 1553 4250 nostri

294 4295 487 4354 honorabilis
509 4295 654 4356 dominus
676 4297 766 4356 Vitus
790 4298 974 4372 prepositus,
998 4313 1034 4356 ac
1057 4296 1198 4369 magistri
1221 4295 1365 4356 Clemens
1401 4295 1440 4356 de
1467 4295 1551 4356 Gara

288 4406 319 4459 et
341 4401 478 4459 Thomas
494 4401 637 4478 Thompa
662 4402 700 4462 de
724 4404 886 4475 Horzowa,
905 4403 1043 4462 canonici
1066 4403 1194 4462 ecclesie
1217 4402 1432 4474 zagrabiensis,
1455 4403 1487 4462 in
1502 4418 1551 4462 su·

288 4521 379 4565 orum
403 4512 433 4564 et
456 4507 590 4566 aliorum
621 4509 838 4568 universorum
860 4510 1080 4568 canonicorum
1102 4525 1138 4567 ac
1172 4509 1270 4566 tocius
1308 4508 1437 4581 capituli
1470 4507 1552 4567 dicte

289 4612 419 4670 ecclesie
442 4613 649 4685 zagrabiensis
670 4615 850 4674 nominibus
873 4621 903 4673 et
926 4615 958 4674 in
977 4615 1119 4689 personis
1141 4615 1232 4672 nobis
1254 4629 1430 4688 proponere
1464 4629 1550 4673 cura·

288 4721 401 4776 verunt
423 4733 460 4776 eo
483 4717 590 4776 modo:
615 4720 774 4792 quomodo
805 4720 938 4779 condam
975 4721 1114 4779 illustres
1148 4719 1324 4778 Fridericus
1358 4723 1389 4776 et
1425 4719 1551 4779 Vlricus

289 4823 420 4880 comites
443 4821 522 4881 Cilie
545 4829 600 4883 etc.
632 4825 790 4899 quandam
824 4827 936 4885 turrim
970 4827 1113 4900 ipsorum
1147 4825 1306 4899 lapideam
1340 4826 1420 4884 intra
1443 4841 1550 4885 muros

287 4928 420 4987 civitatis
450 4931 657 5003 zagrabiensis
680 4937 897 5006 constructam,
920 4932 1134 5007 superioribus
1156 4932 1243 4990 annis
1265 4932 1306 4989 ab
1328 4931 1446 4990 eisdem
1462 4947 1550 4990 cano-

287 5035 363 5093 nicis
386 5042 415 5094 et
439 5035 579 5111 capitulo
602 5038 755 5098 violenter
778 5053 814 5098 ac
836 5053 931 5098 manu
965 5031 1109 5120 (potenti)
1143 5043 1249 5098 contra
1277 5037 1329 5118 jus
1366 5037 1549 5101 eorumdem
