3930 5802
408 595 468 654 206
819 593 891 653 Doc.
914 589 986 670 148.
1008 626 1051 636 -
1075 594 1130 652 An.
1155 605 1244 671 1450.

401 807 557 886 justiciam
580 807 681 867 facere
704 808 866 866 valeamus
902 809 981 868 inter
1014 815 1118 882 partes
1153 810 1185 868 in
1219 809 1378 884 premissis
1412 816 1507 884 prout
1537 810 1668 870 dictabit

402 916 480 975 ordo
503 913 589 992 juris.
613 915 772 973 Presentes
795 915 900 988 sigillo
925 916 1146 974 vicebanorum
1169 919 1200 974 et
1222 915 1372 974 comitum
1404 921 1583 976 nostrorum
1607 917 1666 975 cri·

401 1023 548 1082 siensium
580 1021 709 1080 fecimus
731 1021 916 1093 consignari.
939 1021 1055 1080 Datum
1079 1021 1171 1080 Crisii
1193 1026 1304 1080 octavo
1327 1021 1377 1080 die
1406 1023 1532 1082 termini
1554 1037 1666 1098 preno-

402 1131 464 1188 tati
488 1131 578 1188 Anno
601 1127 719 1186 domini
742 1127 913 1186 millesimo
937 1128 1242 1202 quadringentesimo
1265 1128 1504 1204 quadragesimo
1527 1143 1621 1190 nouo.

507 1285 531 1333 E
549 1288 709 1348 transumpto
728 1281 829 1331 comitis
849 1283 974 1333 Friderici
993 1284 1026 1333 de
1049 1299 1116 1332 auno
1144 1295 1218 1348 1450.
1256 1285 1288 1332 In
1315 1283 1429 1334 archivio
1453 1283 1499 1334 lib.
1519 1300 1572 1348 reg.
1592 1284 1661 1334 civit.

401 1371 583 1437 aagrabieusis.

985 1548 1077 1614 148.

505 1691 580 1741 Circa
606 1705 646 1742 an.
670 1701 743 1754 1450,
771 1703 858 1738 mense
876 1688 976 1738 martio,

398 1823 597 1898 Magistratus
625 1819 749 1878 ciuitatis
788 1815 953 1890 caproncae
983 1814 1017 1872 de
1045 1817 1186 1874 sententia
1216 1817 1246 1873 in
1268 1834 1357 1874 causa
1379 1816 1508 1892 quadam
1528 1825 1662 1892 pronun-

533 1929 606 1984 tiata
627 1923 863 1982 communitatem
885 1920 1011 1978 civetatis
1034 1922 1138 1978 montis
1166 1920 1318 1980 Grecensis
1333 1929 1531 2000 percontatur.

503 2067 676 2129 Fratemaii
703 2064 892 2124 salutacione
915 2063 1001 2122 omni
1024 2065 1151 2123 caritate
1184 2065 1296 2124 fratres
1330 2075 1360 2125 et
1391 2068 1483 2126 amici
1504 2069 1602 2127 nostri
1629 2071 1660 2127 in

398 2179 523 2238 Christo
546 2175 660 2234 dilecti.
683 2170 887 2230 Notificamus
910 2171 1022 2228 vestris
1045 2172 1193 2230 amiciciis
1216 2189 1272 2245 per
1302 2177 1469 2248 presentes,
1500 2176 1659 2248 quomodo

397 2301 497 2359 nuper
527 2281 673 2340 videlicet
695 2278 772 2336 feria
795 2273 929 2334 secunda
951 2281 1021 2334 ante
1044 2278 1291 2337 camisbrevium
1314 2279 1385 2337 talis
1408 2295 1500 2338 causa
1523 2283 1659 2354 contigit,

397 2389 481 2466 quod
505 2389 648 2446 venimus
671 2387 702 2444 in
726 2385 883 2442 civitatem
919 2383 1140 2458 Kaprancbam
1163 2392 1193 2443 et
1228 2401 1299 2442 cum
1323 2385 1465 2443 sedemus
1499 2389 1531 2444 in
1565 2387 1660 2446 domo

394 2495 505 2574 judicis
528 2492 666 2552 eiusdem
682 2491 823 2562 civitatis,
839 2495 951 2549 extunc
966 2491 1091 2549 veniens
1107 2505 1212 2549 curam
1227 2492 1318 2549 nobis
1333 2492 1488 2576 Johannes
1504 2493 1655 2567 Pranuch,

395 2603 473 2662 civis
496 2600 536 2658 de
551 2598 730 2672 Salczprug,
754 2597 1001 2680 conquerebatur
1015 2595 1111 2671 judici
1131 2612 1184 2655 seu
1199 2598 1290 2656 nobis
1313 2613 1350 2656 eo
1366 2597 1476 2660 modo:
1499 2601 1658 2673 quomodo

395 2712 462 2785 ipse
473 2708 607 2767 venisset
622 2705 653 2763 in
676 2703 805 2763 eandem
829 2704 986 2762 civitatem
1010 2708 1039 2760 et
1062 2705 1279 2778 assumpsisset
1302 2705 1342 2763 ab
1365 2720 1427 2763 uuo
1450 2706 1518 2764 cive
1540 2711 1657 2780 nostro,

394 2815 539 2874 videlicet
554 2811 700 2882 Fabiano,
723 2824 818 2868 unam
841 2809 970 2866 domum
994 2808 1032 2866 ad
1058 2808 1240 2882 deponenda
1274 2826 1329 2868 sua
1363 2811 1566 2869 mercimonia
1599 2827 1656 2871 suo

394 2924 425 2981 in
448 2922 562 2997 precio,
587 2917 768 2992 quiquidem
800 2917 942 2974 Pranuch
964 2915 1081 2973 ibidem
1107 2932 1292 2990 permanens
1314 2917 1398 2990 apud
1422 2917 1555 2976 eundem
1586 2919 1656 2977 hos-

394 3030 493 3104 pitem
515 3042 607 3085 suum
629 3037 692 3083 non
709 3037 809 3098 pauco
826 3031 975 3096 tempore,
992 3022 1202 3096 premeditans
1217 3040 1250 3082 se
1273 3023 1356 3081 idem
1379 3025 1535 3106 Johannes
1550 3039 1656 3099 supra-

395 3135 505 3207 dictus,
529 3134 604 3218 emit
627 3131 742 3204 civille,
777 3136 873 3188 terras
896 3129 1030 3188 arabiles
1065 3135 1095 3187 et
1117 3135 1215 3190 certas
1249 3131 1457 3205 possessiones
1491 3129 1656 3188 incudem

392 3241 525 3312 civitate,
555 3244 590 3297 ut
612 3238 714 3296 socius
738 3251 847 3294 eorum
870 3236 987 3294 civium
1010 3235 1121 3294 firmus
1145 3238 1311 3296 exstitisset
1333 3237 1364 3294 in
1399 3235 1508 3294 eadem
1531 3237 1655 3295 civitate

391 3347 586 3422 Kapraneha.
611 3343 692 3401 Cum
715 3357 790 3400 vero
814 3342 963 3400 voluisset
984 3343 1068 3400 exire
1091 3343 1122 3401 in
1145 3342 1278 3402 fundum
1300 3359 1394 3401 suum
1428 3343 1588 3400 emticium
1612 3342 1650 3400 de

390 3452 485 3511 domo
508 3451 664 3526 apreciato
686 3463 759 3506 cum
780 3449 874 3506 rebus
896 3447 969 3519 suis,
1002 3447 1148 3506 videlicet
1182 3451 1292 3522 pannis
1323 3454 1354 3507 et
1386 3449 1505 3520 ceteris,
1541 3453 1654 3507 extunc

388 3559 473 3618 idem
496 3559 609 3632 hospes
624 3571 706 3628 suus,
729 3569 748 3612 a
768 3569 831 3627 quo
854 3553 984 3613 domurn
1017 3556 1237 3628 aprcciaverat,
1268 3557 1388 3615 irruens
1410 3571 1504 3630 super
1536 3554 1652 3614 famili·

389 3679 459 3724 ares
480 3679 562 3736 suos,
584 3663 723 3744 Johanne
756 3662 919 3735 nesciente,
953 3677 1050 3719 unum
1073 3676 1211 3736 pannum
1246 3664 1363 3738 absque
1398 3662 1559 3720 voluntate
1582 3677 1646 3734 sua,

389 3773 421 3829 vi
441 3786 500 3846 pro
522 3785 553 3827 se
576 3769 750 3843 recepisset,
774 3767 894 3826 dicens:
916 3767 1075 3840 obligatur
1097 3768 1191 3826 michi
1220 3785 1292 3827 cum
1315 3769 1419 3844 precio
1441 3771 1472 3826 et
1495 3767 1649 3842 expensis,

388 3877 442 3937 sed
466 3883 569 3936 tamen
591 3876 695 3952 primo
717 3873 838 3932 avidice
859 3874 987 3932 minime
1008 3874 1206 3947 requisierat;
1229 3875 1342 3948 dicens,
1364 3873 1447 3934 idem
1489 3874 1645 3958 Johannes

387 3985 432 4044 sic
469 3999 574 4042 coram
611 3981 701 4040 nobis
736 3981 919 4039 constitutus
950 3980 1132 4054 queruloso:
1168 3981 1286 4040 domini
1315 3978 1409 4058 judex
1444 3996 1481 4038 ac
1506 3980 1650 4054 magistri

388 4059 617 4150 taverfiicorum
650 4102 807 4160 conquero
841 4087 932 4145 vobis
969 4102 1062 4160 super
1093 4101 1129 4144 eo
1164 4086 1267 4158 iacto,
1301 4085 1460 4161 quomodo
1494 4086 1650 4144 Fabianus

386 4213 487 4271 nuper
510 4197 622 4268 hospes
653 4209 749 4266 meus,
772 4193 868 4251 modo
891 4208 966 4251 vero
988 4192 1097 4262 socius,
1133 4209 1204 4250 cum
1238 4193 1296 4277 sim
1331 4194 1374 4250 ita
1397 4191 1474 4249 civis
1506 4191 1586 4250 sicut
1618 4197 1648 4249 et

389 4305 463 4378 ipse,
498 4302 615 4376 recepit
648 4317 666 4358 a
700 4299 909 4358 familiaribus
940 4299 1017 4356 meis
1050 4314 1145 4356 unam
1168 4299 1288 4372 peciam
1311 4298 1414 4370 panni,
1438 4296 1523 4372 quod
1544 4296 1647 4355 nescio

386 4417 493 4468 utrum
517 4409 558 4466 sit
579 4409 703 4481 nigrum
726 4406 779 4463 vel
802 4405 912 4464 album
946 4411 999 4463 aut
1032 4405 1175 4476 rubeum,
1209 4419 1264 4463 sua
1301 4404 1443 4478 potencia
1477 4402 1642 4476 mediante,

388 4515 513 4574 dicens:
537 4515 562 4573 si
597 4529 697 4571 essem
721 4512 852 4585 debitus,
874 4511 1000 4569 deberet
1023 4525 1073 4568 me
1096 4525 1167 4567 cum
1190 4510 1310 4568 iusticia
1333 4515 1403 4567 ante
1425 4507 1561 4586 judicem
1591 4510 1644 4567 vel

385 4637 490 4682 coram
514 4621 605 4679 vobis
628 4634 826 4694 proquerere‚
850 4618 904 4676 sed
927 4619 986 4676 hoc
1009 4617 1138 4675 minime
1173 4615 1252 4674 iecit.
1285 4617 1404 4674 Extunc
1430 4629 1486 4673 nos
1509 4614 1643 4672 eundem

384 4730 556 4788 Fabianum
578 4725 618 4784 ad
641 4741 698 4783 nos
720 4725 902 4783 vocavimus
925 4729 955 4782 et
978 4739 1016 4782 ex
1038 4723 1098 4782 hiis
1114 4723 1259 4780 omnibus
1275 4722 1495 4795 suprascriptis
1510 4723 1643 4779 eundem

385 4836 627 4909 interogavimus
649 4849 705 4891 cur
727 4839 757 4891 et
791 4847 886 4907 quare
925 4833 983 4890 hoc
1015 4829 1153 4900 fecisset;
1192 4829 1372 4903 quiquidem
1406 4827 1575 4902 respondit,
1610 4833 1644 4885 ut

385 4948 570 5017 prenotatur,
594 4941 678 5015 quod
701 4941 730 4999 ei
752 4939 875 4998 debitus
906 4938 986 4997 soret
1020 4943 1050 4996 et
1072 4938 1216 4996 existeret
1239 4935 1359 4994 dicens:
1375 4935 1446 4994 ideo
1461 4950 1532 4992 sum
1545 4932 1640 5010 judex

383 5048 494 5106 domus
518 5063 585 5105 mee
597 5067 604 5118 ;
629 5047 714 5121 quod
735 5047 827 5105 nobis
847 5043 965 5122 justum
988 5058 1050 5102 non
1073 5043 1247 5115 videbatur,
1273 5049 1306 5101 ut
1336 5043 1455 5116 absque
1478 5039 1580 5117 judice
1615 5047 1646 5098 et
