3930 5802
801 515 874 572 Dec.
899 527 969 590 109.
995 546 1032 558 -
1058 514 1115 572 Aa.
1141 509 1233 592 1438.

982 722 1076 802 109.Ι

492 869 574 918 Anno
596 853 731 930 143s,'13.
749 867 868 931 januam.
888 825 1036 931 afferre.

386 997 547 1056 Mathaeus
583 995 713 1054 Talcvac
747 995 846 1070 banus,
882 1003 915 1052 ut
947 994 981 1053 de
1014 991 1134 1073 r'rtJ'taiis
1166 1014 1186 1051 a
1229 993 1372 1069 Vilhclma‚
1403 1001 1541 1069 capetano
1563 995 1657 1054 castri

387 1103 521 1174 Medvcd,
550 1101 753 1160 mercatoribus
782 1101 1019 1176 aagrabiensibas
1051 1101 1142 1158 illatis
1174 1101 1366 1175 quaestionem
1392 1101 1496 1176 ferat,
1527 1101 1655 1175 capitulo

881 1207 1020 1266 lasmensi
1039 1206 1166 1264 mandat.

494 1361 611 1421 Amicis
633 1361 696 1420 suis
718 1361 905 1434 reverendis,
928 1360 1066 1434 capitulo
1089 1358 1217 1417 ecclesie
1243 1359 1441 1434 ehamensis,
1464 1358 1592 1419 Mathko
1614 1359 1653 1418 de

385 1469 554 1528 Thalloucz
576 1483 744 1543 regnorum
757 1467 928 1539 Dalmacie,
953 1465 1081 1525 Croacie
1103 1471 1133 1524 et
1156 1466 1255 1525 tocius
1270 1464 1434 1524 Sclauonie
1450 1467 1558 1536 banus,
1575 1466 1652 1524 ami·

388 1576 498 1635 eiciam
529 1580 672 1650 paratam
703 1589 773 1632 cum
809 1574 933 1632 honore,
957 1573 1080 1630 Dicitur
1098 1572 1189 1630 nobis
1212 1571 1244 1630 in
1268 1572 1407 1646 personis
1428 1569 1548 1648 judicis,
1570 1551 1653 1649 jura·

386 1687 490 1740 torum
513 1696 550 1739 ac
571 1680 671 1739 tocius
695 1679 927 1738 communitatis
950 1677 1083 1736 civitatis
1106 1677 1221 1736 montis
1244 1675 1406 1736 Grecensis
1429 1677 1468 1736 de
1489 1677 1576 1736 iuxta
1598 1677 1653 1735 Za·

385 1787 538 1861 grabiam‚
573 1784 732 1860 quomodo
768 1783 897 1858 quidam
928 1783 1119 1842 Wilhelmus
1141 1784 1395 1857 vicecapetaneus
1418 1784 1511 1841 castri
1533 1783 1653 1841 Medwe

386 1910 444 1969 per
465 1893 604 1952 illustres
634 1891 792 1965 principes
825 1889 968 1948 dominos
1002 1889 1194 1948 Fridericum
1218 1887 1306 1959 Cilic,
1330 1889 1533 1962 Ortenburge‚
1556 1888 1653 1962 Zago-

385 2000 493 2074 rieque
515 1998 662 2056 comitem
684 2013 719 2054 ac
735 1996 888 2068 Vlricum‚
903 1995 1042 2054 eiusdem
1058 1995 1177 2054 domini
1193 1994 1344 2053 Friderici
1358 2001 1475 2067 natum,
1491 1995 1523 2054 in
1543 1994 1652 2054 eodem

386 2112 487 2164 castro
510 2103 631 2162 Medwe
653 2103 844 2174 constitutus,
866 2102 898 2159 in
921 2100 1000 2158 festo
1023 2101 1188 2159 beatorum
1212 2100 1325 2158 Cosme
1347 2105 1378 2158 et
1400 2100 1545 2160 Damiani
1567 2116 1652 2160 mar-

386 2217 500 2286 tyrum,
523 2210 667 2286 proxime
689 2209 883 2284 preteritum,
906 2207 990 2265 malo
1014 2206 1112 2265 fretus
1135 2207 1274 2280 consilio,
1299 2206 1467 2281 quemdam
1491 2207 1653 2266 Bartholo-

385 2333 491 2378 meum
513 2317 666 2388 Italicum,
691 2315 884 2388 vitriparem,
908 2314 1118 2372 habitatorem
1143 2312 1224 2371 dicte
1259 2314 1393 2372 civitatis
1427 2315 1542 2372 montis
1577 2313 1653 2373 Gre-

387 2425 485 2484 censis
508 2439 547 2482 ex
573 2422 652 2482 scitu
682 2427 712 2481 et
743 2420 960 2479 commissione
983 2419 1139 2478 dictorum
1162 2419 1362 2478 dominorum
1385 2435 1524 2492 suorum,
1547 2421 1599 2479 ria
1620 2420 1653 2480 in

385 2531 487 2590 libera
512 2529 551 2588 de
582 2529 731 2588 Pethouia
754 2543 863 2586 versus
886 2527 1014 2602 propria
1038 2541 1111 2584 cum
1134 2527 1225 2584 certis
1248 2527 1312 2584 suis
1334 2527 1429 2585 rebus
1451 2541 1488 2584 ac
1510 2526 1601 2586 bonis
1623 2531 1655 2586 et

387 2637 474 2711 equis
512 2635 769 2712 proficiscentem,
801 2649 900 2708 prope
930 2632 1110 2692 molendina
1133 2632 1214 2692 dicte
1238 2633 1371 2692 civitatis
1393 2637 1424 2692 et
1445 2633 1478 2692 in
1497 2634 1653 2692 territorio

387 2742 527 2802 eiusdem
549 2742 683 2800 civitatis
705 2756 762 2815 per
784 2745 885 2798 certos
907 2754 980 2797 suos
1002 2740 1153 2812 homines,
1177 2745 1208 2798 et
1230 2739 1387 2812 signanter
1410 2755 1467 2814 per
1482 2739 1652 2813 quemdam

385 2849 579 2934 Jeronimum
601 2863 638 2905 ac
660 2846 867 2905 Colomanum
890 2841 1147 2919 Tranlrenbergar
1178 2846 1331 2922 captivari
1361 2851 1391 2904 et
1414 2851 1550 2920 captum,
1574 2846 1653 2921 liga·

387 2961 517 3028 tumque
552 2969 570 3012 a
603 2959 691 3026 tergo
722 2953 866 3010 manibus
889 2957 919 3010 et
942 2952 1001 3008 sub
1024 2967 1178 3024 equorum
1201 2952 1363 3010 ventribus
1386 2951 1519 3026 pedibus
1544 2953 1652 3028 ipsius,

386 3077 480 3136 penes
505 3060 622 3119 dictum
646 3064 783 3118 castrum
806 3057 935 3131 Medwe,
959 3057 1039 3115 datis
1062 3057 1149 3132 prius
1173 3057 1289 3116 eisdem
1312 3059 1489 3117 latronibus
1512 3059 1551 3117 de
1582 3060 1653 3135 ipso

386 3173 487 3226 castro
510 3165 630 3225 Medwe
653 3166 731 3224 cibis
752 3170 782 3223 et
806 3165 941 3238 potibus,
966 3163 1006 3222 ad
1029 3169 1204 3238 pretectum
1227 3170 1365 3222 castrum
1386 3164 1472 3224 idem
1495 3166 1652 3226 Tranken-

384 3274 498 3347 berger
531 3270 642 3330 deduci
675 3276 706 3329 et
739 3269 867 3330 tandem
900 3270 932 3328 in
967 3268 1172 3343 quadraginta
1205 3269 1329 3328 florenis
1359 3271 1428 3328 auri
1460 3273 1588 3346 pactam',
1613 3289 1652 3332 ex

387 3381 502 3456 quibus
533 3379 618 3438 idem
653 3374 889 3436 Bartholomeus
924 3375 1042 3436 ibidem
1066 3377 1177 3450 viginti
1199 3378 1230 3436 in
1253 3377 1355 3452 specie
1377 3378 1570 3451 exsolvisset,
1593 3395 1652 3454 pro

386 3487 457 3546 aliis
479 3501 554 3544 vero
575 3485 688 3558 viginti
709 3485 777 3558 ipse
807 3483 1009 3556 Wilhelmus,
1046 3484 1136 3558 quasi
1168 3484 1201 3542 in
1235 3485 1395 3558 premissis
1431 3484 1585 3558 innoxius,
1618 3501 1653 3544 se

385 3592 600 3652 fideiussorem
624 3584 786 3664 posuisset,
809 3591 905 3648 etsie
927 3591 986 3647 sub
1010 3591 1126 3648 talibus
1150 3591 1249 3665 pactis
1279 3591 1320 3649 ad
1343 3591 1529 3666 peticionem
1553 3591 1652 3665 pluri·

385 3713 511 3758 morum
533 3698 707 3773 proborum
727 3697 868 3756 virorum
892 3695 1022 3772 deipsis
1038 3698 1171 3757 vinculis
1186 3699 1274 3756 abire
1288 3699 1489 3772 permisisset.
1505 3699 1574 3756 Hiis
1588 3713 1652 3757 non

386 3809 546 3864 contentus
569 3803 743 3878 prelibatus
764 3803 966 3878 Wilhelmus,
988 3804 1109 3862 malum
1132 3805 1217 3862 malo
1240 3805 1437 3863 accumulare
1452 3819 1514 3863 non
1534 3820 1652 3877 verens,

386 3911 519 3972 infesto
552 3910 634 3969 beati
668 3899 792 3968 Andree
827 3911 972 3983 apostoli
995 3911 1137 3984 proxime
1160 3913 1317 3986 preterito,
1340 3910 1485 3970 similiter
1507 3927 1545 3969 ex
1569 3927 1651 3970 com·

386 4018 533 4076 missione
556 4024 586 4076 et
608 4016 687 4075 scitu
711 4015 866 4074 dictorum
890 4015 1087 4076 dominorum
1111 4032 1248 4090 suorum,
1273 4018 1376 4076 missis
1406 4023 1476 4076 ante
1505 4033 1652 4077 auroram

385 4129 416 4184 et
439 4123 597 4184 destinatis
619 4121 778 4181 nonnullis
802 4127 867 4178 tarn
889 4121 1083 4195 prelatorum
1100 4123 1300 4182 dominorum
1315 4137 1452 4196 suorum,
1476 4137 1573 4196 quam
1588 4124 1651 4182 suis

331 4262 344 4279 ι
385 4231 564 4292 hominibus
596 4233 625 4288 et
660 4226 869 4286 familiaribus
904 4227 942 4286 de
965 4227 1046 4288 dicto
1070 4235 1172 4288 castro
1198 4223 1319 4288 Medw'e
1351 4229 1518 4302 nonnullis,
1552 4230 1652 4288 immo

384 4353 479 4414 quam
502 4335 646 4410 pluribus
669 4335 788 4394 colonis
811 4334 886 4394 dicti
906 4336 999 4394 castri
1031 4341 1061 4394 et
1091 4334 1310 4412 jobagionibus
1347 4336 1387 4395 ad
1421 4337 1650 4412 possessionem

384 4443 482 4518 ipsius
501 4442 634 4501 ciuitatis
657 4443 815 4514 Pobresye
839 4445 990 4514 vocatam,
1014 4460 1109 4518 penes
1130 4444 1260 4502 fluvium
1285 4443 1375 4502 Zawe
1405 4444 1554 4516 habitam,
1586 4458 1652 4502 ma·

383 4549 477 4608 nibus
499 4549 626 4608 armatis
650 4555 680 4609 et
702 4550 899 4624 potenciariis
923 4549 1053 4609 eandem
1077 4551 1303 4626 possessionem
1327 4551 1449 4623 penitus
1472 4551 1562 4610 acin
1585 4555 1651 4609 toto

384 4655 515 4730 spoliari
538 4661 568 4714 et
591 4655 766 4732 depredari,
790 4673 902 4732 resque
925 4664 954 4716 et
977 4658 1059 4716 bona
1074 4659 1239 4716 hominum
1254 4658 1286 4716 in
1303 4657 1413 4716 eadem
1428 4657 1651 4730 habitancium,

383 4761 540 4835 signanter
562 4778 675 4838 pecora
697 4769 727 4823 et
748 4764 883 4838 pecudes
906 4770 936 4824 et
959 4765 1143 4824 vestimenta
1175 4771 1240 4824 tam
1274 4765 1416 4824 virorum
1449 4780 1544 4840 quam
1580 4745 1651 4823 mu·

383 4867 507 4941 lierum,
531 4868 649 4943 ligones
671 4876 701 4931 et
722 4887 845 4930 secures
868 4887 904 4928 ac
926 4871 988 4929 alia
1012 4887 1072 4946 que
1094 4872 1194 4930 levari
1213 4873 1394 4946 potuissent,
1417 4872 1528 4930 auffert
1550 4877 1580 4930 et
1609 4870 1650 4928 ad

384 4973 503 5034 dictum
527 4979 663 5038 castrum
687 4979 806 5039 Medwe
829 4978 987 5053 deportari
1011 4979 1141 5039 fecisset.
1175 4979 1318 5038 Preterea
1352 4980 1437 5038 idem
1459 4979 1651 5038 Wilhelmus
