3930 5802
435 556 496 618 190
839 539 913 598 Doc,
937 549 1004 615 135.
1029 571 1071 583 —
1094 539 1152 597 An.
1177 552 1268 618 1443.

430 753 500 811 aliis
522 750 707 829 jurisperitis
741 754 949 812 assessoribus
979 754 1092 812 nostris
1123 753 1287 812 nobiscum
1318 769 1377 828 pro
1407 753 1549 813 faciendo
1582 752 1697 830 judicio

431 858 625 917 moderativo
641 857 885 932 consedentibus,
910 874 1078 933 causasque
1101 865 1283 917 cunctorum
1305 875 1413 918 coram
1434 861 1525 919 nobis
1547 860 1697 933 littigario

429 979 577 1038 processu
600 965 845 1039 proponencium
869 962 951 1040 justo
973 963 1050 1041 juris
1073 966 1198 1024 tramite
1214 965 1464 1036 discidentibus,
1480 965 1632 1025 discretus
1647 966 1697 1024 vir

429 1071 574 1130 dominus
597 1071 758 1145 Georgius
779 1077 869 1130 natus
891 1073 1029 1146 Fabiani,
1052 1071 1091 1130 de
1120 1071 1262 1146 Meglech
1284 1074 1439 1147 presbiter
1461 1078 1492 1130 et
1519 1071 1696 1146 predicator

429 1176 559 1235 diocesis
580 1177 797 1250 zagrabiensis,
820 1193 937 1236 necnon
969 1179 1116 1251 magister
1145 1178 1253 1236 altaris
1278 1178 1368 1236 beate
1390 1178 1487 1236 Marie
1511 1177 1694 1250 Magdalene

428 1282 460 1340 in
494 1281 576 1342 dicta
610 1283 741 1341 ecclesia
775 1284 967 1356 zagrabiensi
1002 1283 1122 1342 fundati
1156 1299 1217 1341 una
1251 1299 1322 1341 cum
1352 1284 1481 1342 notariis
1504 1283 1641 1357 publicis
1663 1287 1695 1341 et

428 1389 558 1447 testibus
580 1387 786 1464 infrascriptis
808 1390 840 1447 in
862 1395 1053 1448 nostramet
1076 1389 1259 1448 eorumdem
1292 1404 1484 1448 assessorum
1515 1395 1693 1448 nostrorum

427 1493 606 1568 exurgendo
628 1495 820 1568 presenciam
843 1511 900 1570 per
923 1495 1053 1554 modurn
1076 1501 1107 1554 et
1130 1495 1265 1554 formam
1288 1496 1441 1569 legittime
1462 1495 1620 1554 citacionis
1636 1495 1692 1552 ob·

426 1600 580 1659 servando
595 1602 752 1660 accionem
767 1607 797 1659 et
812 1603 1063 1676 proposicionem
1079 1617 1168 1661 suam
1192 1607 1298 1661 contra
1321 1607 1353 1660 et
1373 1601 1523 1660 adversus
1542 1600 1692 1675 providos

427 1711 458 1765 et
479 1708 718 1782 circumspectos
752 1708 837 1766 viros
871 1708 1038 1767 Nicolaum
1070 1707 1275 1782 aurifabrum,
1300 1708 1484 1767 modernum
1506 1723 1542 1766 ac
1564 1707 1691 1766 Petrum

426 1813 620 1885 Hungarum,
642 1813 817 1882 Nicolaum,
840 1813 948 1887 llenky
970 1813 1097 1887 dictum,
1119 1815 1292 1898 Johannem
1315 1813 1495 1887 Perowych,
1512 1814 1690 1884 Martiarum,

426 1917 575 1991 Blasium,
598 1919 676 1976 alias
698 1916 825 1995 judices,
850 1926 990 1994 preterea
1013 1919 1178 1978 Nicolaum
1201 1920 1383 1993 litteratum,
1413 1917 1614 1992 Gregwrycb,
1645 1919 1690 1976 al·

425 2029 527 2082 terum
543 2023 739 2098 Gregorium,
763 2025 973 2098 Wrecharych
997 2033 1217 2098 nuncupatum,
1241 2027 1399 2098 Mathiam,
1423 2025 1541 2084 dictum
1565 2024 1689 2096 Farlras,

425 2129 597 2203 Georgium
620 2130 805 2202 carnificem,
829 2131 925 2189 alium
951 2130 1123 2202 Georgium
1146 2137 1306 2203 sartorem,
1337 2131 1512 2190 Emericum
1542 2137 1688 2204 sutorem,

424 2236 559 2295 alterum
581 2237 767 2310 Emericum,
790 2235 869 2310 Sega
892 2235 1205 2305 dictummodernos.
1221 2237 1426 2313 Valenthych,
1448 2237 1551 2296 filium
1574 2237 1689 2296 Micha-

425 2342 490 2413 elis,
514 2343 592 2400 alias
613 2339 758 2417 juratum,
781 2348 961 2416 ceterosque
984 2342 1153 2418 complices
1176 2343 1366 2416 eorumdem,
1390 2345 1481 2416 cives,
1497 2344 1635 2418 hospites
1658 2348 1689 2402 et

424 2453 522 2506 totam
545 2449 799 2507 communitatem
822 2449 955 2507 civitatis
977 2450 1093 2508 montis
1116 2448 1300 2508 Grechensis
1332 2449 1370 2507 de
1393 2451 1479 2508 iuxta
1501 2449 1689 2524 Zagrabiam

422 2567 529 2611 coram
551 2554 642 2612 nobis
665 2559 695 2611 et
717 2553 834 2612 eisdem
856 2555 1063 2613 assessoribus
1086 2556 1199 2614 nostris
1222 2549 1291 2634 (nec
1312 2547 1387 2634 non)
1403 2556 1531 2614 notariis
1547 2555 1686 2628 publicis

423 2663 454 2716 et
477 2660 606 2718 testibus
629 2659 787 2720 declarare
809 2663 930 2721 curauit
952 2662 984 2720 in
1006 2663 1089 2720 hunc
1106 2662 1251 2721 modum:
1276 2662 1434 2736 quomodo
1458 2663 1524 2736 lpse
1540 2661 1687 2722 Nicolaus

422 2765 589 2839 aurifaber,
609 2764 703 2840 judex
726 2773 755 2825 et
778 2768 832 2826 alii
855 2769 1010 2842 prenotati
1032 2785 1069 2826 ex
1100 2774 1305 2843 preconcepta
1328 2773 1434 2826 contra
1465 2768 1585 2826 clerum
1616 2783 1686 2826 ran·

423 2872 503 2928 coris
526 2873 650 2930 malicia
674 2871 751 2932 feria
774 2874 881 2948 quinta
905 2874 1050 2932 videlicet
1073 2876 1106 2933 in
1128 2875 1237 2948 vigilia
1261 2874 1330 2933 festi
1362 2875 1445 2934 beati
1475 2875 1686 2933 Bartholomei

422 2977 565 3051 apostoli,
587 2979 730 3052 proxime
752 2981 903 3055 preteriti,
926 2980 1096 3054 quemdam
1127 2981 1285 3040 hominem
1316 2985 1347 3038 et
1377 2980 1564 3038 familiarem
1587 2981 1685 3055 ipsius

422 3082 542 3141 domini
564 3082 691 3158 Georgii
711 3086 924 3160 predicatoris,
948 3087 1148 3146 Dominlcum
1183 3087 1317 3159 nomine,
1340 3079 1460 3166 (nullis)
1490 3087 1554 3145 suis
1584 3087 1685 3162 culpis

421 3189 614 3262 exigentibus
637 3193 670 3249 in
692 3192 760 3266 ipsa
783 3192 909 3252 civitate
931 3193 1046 3252 montis
1077 3193 1239 3252 Grecensis
1269 3194 1429 3267 captivari,
1461 3200 1685 3267 camptumque

421 3297 595 3354 carceribus
626 3298 797 3371 mancipari
820 3303 850 3356 et
873 3299 993 3356 diucius
1024 3300 1201 3357 conservari
1231 3307 1262 3357 et
1292 3300 1459 3357 enormiter
1492 3300 1683 3371 tormentari,

425 3403 628 3476 quamplures
663 3419 787 3478 quoque
820 3421 869 3462 res
903 3409 933 3463 et
967 3406 1049 3463 bona
1073 3395 1118 3463 'ac
1152 3406 1297 3478 pecunias
1331 3411 1396 3462 tam
1430 3405 1527 3479 ipsius
1564 3403 1683 3462 domini

420 3505 546 3580 Georgii
570 3525 664 3582 quam
688 3511 785 3568 eciam
811 3510 885 3569 dicti
908 3511 1043 3568 hominis
1066 3512 1114 3570 sui
1136 3517 1287 3585 protunc
1311 3525 1384 3584 erga
1415 3511 1521 3584 ipsum
1543 3517 1682 3585 repertas

419 3619 450 3672 et
473 3615 605 3686 iuventa,
628 3617 725 3690 recipi
749 3623 779 3674 et
802 3618 926 3675 aufferri
962 3622 992 3674 et
1026 3618 1067 3674 ab
1103 3617 1212 3674 eodem
1237 3618 1382 3690 pecunias
1416 3617 1594 3690 extorqueri
1629 3616 1682 3674 vel

418 3709 732 3794 spoliari'fecissent;
749 3728 866 3779 etcum
888 3723 956 3796 ipse
978 3721 1122 3780 dominus
1138 3722 1291 3795 Georgius
1308 3722 1485 3796 predicator
1501 3721 1579 3781 feria
1595 3727 1683 3780 sexta

417 3827 563 3899 proxima
578 3827 657 3885 ande
681 3826 795 3886 festum
818 3828 901 3886 beati
917 3827 1018 3900 Egidii
1034 3829 1166 3898 abbatis,
1189 3828 1334 3886 similiter
1357 3844 1438 3886 nunc
1463 3829 1616 3902 elapsum,
1640 3827 1682 3886 ad

418 3933 625 4006 prescriptam
649 3933 807 3992 civitatem
831 3935 945 3991 montis
968 3933 1130 3992 Grecensis
1154 3940 1183 3992 et
1205 3949 1262 4006 per
1286 3949 1476 4008 consequens
1498 3933 1604 3993 sedem
1634 3932 1681 4009 ju·

416 4035 586 4109 diciariam,
609 4039 664 4096 ubi
686 4038 781 4096 iidem
804 4040 887 4096 cives
911 4054 999 4097 more
1021 4040 1115 4097 solito
1150 4046 1180 4097 et
1209 4045 1355 4098 consueto
1390 4039 1516 4098 insimul
1550 4039 1680 4098 fuissent

415 4144 601 4216 congregati,
632 4145 836 4217 personaliter
869 4146 1045 4203 accessisset
1079 4161 1114 4202 ac
1149 4145 1188 4202 de
1222 4145 1401 4218 captivitate
1435 4151 1466 4204 et
1500 4143 1678 4204 detencione

413 4249 512 4324 ipsius
535 4249 667 4323 predicti
688 4250 823 4308 hominis
845 4252 902 4322 sui,
925 4266 1043 4309 necnon
1067 4251 1228 4308 oblacione
1250 4257 1280 4308 et
1310 4251 1490 4325 recepcione
1520 4267 1624 4310 rerum
1648 4257 1678 4308 et

415 4356 570 4414 bonomm
604 4355 816 4429 predictorum
850 4358 910 4415 sibi
944 4357 1005 4431 ipsi
1038 4356 1187 4415 iudicium
1220 4363 1250 4414 et
1283 4357 1437 4416 iusticiam
1471 4359 1556 4417 iuxta
1590 4357 1678 4432 regni

413 4460 667 4520 consuetudinem
690 4469 720 4520 et
742 4463 840 4537 ipsius
854 4463 988 4521 civitatis
1003 4463 1246 4537 expostulasset;
1261 4469 1334 4522 tunc
1350 4469 1512 4523 annotatus
1529 4464 1675 4523 Nicolaus

412 4568 570 4627 aurifaber
591 4566 686 4644 judex
710 4569 816 4627 etalii
840 4568 970 4643 predicti
994 4569 1163 4643 complices
1196 4571 1244 4628 sui
1266 4571 1372 4628 animo
1395 4568 1514 4628 furioso
1544 4577 1574 4628 et
1606 4587 1676 4629 ran·

413 4689 521 4732 coroso
555 4675 586 4732 in
619 4675 724 4748 ipsum
758 4674 921 4734 domiuum
952 4674 1123 4747 Georgium
1154 4675 1381 4749 predicatorem
1405 4691 1500 4734 manu
1522 4677 1674 4749 sacrilega

412 4779 567 4852 irruendo,
583 4779 777 4855 eundemque
794 4797 851 4855 per
867 4796 1015 4856 precones
1031 4782 1171 4855 ipsorum
1194 4781 1347 4856 captivari
1369 4787 1400 4839 et
1421 4781 1566 4842 hincinde
1588 4797 1677 4841 enor-

411 4887 503 4944 miter
519 4886 668 4946 trucidari
683 4893 713 4945 et
729 4887 924 4946 dehonestari
939 4879 1107 4966 (fecissent)
1123 4893 1153 4945 et
1176 4887 1281 4946 verbis
1298 4888 1415 4947 illicitis
1431 4897 1461 4947 et
1477 4888 1676 4963 vituperiosis

411 4991 496 5051 affici
528 5001 559 5050 et
593 4993 698 5068 ipsum
726 5009 790 5052 non
825 5009 934 5052 verum
968 4993 1161 5052 sacerdotem
1192 4993 1247 5052 sed
1270 5011 1379 5054 canem
1402 5011 1469 5054 esse
1492 5001 1523 5054 et
1545 4996 1677 5054 existere
