3804 5858
653 565 725 624 Dor.
743 560 822 644 μό.
845 597 889 608 -
912 565 969 624 An.
993 559 1084 643 1487.
1418 568 1477 645 4⁶1

218 779 303 838 omni
327 777 392 838 litis
415 779 557 838 mocione
581 779 709 854 pacifice
733 778 827 838 luisse
850 785 881 838 et
903 781 1041 839 extitisse
1055 781 1293 855 reperiebantur
1309 781 1482 844 manifeste

217 885 405 944 Racionibus
427 884 521 958 igitur
544 901 583 942 ex
606 885 773 958 premissis.
797 885 959 959 potissime
981 901 1066 958 vero,
1090 887 1163 960 quia
1186 887 1378 960 prelibatum
1400 891 1484 966 capif

218 991 322 1048 tulum
356 990 485 1048 ecclesie
518 991 726 1063 argrablensls
760 991 922 1064 vigoribus
956 998 986 1050 et
1018 992 1196 1066 patrociniis
1231 993 1479 1068 prescriptorum

218 1095 358 1155 eiusdem
383 1095 621 1170 privilegiorum
645 1096 708 1154 iam
733 1097 884 1169 proximis
908 1098 939 1155 in
951 1097 1165 1172 superioribus
1180 1099 1364 1158 sensualiter
1380 1099 1483 1158 decla·

216 1209 358 1261 natorum
380 1218 399 1260 a
421 1207 507 1261 tanto
530 1202 681 1276 temporis
703 1203 818 1276 spacio,
841 1211 949 1278 utpote
972 1211 1148 1277 atempore
1166 1204 1314 1278 premisse
1330 1203 1480 1278 tassionis,

218 1308 461 1382 collacionisque
493 1314 525 1366 et
559 1309 806 1382 perpetuarionis
841 1310 989 1382 prelibati
1022 1311 1100 1368 olim
1130 1309 1308 1383 Rodolphy,
1342 1309 1401 1370 filii
1422 1311 1483 1370 Ro·

220 1414 349 1488 dolpby,
373 1413 511 1472 indicto
534 1428 614 1472 anno
638 1413 756 1472 domini
786 1415 956 1473 millesimo
987 1414 1292 1488 quadringentesimo
1323 1417 1482 1474 tricesimo

222 1527 336 1594 quarto
355 1525 596 1594 prememorato,
625 1519 764 1594 capitulo
795 1526 826 1578 et
855 1521 947 1578 altari
973 1520 1113 1592 predicto
1143 1535 1261 1593 suoque
1291 1522 1402 1579 rectori
1425 1537 1484 1596 pro

220 1633 363 1699 tempore
393 1627 559 1684 constituto
589 1624 669 1684 facte
699 1631 730 1683 et
758 1626 913 1684 celebrate
936 1626 1065 1700 pacifice
1090 1632 1120 1684 et
1143 1629 1245 1700 quiete
1268 1626 1482 1700 perstitissent,

217 1745 309 1789 causa
341 1746 467 1804 presens
502 1747 559 1805 per
594 1729 749 1804 prelatum
784 1731 947 1790 dominum
981 1738 1122 1790 nostrum
1145 1748 1252 1805 regem
1273 1731 1399 1791 nomine
1421 1749 1478 1792 suo

216 1837 312 1908 regio,
338 1837 446 1895 ordine
477 1843 508 1895 et
531 1838 612 1896 serie
634 1839 787 1911 premissa
808 1837 952 1896 suscitata
982 1843 1013 1896 et
1036 1852 1140 1895 coram
1163 1838 1254 1896 nobis
1277 1839 1401 1910 agitata,
1425 1854 1482 1898 nec

215 1943 285 2016 ipso
298 1943 423 2001 nomine
439 1943 524 2016 regio
540 1957 585 2015 eo,
602 1943 687 2017 quod
709 1941 778 2019 jura
801 1943 886 2016 regia
898 1943 965 2002 sire
980 1944 1106 2017 regalia,
1122 1944 1149 2002 si
1165 1943 1270 2017 quein
1294 1943 1482 2017 pretitulatis

217 2049 463 2122 possessionibus
494 2049 674 2120 extitissent,
704 2049 813 2107 eadem
843 2047 912 2124 jura
943 2049 1029 2124 regia
1060 2065 1116 2124 per
1151 2049 1307 2124 predictos
1338 2049 1482 2108 dominos

204 2153 454 2228 -Sigismundum
471 2160 500 2212 et
516 2154 682 2212 Albertum
699 2170 788 2228 reges
810 2155 1079 2231 preexhibitarum
1100 2156 1276 2214 litterarum
1291 2155 1482 2217 ,eorumdem

218 2261 380 2333 vigoribus
411 2259 541 2336 iamfato
572 2261 711 2336 capitulo
742 2261 856 2320 collata
887 2271 917 2320 et
950 2260 1064 2319 donata
1087 2261 1273 2332 extitissent3
1304 2261 1359 2320 sed
1380 2237 1492 2334 neque·
1543 2259 1549 2272 '

121 2356 124 2364 “
218 2381 275 2440 pro
307 2373 396 2440 parte
427 2374 457 2425 et
488 2366 527 2424 ad
559 2367 741 2425 instanciam
773 2367 889 2425 civium
919 2366 1141 2442 predictorum,
1172 2353 1307 2440 quorum
1336 2366 1483 2426 videlicet

218 2473 417 2546 acquisicioni
440 2473 643 2531 intervallum
669 2473 821 2547 legittime
845 2473 1083 2547 prescripcionis
1100 2473 1138 2531 de
1159 2474 1246 2546 regni
1261 2472 1482 2531 consuetudine

217 2585 347 2652 propter
369 2577 520 2651 temporis
544 2578 778 2637 diuturnitatem
801 2580 951 2637 obviabat
974 2579 1075 2638 levari
1097 2579 1150 2637 vel
1173 2579 1316 2638 suscitari
1335 2579 1481 2652 potuisse,

217 2697 370 2758 causaque
392 2683 501 2742 eadem
525 2685 594 2759 ipso
617 2685 742 2743 nomine
765 2685 851 2758 regio
874 2685 1020 2744 suscitata
1043 2685 1151 2758 vigore
1170 2692 1201 2742 et
1216 2685 1385 2743 virtutibus
1400 2685 1481 2743 litte·
1530 2703 1535 2711 ·

215 2805 323 2848 rarum
347 2789 559 2864 predictorum
582 2790 782 2850 dominorum
804 2789 996 2864 Sigismundi
1016 2795 1047 2850 et
1063 2791 1185 2848 Alberti
1207 2805 1325 2864 regum,
1342 2789 1481 2849 felicium
1530 2811 1544 2819 ·‘

216 2895 527 2969 reminiscenciarum,
544 2893 863 2954 confirmacionalium
886 2903 978 2970 atque
1002 2895 1264 2966 donacionalium‚
1279 2896 1394 2969 quibus
1418 2912 1481 2954 me

216 3001 373 3061 diantibus
403 3001 498 3062 iidem
530 3001 649 3060 domini
680 3017 768 3074 reges
801 3003 990 3076 prescriplas
1023 3002 1232 3076 possessiones
1255 3008 1402 3074 tanquam
1426 3017 1481 3060 sua

216 3107 285 3183 jura
308 3111 392 3182 regia
416 3110 586 3184 prenotatis
609 3108 744 3167 dominis
768 3109 807 3166 de
828 3109 968 3182 capitulo
991 3109 1185 3181 zagrabiensi
1206 3113 1416 3181 annotatoque
1436 3107 1481 3164 al-

216 3216 277 3272 tari
299 3221 329 3272 et
351 3218 463 3274 rectori
485 3214 623 3274 eiusdem
649 3229 707 3288 pro
738 3221 880 3288 tempore
910 3215 1076 3272 constituto
1108 3213 1276 3286 dedissent,
1304 3213 1481 3271 annuissent

217 3327 247 3378 et
271 3323 493 3380 consensissent
516 3323 627 3380 merito
650 3322 747 3394 sopiri
767 3325 802 3379 et
825 3320 1037 3392 condescendi,
1058 3321 1255 3394 p'retacteqeu
1273 3319 1480 3394 possessiones

218 3427 385 3500 Kobylyalr
407 3435 438 3487 et
460 3427 633 3500 Zwyblyan
656 3427 751 3486 simul
774 3443 845 3485 curn
868 3428 932 3486 suis
957 3427 1152 3502 pertinenciis
1175 3421 1311 3484 antefato
1342 3425 1480 3500 capitulo

217 3532 344 3592 ecclesie
367 3534 574 3607 zagrabiensis
597 3550 653 3607 per
676 3549 927 3607 consequensque
950 3535 1043 3592 altari
1065 3539 1169 3592 sancte
1192 3533 1292 3592 crucis
1315 3532 1348 3590 in
1370 3531 1479 3590 eadem

217 3637 345 3698 fundato
376 3654 494 3713 suoque
527 3641 641 3698 rectori
676 3656 735 3714 pro
769 3645 910 3714 tempore
940 3640 1106 3698 constituto
1130 3647 1280 3712 tanquam
1304 3653 1427 3696 merum
1450 3644 1481 3694 et

216 3745 370 3804 sincerum
392 3745 441 3821 jus
464 3745 647 3804 eorumdem
669 3744 839 3822 adjudicari
863 3751 893 3820 et
915 3745 1049 3818 relinqui
1073 3744 1194 3816 debere,
1218 3744 1309 3802 nobis
1333 3750 1376 3806 et,
1393 3759 1480 3801 reve·

217 3851 321 3909 rendis
343 3853 374 3910 in
406 3852 531 3911 Christo
562 3853 705 3926 patribus
738 3851 891 3910 dominis:
922 3831 1138 3924 sigismundo
1157 3849 1478 3924 quinqueecclesiensi,
1537 3907 1548 3927 Ἰ,

216 3957 345 4015 Nicolao
367 3959 518 4030 waciensi,
541 3959 680 4040 Johanne
702 3957 907 4029 chanadiensi‚
931 3957 1031 4016 altero
1054 3956 1182 4015 Nicolao
1205 3956 1304 4014 electo
1327 3955 1478 4025 immensi,

216 4064 416 4122 ecclesiarum
439 4065 608 4138 episcopis;
631 4063 858 4137 Dominicoque
889 4063 1025 4121 albensis
1050 4063 1177 4120 ecclesie
1201 4062 1373 4135 preposito;
1405 4061 1477 4118 item

137 4189 139 4196 ’
216 4169 404 4244 magnificis:
429 4170 551 4229 Andree
574 4171 613 4228 de
636 4170 751 4228 Bathor
773 4177 803 4228 et
826 4169 955 4228 Nicolao
978 4168 1017 4226 de
1041 4168 1239 4238 Hederwara‚
1262 4166 1479 4238 magistrisque

82 4338 90 4347 ‚
180 4331 183 4337 ,
216 4274 457 4348 prothonotariis
480 4283 510 4334 et
530 4277 617 4350 regni
639 4276 800 4334 nobilibus
815 4273 896 4334 sedis
914 4273 1076 4351 judiciarie
1090 4273 1299 4332 assessoribus
1314 4272 1478 4329 nobiscum

215 4382 247 4439 in
270 4382 412 4440 examine
435 4397 525 4440 cause
555 4382 705 4456 presentis
728 4381 941 4452 existentibus,
969 4381 1217 4454 agnoscebantur
1246 4377 1420 4435 luculenter
1449 4382 1480 4434 et

215 4489 387 4562 perspicue,
410 4503 468 4562 pro
492 4504 529 4546 eo
552 4487 733 4546 eorumdem
756 4487 955 4546 dominorum
978 4487 1183 4560 prelatorum,
1199 4485 1364 4554 baronum,
1381 4482 1479 4555 magi·

216 4599 361 4667 strorum,
385 4595 700 4669 prothonotariorum,
724 4595 874 4668 regnique
905 4593 1061 4652 nobilium
1093 4593 1174 4650 dicte
1205 4589 1287 4650 sedis
1317 4587 1479 4666 judiciarie

215 4717 403 4760 assessorum
427 4718 501 4760 sano
531 4710 561 4760 et
585 4702 759 4760 deliberato
790 4701 908 4760 inducti
937 4699 1066 4758 consilio
1096 4697 1327 4772 prenominatus
1356 4707 1479 4767 posses·

214 4809 315 4866 siones
335 4809 503 4880 Kobylyak
524 4815 555 4866 et
578 4807 750 4881 Zwyblyan
774 4808 869 4866 simul
892 4821 965 4866 cum
988 4805 1134 4879 premetis
1157 4801 1287 4875 reliquis
1311 4799 1490 4874 possessio*

214 4915 306 4972 nibus
340 4930 393 4973 seu
428 4915 545 4989 prediis
576 4931 612 4973 ac
642 4916 761 4976 tributo
795 4913 835 4971 ad
866 4912 991 4972 easdem
1015 4910 1215 4980 deserviente,
1239 4907 1357 4965 cunctis
1379 4901 1478 4964 ec'ia'm

214 5021 284 5079 aliis
305 5022 446 5096 ipsarum
470 5021 656 5080 utilitatibus
670 5022 730 5078 sub
747 5018 929 5078 earumdem
945 5025 1099 5076 metarum
1115 5014 1347 5085 inclusionibus,
1364 5011 1479 5085 quibus
