3948 5804
749 593 822 650 Dec.
840 606 894 670 32.
915 625 954 637 -
980 595 1035 652 An.
1060 608 1148 672 ¹422·
1544 613 1582 674 33

320 808 487 884 pestiferos
511 809 648 884 populus
672 807 711 866 de
734 824 815 868 anno
838 810 983 884 presenti,
1006 810 1037 868 in
1061 808 1139 868 festo
1162 811 1309 870 videlicet
1325 812 1503 870 beatissime
1517 813 1584 872 Tri·

316 915 429 988 nitatis,
453 921 488 974 ut
509 913 648 974 eiusdem
671 915 760 973 unice
783 915 909 974 deitatis
932 915 1038 989 emuli,
1062 917 1176 975 turrim
1199 916 1355 975 dictorum
1384 916 1585 976 dominorum

317 1020 356 1080 de
379 1021 518 1109 capitulo
540 1020 572 1079 in
594 1019 676 1079 dicta
699 1021 843 1095 ipsorum
861 1021 1011 1094 sacrilega
1034 1022 1158 1080 civitate
1174 1023 1314 1081 habitam
1330 1027 1361 1081 et
1376 1027 1584 1082 constructam

318 1127 461 1186 similiter
485 1127 613 1186 armatis
637 1129 781 1187 manibus
800 1125 1022 1188 circumdando
1039 1133 1068 1185 et
1084 1127 1339 1186 circumvolando
1354 1128 1471 1202 ubique
1488 1129 1583 1188 hosti·

317 1233 390 1292 liter
412 1233 639 1308 inpugnamnt;
663 1233 821 1307 quendam
852 1234 1035 1292 canonicum
1066 1233 1147 1292 dicte
1182 1233 1311 1292 ecclesie
1342 1239 1446 1293 nostre
1481 1249 1585 1309 cagra-

317 1338 442 1410 biensis‚
465 1339 613 1398 videlicet
632 1339 851 1398 honorabilem
875 1341 979 1398 virum
1002 1339 1166 1398 dominum
1195 1339 1377 1398 Ladislaum
1399 1339 1438 1398 de
1458 1340 1585 1399 Dauoth

317 1459 376 1518 pro
399 1445 539 1504 custodia
561 1449 592 1504 et
614 1446 852 1504 conservacione
874 1445 968 1504 turris
990 1443 1130 1502 eiusdem
1146 1451 1176 1502 et
1191 1461 1299 1504 rerum
1314 1445 1434 1520 prefate
1457 1446 1585 1504 ecclesie

317 1563 353 1607 ac
372 1564 499 1608 suarum
522 1552 553 1609 in
576 1551 678 1624 ipsam
702 1549 944 1626 deportatarum,
968 1550 1160 1624 deputatum,
1184 1551 1346 1609 extrahere
1372 1557 1402 1609 et
1417 1551 1584 1626 suspendio

318 1655 447 1729 tradere,
471 1657 562 1714 sicuti
585 1661 657 1714 ωηο
680 1671 825 1732 expresse
848 1662 878 1715 et
901 1656 1028 1730 publice
1043 1657 1223 1716 clamabant
1246 1661 1277 1714 et
1293 1657 1400 1731 pocius
1416 1657 1583 1729 latrabant,

318 1761 488 1821 fortissime
511 1767 583 1821 sunt
605 1763 736 1835 connati,
759 1763 930 1837 iniquitatis
953 1763 1064 1822 exinde
1086 1763 1216 1822 audacia
1231 1763 1270 1822 de
1285 1779 1368 1822 novo
1383 1763 1584 1822 vehementer

318 1875 441 1944 captata
463 1875 494 1928 et
517 1885 555 1928 ex
579 1870 747 1944 premissis.
770 1862 996 1947 iterumque,*)
1031 1870 1105 1928 licet
1138 1870 1205 1944 ipse
1240 1870 1409 1944 sacrilegus
1445 1871 1583 1945 populus

317 1975 395 2033 alias
417 1975 517 2033 eciam
540 1975 621 2034 circa
644 1973 758 2033 festum
782 1975 978 2032 Ascensionis
1002 1973 1130 2047 domini,
1154 1975 1300 2034 similiter
1322 1977 1466 2050 proxime
1481 1981 1584 2050 prete·

317 2081 422 2152 ritum,
444 2085 547 2139 erecto
570 2080 652 2138 dicto
675 2089 786 2138 eorum
808 2079 961 2153 sacrilego
985 2086 1015 2138 et
1038 2087 1165 2139 cruento
1185 2081 1313 2154 vexillo,
1329 2081 1437 2156 plures
1453 2097 1493 2140 ex
1507 2082 1585 2155 ipsis

318 2187 534 2260 iniquitatibus
558 2185 633 2245 filiis
653 2187 798 2245 similiter
821 2186 906 2245 clara
929 2185 991 2244 diei
1014 2187 1093 2260 luce,
1117 2187 1297 2246 hominibus
1313 2187 1469 2246 dictorum
1485 2185 1584 2246 dorni·

316 2307 429 2351 norum
451 2293 484 2351 in
507 2293 627 2367 campis
657 2293 874 2351 laborantibus
905 2308 941 2350 ac
971 2293 1131 2350 arantibus
1162 2293 1314 2350 miserunt
1345 2298 1375 2351 et
1405 2291 1585 2351 direxerunt

318 2397 460 2457 dedicta
492 2399 635 2474 ipsorum
668 2399 821 2472 sacrilega
855 2399 980 2457 civitate
1016 2398 1127 2456 animis
1162 2403 1191 2456 et
1215 2399 1441 2456 intencionibus
1464 2398 1581 2457 similia

317 2506 434 2564 scelera
456 2504 658 2580 perpetrandi
681 2513 712 2562 et
735 2503 773 2562 de
796 2517 880 2562 novo
903 2505 935 2562 in
958 2499 1086 2562 eosdem
1109 2503 1252 2562 dominos
1269 2503 1447 2563 deseviendi
1463 2509 1493 2562 et
1516 2517 1585 2561 ma·

316 2611 466 2684 lignandi,
490 2613 576 2686 ipsos
598 2611 741 2669 homines
763 2611 950 2685 capitulares
973 2611 1005 2669 in
1028 2609 1146 2668 eisdem
1162 2611 1289 2684 campis,
1305 2611 1349 2668 sic
1365 2615 1400 2668 ut
1415 2609 1582 2684 prefertur,

317 2717 494 2776 laborantes
517 2717 625 2791 agredi
642 2717 791 2789 faciendo,
808 2717 1015 2789 manibusque
1032 2715 1161 2774 armatis
1178 2721 1208 2772 et
1223 2715 1389 2773 hostilibus
1406 2716 1438 2773 in
1456 2715 1582 2773 eosdem

315 2824 462 2883 irruendo
484 2825 672 2900 expulerunt
695 2829 725 2882 et
750 2825 943 2900 repulerunt,
962 2822 1040 2897 ipsis
1056 2823 1166 2880 ceteris
1182 2821 1263 2880 dicte
1278 2823 1429 2895 sacrilege
1445 2822 1580 2880 civitatis

315 2931 495 2990 hominibus
529 2932 658 2990 armatis
688 2931 833 2989 similiter
867 2931 899 2989 in
931 2943 1022 2988 muro
1058 2935 1088 2988 et
1117 2930 1257 2987 turribus
1280 2929 1420 2988 eiusdem
1445 2929 1578 2987 civitatis

315 3037 550 3110 speculantibus
573 3043 603 3095 et
626 3037 863 3111 explorantibus
885 3051 903 3094 a
925 3037 1018 3109 longe
1041 3037 1073 3094 in
1095 3035 1190 3093 finem
1214 3041 1258 3096 et.
1274 3036 1427 3108 effectum,
1459 3049 1522 3109 quo
1550 3040 1581 3093 et

315 3145 342 3202 si
364 3144 426 3218 ipsi
449 3143 568 3210 domini
590 3143 643 3202 vel
666 3144 807 3218 ipsorum
831 3142 1002 3201 familiares
1018 3140 1137 3200 eisdem
1151 3142 1343 3212 restitissent,
1360 3147 1432 3200 tunc
1456 3140 1582 3199 eosdem

316 3265 392 3308 mox
415 3254 446 3308 et
469 3250 501 3309 in
524 3251 691 3308 continenti
714 3265 802 3308 more
825 3248 993 3324 predonico
1016 3252 1046 3305 et
1068 3248 1221 3320 premisso
1245 3249 1359 3305 iterum
1389 3247 1583 3317 invasissent,

315 3355 416 3430 parati
439 3356 566 3414 omnino
589 3357 701 3414 iterum
719 3355 905 3414 descendere
921 3356 952 3412 in
968 3353 1143 3429 capitulum
1159 3352 1374 3427 supradictum
1390 3368 1425 3411 ac
1442 3353 1580 3427 plateam

315 3462 528 3536 capitularem,
545 3462 692 3536 ipsosque
706 3463 907 3520 comburrere
923 3465 953 3518 et
968 3459 1149 3533 excogitatis
1166 3458 1489 3540 suppliciis-affligere
1504 3459 1584 3517 sicut

259 3599 264 3610 ·
316 3569 418 3643 prius;
445 3568 530 3643 quod
554 3570 661 3642 utique
685 3567 836 3640 fecissent,
859 3569 886 3626 si
908 3573 982 3626 tunc
1005 3565 1080 3624 dicti
1104 3565 1231 3636 domini,
1255 3564 1309 3638 qui
1332 3579 1462 3622 numero
1486 3563 1578 3638 pauci

315 3679 410 3747 erant,
431 3675 489 3734 hec
511 3679 541 3733 et
564 3674 626 3733 alia
650 3673 743 3748 plura
765 3674 891 3733 silencio
913 3677 943 3732 et
967 3687 1039 3731 cum
1062 3686 1186 3730 summa
1208 3671 1365 3745 paciencia
1387 3685 1449 3729 non
1480 3677 1583 3746 prete·

315 3780 427 3839 rissent
450 3785 480 3838 et
502 3781 708 3854 auffugissent
730 3779 864 3854 aliunde,
889 3796 945 3854 per
968 3780 1072 3853 ipsum
1103 3777 1266 3836 dominum
1298 3775 1478 3834 ladislaum
1509 3791 1579 3835 con·

283 3937 286 3944 ,
314 3887 498 3946 canonicum
533 3902 642 3946 eorum
676 3891 758 3945 certe
793 3891 919 3944 extenso
953 3884 991 3942 de
1027 3885 1096 3958 ipsa
1131 3883 1210 3941 turri
1232 3883 1322 3955 signo
1344 3883 1464 3955 arisati,
1487 3882 1578 3940 nobis

314 4009 439 4069 semper
461 3994 641 4052 absentibus
665 3999 695 4051 et
716 3994 810 4066 regiis
833 3992 973 4050 serviciis
993 3990 1209 4064 potencialiter
1231 3990 1452 4048 inherentibus.
1477 3987 1583 4062 Quod·

315 4113 377 4172 que
399 4099 438 4157 de
460 4099 520 4158 hiis
541 4099 688 4158 omnibus
710 4097 799 4157 nulla
821 4096 996 4156 satisfaccio
1019 4098 1060 4154 sit
1083 4095 1184 4153 adhue
1200 4095 1372 4168 subsecuta,
1396 4095 1469 4153 licet
1484 4109 1583 4167 usque

314 4205 347 4264 in
369 4221 496 4280 presens
520 4220 591 4263 cum
615 4205 701 4263 omni
723 4203 881 4279 paciencia
902 4203 1083 4278 prestolans,
1099 4199 1319 4260 nichilominus
1337 4201 1398 4274 ipsi
1414 4199 1581 4272 degeneres

313 4315 345 4369 et
366 4309 510 4369 infideles
532 4311 600 4384 filii,
624 4325 699 4383 gens
721 4310 830 4384 utique
853 4323 1001 4384 perversa
1025 4313 1055 4365 et
1079 4308 1198 4380 absque
1221 4307 1359 4378 consilio,
1372 4305 1579 4363 ecclesiastice

313 4417 468 4476 libertatis
490 4416 588 4476 emuli
609 4416 701 4475 illam
724 4420 858 4516 matrem
881 4429 971 4473 suam
995 4413 1169 4486 ecclesiam,
1192 4427 1340 4487 sponsam
1356 4417 1496 4470 nostram
1512 4426 1582 4485 pre·

314 4523 463 4582 dilectam
487 4531 517 4583 et
542 4523 608 4582 eius
631 4523 790 4581 ministros
813 4521 857 4580 sic
880 4537 942 4579 non
965 4519 1105 4578 verendo
1129 4517 1287 4576 offendere
1319 4523 1350 4576 et
1380 4517 1419 4575 ad
1451 4518 1580 4576 iniurias

418 4747 447 4814 ¹⁶)
466 4751 499 4798 Ῑη
519 4747 603 4798 altero
624 4747 744 4813 originali
763 4747 847 4797 alinea
865 4747 915 4797 ista
933 4747 970 4796 sic
989 4748 1097 4812 incipit:

312 4843 492 4918 iterumque
508 4841 604 4902 iidem
627 4843 718 4916 cives,
735 4842 835 4902 incole
851 4849 881 4900 et
895 4843 1041 4917 hospites,
1057 4839 1175 4916 judices
1192 4843 1222 4896 et
1237 4835 1330 4914 jurati
1346 4839 1377 4896 in
1394 4837 1473 4896 festo
1489 4837 1580 4895 beate

313 4950 502 5024 Margarithe
534 4949 664 5024 virginis
693 4953 795 5008 erecto
827 4947 910 5007 dicto
941 4963 1050 5007 eorum
1081 4945 1232 5018 sacrilego
1257 4949 1286 5001 et
1309 4949 1437 5002 cruento
1459 4942 1579 5001 vexillo

312 5049 423 5116 (coelem
441 5057 470 5100 ut
489 5048 585 5118 supra).

1483 5153 1499 5210 3
