3736 5826
751 467 822 523 Dec.
844 479 890 524 ra.
915 479 960 542 13.
982 499 1026 510 -
1048 465 1103 523 Am
1129 460 1349 542 leod-1407.

425 572 686 580 ——--——-—--.
695 573 700 577 -
711 573 847 578 ..--..----
853 571 1350 578 -—-——-——--.-.——-——-.—

421 683 581 742 Presentes
605 697 680 740 vero
702 689 774 756 post
797 683 949 740 lecturam
974 681 1062 740 reddi
1086 683 1230 740 iubemus
1247 682 1445 756 presentanti.
1469 680 1603 737 Datum
1624 675 1718 734 Bude

421 794 532 848 octavo
556 789 606 848 die
629 789 699 848 festi
721 789 968 864 Epiphaniarum
993 788 1121 848 domini.
1145 782 1237 848 Anno
1261 787 1398 846 eiusdem
1420 787 1606 844 millesimo
1635 795 1717 856 qua·

421 895 662 970 dringentesimo
685 901 782 953 sexto.

527 1049 661 1112 originale
681 1050 708 1098 in
727 1049 875 1098 membrana
902 1050 987 1113 Tergo
1006 1049 1158 1115 impressum
1177 1049 1291 1113 sigillum
1310 1049 1400 1099 maius.
1429 1051 1460 1098 In
1480 1049 1543 1098 nrch
1575 1047 1631 1097 lib.
1655 1061 1712 1108 reg.

421 1137 490 1187 civit.
510 1137 610 1200 zagrab.

1036 1328 1087 1396 12.

526 1472 606 1520 Anno
628 1471 702 1534 1406,
725 1483 763 1534 13.
783 1471 900 1536 januarii.
919 1471 1015 1524 Budae.

423 1599 629 1672 Sine'seumedus
650 1601 827 1675 Hungore'ne
849 1610 895 1658 etc.
919 1620 973 1659 rex
996 1603 1219 1660 communitatem
1241 1603 1366 1660 ciuitates
1396 1603 1499 1659 novellu
1536 1599 1702 1660 Grecense's

507 1705 556 1766 die
578 1716 763 1768 strenuorum
786 1709 932 1778 tribulum,
955 1709 1034 1782 quod
1052 1708 1154 1780 debuit,
1176 1710 1233 1766 sibi
1246 1708 1413 1783 pependisse
1434 1709 1601 1784 confimat.

1058 1844 1168 1898 Relacio
1187 1847 1295 1911 Piponis
1314 1845 1415 1914 comitis
1433 1845 1637 1896 Temessiensis,

524 1957 587 2015 Nos
609 1956 826 2050 S'ffiismundus
850 1957 898 2015 dei
931 1950 1035 2030 gracia
1064 1975 1119 2015 rex
1150 1958 1317 2032 Hungarie,
1348 1957 1520 2029 Daimacie,
1557 1955 1698 2013 Croacie

419 2067 474 2120 etc.
498 2063 700 2136 marchioque
723 2063 1043 2136 Brandemburgensis
1064 2071 1128 2135 etc,
1153 2065 1231 2122 sacri
1254 2063 1375 2122 romani
1391 2064 1516 2136 imperii
1531 2062 1695 2136 generalis

418 2169 553 2227 vicarius
577 2174 607 2226 et
628 2170 716 2242 regni
740 2169 886 2227 Boh'emie
909 2147 1107 2241 gubernator.
1133 2169 1282 2227 Memorie
1312 2168 1578 2240 commendamus,
1601 2167 1694 2241 quod

419 2275 493 2347 quia
517 2275 625 2334 fideles
648 2276 745 2333 nostri
769 2276 885 2346 Petrus,
910 2253 1009 2334 dictus
1021 2275 1151 2352 Saphar,
1174 2274 1265 2332 iudex
1289 2289 1325 2332 ac
1347 2274 1455 2332 Choon
1471 2280 1502 2332 et
1517 2274 1693 2356 Johannes,

418 2380 502 2438 tilius
527 2381 647 2454 Bozow,
670 2383 752 2439 cives
776 2382 909 2440 civitatis
932 2391 1036 2439 nostre
1060 2382 1174 2440 montis
1197 2380 1360 2440 Grecensis
1392 2377 1431 2438 de
1453 2380 1607 2454 Zagrabia
1633 2396 1689 2438 no·

418 2487 555 2544 minibus
578 2493 608 2545 et
630 2488 661 2545 in
685 2473 824 2562 personis
848 2488 1064 2546 universorum
1084 2488 1258 2545 concivium
1274 2493 1304 2545 et
1319 2487 1516 2561 cohospitum
1543 2487 1690 2560 ipsorum

322 2627 323 2631 =
417 2607 547 2650 munera
569 2598 764 2650 strennarum
787 2609 867 2651 anno
891 2595 1038 2668 presenti,
1061 2593 1146 2666 quod
1169 2591 1268 2650 eciam
1291 2592 1361 2650 aliis
1384 2593 1471 2650 annis
1495 2592 1535 2650 de
1565 2591 1686 2650 eisdem

417 2703 521 2756 nostre
544 2700 696 2757 maiestati
721 2701 887 2772 provenire
910 2699 1061 2766 debenda,
1085 2697 1288 2756 condecenter
1310 2705 1340 2755 et
1371 2698 1415 2755 uti
1446 2699 1588 2770 regalem
1616 2713 1689 2771 per·

417 2805 493 2862 tinet
516 2804 554 2861 ad
579 2806 771 2862 maiestatem
795 2806 834 2863 ad
857 2820 1014 2864 cameram
1042 2811 1180 2864 nostram
1203 2803 1354 2862 dederunt
1376 2810 1406 2861 et
1429 2804 1620 2875 obtulerunt,
1644 2802 1689 2861 ob

418 2911 476 2968 hoc
510 2926 566 2968 nos
600 2910 725 2968 eosdem
758 2913 842 2969 cives
885 2919 915 2969 et
945 2912 1083 2985 hospites
1115 2909 1196 2968 dicte
1226 2891 1360 2967 ciuitatis
1383 2909 1497 2967 montis
1521 2908 1688 2969 Grecensis

417 3015 577 3075 reddimus
601 3023 630 3073 et
654 3018 776 3075 racione
801 3020 942 3091 ipsorum
965 3033 1130 3074 munerum
1152 3023 1356 3088 strenuorum,
1380 3017 1498 3074 scilieet
1521 3018 1594 3074 anni
1618 3023 1685 3074 tan-

419 3123 582 3180 tummodo
606 3123 766 3196 presentis,
790 3125 1015 3181 committimus
1038 3123 1105 3181 fore
1128 3123 1289 3197 expeditos
1312 3131 1341 3182 et
1365 3125 1482 3198 pariter
1511 3123 1685 3194 absolutos,

417 3230 612 3303 presencium
636 3230 812 3287 testimonio
837 3229 1000 3288 mediante.
1023 3230 1142 3287 Datum
1166 3229 1250 3286 Bude
1266 3235 1377 3287 octavo
1393 3229 1443 3287 die
1460 3228 1530 3287 festi
1546 3229 1685 3303 Epipha-

416 3336 537 3393 niarum
562 3335 687 3394 domini.
712 3337 802 3393 Anno
825 3335 963 3393 eiusdem
987 3335 1156 3394 millesimo
1180 3335 1284 3393 CCCC
1306 3341 1400 3393 sexto.

523 3488 656 3552 Originale
675 3489 702 3538 in
721 3489 816 3540 charta.
836 3491 920 3552 Tergo
939 3489 1078 3553 impresum
1097 3495 1135 3536 est
1155 3504 1275 3552 maguum
1293 3487 1408 3554 sigillum
1426 3489 1501 3552 regis.
1532 3489 1563 3538 In
1581 3489 1678 3539 archiv.

417 3577 477 3628 incl.
498 3578 582 3629 Acnd,
602 3579 696 3628 Scient.
717 3578 814 3629 slavor.
835 3578 994 3630 meridional.

522 3880 602 3929 Auno
625 3893 698 3945 1407,
720 3883 743 3932 8.
764 3882 887 3945 Augusti.
1031 3790 1082 3857 13·

426 4010 628 4086 Ve'ces'am'tores
662 4012 737 4083 regis
770 4011 994 4068 coerennmilutem
1025 4010 1147 4067 erminus
1181 4011 1283 4066 montis
1312 4008 1462 4067 Grecense's
1484 4027 1536 4065 sex
1551 4009 1683 4083 florenos

411 4126 467 4190 pro
489 4126 606 4188 centum,
630 4117 753 4190 quolibet
772 4135 849 4172 aerem
871 4115 1030 4186 solvendos,
1053 4117 1132 4188 regio
1154 4117 1271 4172 aerario
1286 4115 1456 4189 pertendesse
1479 4115 1681 4189 eesemcamur.

522 4279 584 4337 Nos
609 4279 733 4352 phyton
758 4278 932 4352 Stephanus
948 4283 978 4336 et
993 4279 1152 4336 Emericus
1171 4276 1385 4354 vicejanitores
1401 4279 1485 4351 regie
1501 4277 1681 4337 maiestatis.

415 4388 565 4444 Memorie
594 4385 849 4444 commendamus
881 4402 937 4460 per
961 4393 1133 4459 presentes,
1158 4385 1242 4458 quod
1267 4363 1393 4458 providi
1416 4382 1492 4442 viri:
1514 4365 1681 4466 Johannes,

414 4493 499 4550 filius
523 4493 611 4550 Pauli
635 4499 664 4550 et
688 4494 767 4550 alter
790 4493 952 4574 Johannes,
976 4491 1060 4548 filius
1084 4492 1180 4564 Boiye
1211 4507 1248 4549 ac
1279 4491 1473 4562 Laurencius‚
1497 4491 1581 4548 cives
1605 4491 1681 4548 civi·

414 4601 485 4658 tatis
509 4601 623 4658 montis
647 4599 818 4670 Grecensis,
843 4613 969 4657 censum
993 4613 1046 4655 seu
1071 4599 1283 4671 pecuniariam
1306 4598 1507 4668 solucionem,
1531 4595 1680 4654 videlicet

414 4725 467 4765 sex
491 4707 622 4764 florenos
644 4721 701 4781 pro
726 4711 858 4777 centum,
882 4720 989 4776 novos,
1010 4705 1158 4778 magistro
1181 4702 1350 4779 janitorum
1366 4703 1520 4777 regalium
1537 4701 1680 4776 quolibet

413 4830 493 4873 anno
524 4815 647 4872 solvere
678 4813 844 4884 debendos,
877 4827 956 4870 anno
992 4811 1127 4885 presenti
1158 4811 1248 4868 nobis
1271 4810 1309 4868 de
1333 4809 1441 4868 eadem
1464 4809 1624 4867 solucione
1648 4815 1679 4866 et

413 4937 506 4980 censu
529 4923 619 4980 nobis
643 4921 862 4995 persolverunt
888 4918 990 4994 quoad
1025 4919 1163 4992 plenum.
1195 4917 1268 4975 Ideo
1300 4932 1356 4975 nos
1387 4916 1514 4974 eosdem
1536 4916 1620 4973 cives
1642 4929 1680 4972 ac
