3932 5806
392 587 453 649 ²90
806 571 879 628 Dac.
903 585 972 647 232.
996 603 1039 612 —
1062 570 1118 627 An.
1144 565 1237 647 1464.

1386 675 1651 683 --—-——-——-

389 786 623 860 archiepiscopi,
640 785 763 859 locique
785 785 922 844 eiusdem
947 779 1125 844 Colocensis
1150 785 1270 843 comitis
1294 785 1447 860 perpetui,
1462 785 1534 843 aule
1548 789 1653 844 nostre

389 892 528 966 sumpmi
551 891 737 964 cancellarii,
760 891 863 950 fidelis
886 892 983 949 nostri
1008 892 1121 950 dilecti.
1144 893 1235 949 Anno
1258 890 1377 950 domini
1393 891 1561 950 millesimo
1577 906 1651 966 qua-

389 999 629 1072 dringentesimo
653 999 844 1071 sexagesimo
870 1005 989 1071 quarto,
1011 1014 1093 1057 nono
1116 998 1263 1057 kalendas
1286 999 1404 1073 aprilis,
1437 999 1524 1072 regni
1554 998 1652 1056 nostri

388 1120 469 1164 anno
492 1105 633 1179 septimo,
658 1106 868 1164 coronacionis
889 1120 964 1163 vero
988 1106 1098 1179 prima.
1130 1105 1371 1162 venerabilibus
1393 1105 1425 1163 in
1449 1105 1572 1163 Christo
1597 1119 1651 1178 pa·

387 1211 497 1284 tribus,
514 1211 656 1284 dominis,
673 1210 821 1284 Dionysio
844 1211 883 1268 de
905 1211 1011 1283 Zeech,
1034 1211 1193 1284 cardinali,
1216 1211 1420 1284 strigoniensi,
1455 1210 1565 1269 eodem
1596 1209 1651 1268 do·

389 1319 473 1376 mino
516 1316 672 1391 Stephano
703 1317 864 1389 colocensi,
896 1317 1153 1391 archiepiscopis;
1188 1315 1332 1374 Ladislao
1361 1317 1503 1390 agriensi,
1532 1316 1651 1400 Joanne

388 1423 583 1496 waradiensi,
608 1423 736 1482 Nicolao
760 1424 1025 1496 transylvaniensi,
1049 1423 1240 1496 zagrabiensi
1263 1422 1335 1480 sede
1366 1427 1503 1494 vacante,
1532 1422 1651 1506 Joanne

388 1531 710 1604 quinqueecclesiensi‚
735 1530 866 1588 Alberto
883 1531 1106 1603 vesprimiensi,
1123 1529 1296 1603 Augustino
1312 1526 1467 1604 jauriensi,
1484 1528 1650 1586 Vincencio

388 1637 539 1708 waciensi,
563 1637 694 1694 Alberto
717 1635 922 1707 chanadiensi,
946 1637 1067 1694 Thoma
1088 1635 1235 1707 nitriensi,
1261 1636 1403 1693 bosnensi
1425 1634 1497 1693 sede
1513 1641 1649 1704 vacante,

386 1743 587 1801 ecclesiarum
606 1743 766 1817 episcopis,
783 1742 925 1824 ecclesias
949 1741 996 1799 dei
1014 1741 1145 1800 feliciter
1160 1742 1413 1815 gubernantibus.
1431 1741 1508 1799 Item
1531 1741 1649 1814 magni·

387 1846 453 1906 ficis
484 1847 633 1904 Michaele
662 1847 799 1919 Orszagh
829 1846 868 1904 de
898 1845 1001 1918 thh,
1031 1848 1119 1920 regni
1148 1847 1306 1920 Hungarie
1331 1847 1468 1920 predicti,
1500 1847 1647 1920 palatino,

387 1953 528 2012 Emerieo
552 1953 591 2010 de
613 1953 750 2027 Zapolya
773 1953 860 2024 regni
882 1953 980 2010 nostri
1012 1951 1171 2010 Bosnensis
1200 1953 1415 2026 gubernatore,
1448 1952 1577 2010 Nicolao
1612 1952 1651 2010 de

386 2058 512 2132 Wylalr,
534 2059 652 2142 Joanne
684 2059 836 2131 Pongraca
868 2057 907 2115 de
937 2059 1117 2131 Dengelegh
1149 2059 1299 2117 walvodis
1331 2059 1649 2131 transilvaniensibus,

386 2165 500 2222 comite
531 2164 675 2223 Ladislao
706 2165 744 2222 de
776 2165 891 2236 Paloca,
924 2164 1026 2240 judice
1056 2166 1140 2222 curie
1169 2171 1281 2237 nostre,
1313 2165 1423 2223 eodem
1445 2165 1588 2223 Emerico
1611 2165 1650 2223 de

387 2270 534 2345 Zapolya,
557 2271 726 2342 Dalmacie,
749 2271 898 2328 Chroacie
921 2288 977 2329 nec
999 2287 1061 2329 non
1083 2271 1245 2330 Sclauonie
1276 2287 1443 2344 regnorum
1471 2277 1649 2330 nostrorum

387 2383 417 2436 et
441 2376 562 2452 prefato
586 2377 714 2434 Nicolao
730 2376 769 2434 de
784 2376 900 2449 Wylalr
915 2377 1053 2435 eiusdem
1077 2377 1239 2435 Sclauonie
1261 2383 1291 2435 et
1315 2378 1534 2436 machowiensi
1553 2379 1649 2460 banis¹

386 2486 503 2543 honore
526 2485 656 2542 banatus
685 2484 848 2541 zewrensis
880 2490 1014 2555 vacante,
1038 2485 1155 2566 Joanne
1178 2485 1216 2542 de
1246 2484 1379 2556 Rozgon‚
1409 2485 1650 2554 tavarnicorum,

387 2589 550 2647 Benedicta
581 2590 619 2647 de
650 2590 812 2661 Thwrocz,
841 2588 1024 2665 janitorum,
1057 2590 1180 2649 Andrea
1211 2591 1366 2662 Pongracz
1402 2590 1441 2647 de
1466 2590 1650 2664 Dengelegh

386 2697 611 2770 pincernarum,
644 2696 788 2753 Ladislao
822 2696 861 2754 de
891 2695 1005 2754 Bathor
1028 2696 1247 2770 dapiferorum,
1273 2696 1369 2754 Paulo
1401 2696 1440 2754 de
1468 2697 1595 2755 Dombo
1618 2704 1649 2755 et

385 2801 529 2860 ladislao
553 2800 591 2860 de
615 2801 736 2874 Wesen,
759 2817 930 2875 agazouum
961 2809 1136 2861 nostrorum
1157 2803 1310 2875 regalium
1336 2803 1500 2876 magistris,
1525 2803 1649 2862 Andrea

386 2907 624 2980 Pawmkiroher,
649 2910 824 2982 posoniensi
854 2913 885 2967 et
915 2909 1003 2967 Petro
1037 2908 1075 2966 de
1105 2908 1202 2966 Zokol
1237 2909 1441 2968 thurocziensi
1471 2910 1650 2982 comitibus,

384 3014 516 3088 aliisque
547 3013 788 3088 quampluribus
818 3015 905 3087 regni
934 3015 1032 3072 nostri
1062 3015 1225 3072 comitatus
1260 3015 1435 3073 tenentibus
1457 3019 1488 3073 et
1507 3016 1649 3076 honores.

490 3170 514 3218 E
533 3175 693 3234 transumpto
721 3169 810 3234 imper.
841 3168 996 3217 Ferdinandi
1024 3170 1061 3228 11,
1090 3168 1122 3216 de
1149 3183 1216 3218 anno
1245 3167 1318 3220 1626.
1338 3170 1378 3221 In.
1397 3169 1512 3219 archivio
1530 3168 1577 3221 lib.
1597 3186 1650 3235 rag¹

384 3257 454 3309 civit.
472 3257 573 3322 zagrab.

980 3453 1065 3518 232.

491 3611 572 3660 Anno
594 3609 669 3674 1464,
690 3623 731 3674 24.
751 3613 844 3662 martii.
862 3613 958 3662 Budas.

384 3728 413 3786 Α
435 3727 566 3798 Mathia,
588 3729 766 3802 Hungariae
788 3737 835 3786 etc.
855 3747 929 3803 rege,
951 3731 1153 3788 communitati
1172 3731 1298 3787 civitatis
1312 3733 1450 3802 precanti
1460 3731 1649 3804 privilegiam

383 3841 529 3894 mercatus
551 3836 707 3909 quotannis
729 3835 774 3893 die
795 3854 817 3893 s.
839 3835 942 3893 Marci
954 3837 1034 3910 sesto
1056 3836 1188 3906 habendi,
1210 3836 1326 3910 quoda
1347 3835 1422 3892 Belo
1445 3836 1468 3892 I
1472 3836 1503 3906 V,
1525 3855 1592 3910 rege
1610 3843 1653 3896 est

828 3959 992 4012 concessam,
1015 3944 1211 4018 confimatur.

1089 4080 1243 4130 commissio
1262 4081 1366 4145 propria
1384 4080 1482 4129 domiui
1501 4081 1578 4143 regis.

489 4193 620 4250 Mathias
651 4191 700 4249 dei
723 4193 826 4264 gracia
850 4192 1014 4264 Hungarie,
1048 4193 1216 4262 Dalmacie,
1240 4192 1375 4264 Croacie,
1398 4193 1496 4250 Rame
1529 4193 1647 4266 Seruio,

384 4299 525 4371 Gallicie,
549 4298 742 4368 Lodomerie,
766 4299 924 4369 Cumanie,
949 4299 1153 4372 Bulgarieque
1176 4315 1240 4357 rex.
1265 4299 1417 4358 Omnibus
1441 4299 1558 4358 Christi
1575 4299 1649 4359 fide-

383 4405 467 4463 libus
500 4405 694 4478 presentibus
718 4414 747 4461 et
771 4403 882 4461 futuris
907 4405 1100 4478 presencium
1123 4405 1268 4463 noticiam
1292 4405 1445 4463 habituris
1468 4407 1601 4464 salutem
1617 4406 1649 4464 in

384 4511 524 4569 omnium
556 4511 720 4568 salvatore.
752 4509 801 4566 Ad
833 4511 1049 4568 universomm
1081 4511 1227 4569 noticiam
1257 4512 1370 4569 harum
1401 4512 1479 4570 serie
1502 4512 1649 4569 volumus

384 4617 556 4691 pervenire,
588 4616 671 4688 quod
703 4615 870 4689 prudentes
893 4623 923 4673 et
946 4616 1163 4689 circumspecti
1186 4617 1332 4675 Nicolaus
1354 4613 1449 4692 judex
1472 4631 1508 4686 ac
1531 4618 1649 4676 Antho-

382 4725 451 4783 nius
482 4729 512 4780 et
543 4722 663 4781 Blasius
692 4721 786 4798 jurati
815 4723 898 4781 cives
929 4724 1063 4781 civitatis
1093 4731 1197 4782 nostre
1227 4725 1342 4783 montis
1373 4723 1536 4782 Grecensis
1558 4725 1644 4782 iuxta

379 4830 574 4904 Zagrabiam,
597 4837 701 4887 nostre
725 4829 892 4887 maiestatis
915 4830 1071 4887 venientes
1094 4831 1126 4888 in
1150 4831 1347 4904 presenciam,
1371 4831 1434 4888 suis
1458 4845 1493 4887 ac
1516 4831 1641 4888 unirer·

381 4951 488 4996 sorum
512 4937 627 4995 civium
650 4941 679 4993 et
702 4935 946 4994 inhabitatorum
967 4951 1003 4993 ac
1019 4937 1116 4994 tocius
1140 4937 1370 4994 communitatis
1402 4935 1483 4994 dicte
1514 4936 1648 4994 civitatis

381 5050 486 5103 nostre
502 5045 614 5102 montis
637 5042 799 5102 Grecensis
821 5043 1000 5101 nominibus
1022 5049 1052 5101 et
1067 5043 1207 5118 personis
1230 5044 1436 5102 exbibuerunt
1448 5049 1478 5101 et
1493 5049 1643 5118 presenta
