3828 5822
667 603 742 665 Dor.
760 615 838 680 309.
861 637 903 646 —
927 604 982 662 An.
1008 600 1099 685 1478.

832 814 924 882 309.

350 935 431 984 Anno
453 935 527 999 1478,
548 945 572 987 2.
589 935 708 1000 januarii.
728 936 874 1000 Zagrabiae.

244 1042 401 1102 Libertatis
416 1044 608 1122 privilegium
637 1047 719 1102 nonis
748 1045 904 1119 hospitibus
928 1063 958 1103 m
981 1065 1052 1104 area
1075 1047 1234 1120 capitulari
1254 1045 1464 1122 congregandis
1490 1067 1511 1106 o

657 1134 782 1207 capitulo
804 1133 914 1207 cagrab
944 1134 1092 1197 tribuitur.

349 1259 530 1334 Capitulum
552 1260 681 1319 ecclesie
703 1261 917 1333 zagrabiensis.
949 1261 1102 1319 Omnibus
1125 1261 1242 1320 Christi
1265 1259 1411 1320 fidelibus
1435 1279 1505 1336 pre·

243 1365 384 1424 sencium
415 1366 563 1424 noticiam
592 1366 755 1438 habituris,
788 1367 921 1424 salutem
951 1367 983 1425 in
1006 1365 1132 1425 domino
1162 1367 1393 1442 sempiternam.
1416 1367 1506 1428 Sint

242 1475 333 1529 vetus
356 1470 413 1528 illa
436 1485 472 1528 nc
496 1469 622 1544 vulgata
645 1471 745 1530 innuit
760 1471 934 1545 auctoritas,
958 1471 1034 1530 felix
1057 1477 1086 1530 et
1109 1473 1246 1545 gloriosa
1279 1481 1324 1532 est
1347 1473 1402 1532 illa
1426 1474 1501 1532 civi·

242 1579 299 1647 tas,
324 1591 384 1649 que
407 1581 548 1650 tempore
571 1575 657 1650 pacis
679 1577 768 1635 timet
791 1576 885 1649 bella,
909 1578 1009 1636 multo
1033 1577 1172 1652 profecto
1196 1577 1317 1637 felicior
1339 1595 1375 1637 ac
1398 1581 1504 1638 trium·

243 1681 330 1756 phali
352 1679 446 1739 laude
468 1681 634 1754 gloriosior
661 1682 717 1740 illa
734 1667 917 1756 censebitur,
934 1699 994 1758 que
1016 1699 1092 1756 pace
1108 1685 1237 1756 abiecta,
1259 1685 1362 1758 quiete
1378 1683 1507 1759 depulsa

243 1792 273 1846 et
303 1788 515 1862 tranquilitate
543 1787 681 1862 relegata
711 1789 791 1847 inter
820 1787 915 1847 duros
946 1788 1083 1847 hostium
1114 1805 1227 1848 cuneos
1259 1797 1290 1848 et
1322 1789 1508 1849 fortissimas

245 1895 433 1952 bellatorum
463 1895 543 1953 acies
573 1894 723 1969 exposita,
762 1895 876 1954 victrix
905 1899 935 1953 et
966 1895 1055 1953 salva
1084 1897 1299 1970 permanserit.
1319 1897 1357 1955 Et
1381 1896 1506 1971 quidem

242 2001 382 2073 primum
404 2000 517 2059 horum
542 1999 614 2059 licet
629 2000 752 2074 ingenio
768 2001 915 2074 consequi
931 2001 1036 2074 possit,
1059 2001 1193 2059 alterum
1210 2007 1312 2060 tamen
1334 2017 1398 2062 non
1412 2003 1508 2061 modo

242 2105 376 2179 ingenio,
411 2121 522 2171 rerum
554 2106 653 2165 eciam
683 2111 718 2164 ut
747 2105 867 2165 viribus
898 2106 1088 2180 adipiscatur
1117 2109 1176 2166 erit
1204 2123 1334 2168 necesse.
1365 2107 1507 2168 Proiecto

241 2226 306 2286 nos,
336 2213 369 2271 in
398 2225 476 2287 quos
506 2213 593 2271 iuxta
622 2227 731 2272 vocem
763 2213 968 2288 apostolicam
1000 2214 1077 2273 fines
1109 2215 1286 2273 seculorum
1309 2213 1506 2288 devenerunt,

241 2333 318 2393 pace
349 2324 379 2378 et
411 2320 623 2392 tranquilitate
654 2320 777 2394 penitus
807 2321 918 2392 orbati,
948 2320 1002 2379 sed
1034 2319 1098 2380 iere
1130 2323 1171 2379 ab
1202 2335 1239 2380 eo
1260 2326 1410 2394 tempore,
1442 2335 1505 2394 quo

243 2425 300 2498 illa
323 2425 430 2483 inclita
452 2431 482 2483 et
513 2425 772 2484 excellentissima
801 2425 975 2500 imperialis
1005 2426 1081 2484 urbs
1112 2425 1453 2500 Constantinopolitano
1477 2433 1507 2484 et

243 2529 354 2589 deinde
376 2535 477 2590 cetere
500 2531 610 2590 Grecie
641 2547 676 2590 ac
701 2533 760 2590 alie
788 2532 1028 2591 christianorum
1058 2537 1139 2591 terre
1169 2537 1201 2590 et
1229 2533 1323 2591 urbes
1353 2547 1411 2606 per
1442 2531 1507 2590 nef·

242 2635 442 2695 fandissimos
465 2637 614 2710 Thurcos,
639 2637 738 2696 crucis
762 2637 878 2696 Christi
901 2637 1020 2696 domini
1042 2638 1140 2697 nostri
1162 2637 1303 2697 inimicos
1334 2643 1365 2696 et
1394 2637 1503 2696 imma·

240 2743 387 2801 nissimas
417 2742 550 2815 belluas,
581 2744 716 2814 subacto,
739 2748 888 2816 occupate
918 2749 949 2801 et
971 2743 1072 2802 dirute
1093 2749 1181 2816 sunt;
1206 2743 1349 2802 inclitum
1381 2757 1505 2817 quoque

240 2863 372 2922 regnum
394 2853 539 2907 nostrum
562 2864 632 2906 cum
656 2849 801 2908 omnibus
817 2849 1047 2908 circumvicinis
1070 2849 1170 2922 terris,
1192 2849 1295 2922 regnis
1318 2865 1354 2907 ac
1377 2849 1504 2923 provin·

242 2955 296 3012 ciis
328 2955 560 3026 gloriosissimis
591 2955 742 3014 continuis
773 2955 954 3014 eorumdem
986 2955 1156 3014 bestiarum
1187 2955 1309 3014 bellicis
1331 2955 1506 3013 incursibus

241 3076 321 3135 pene
345 3061 486 3120 attritum
503 3065 534 3119 et
553 3076 766 3136 compressum
791 3067 837 3119 est
859 3062 946 3134 adeo,
970 3065 1004 3120 ut
1026 3062 1088 3120 iam
1112 3062 1225 3120 maiori
1246 3062 1279 3120 in
1301 3066 1391 3136 parte
1412 3061 1506 3120 vasti·

240 3168 296 3225 tati
318 3171 348 3224 et
370 3166 559 3225 desolacioni
582 3168 757 3242 subactum,
785 3166 879 3225 finale
896 3165 1052 3226 excidium
1067 3168 1262 3240 prestoletur.
1286 3167 1350 3225 Nos
1372 3167 1502 3240 inquam

240 3287 315 3347 pace
338 3273 444 3344 oblita,
468 3273 696 3346 tranquillitate
719 3287 736 3331 e
759 3273 910 3331 memoria
933 3273 1032 3347 lapsa,
1056 3273 1153 3331 vitam
1177 3273 1257 3331 hane
1280 3273 1427 3330 miseram
1451 3272 1505 3330 vix

239 3380 425 3453 respirantes
458 3378 615 3452 degemus,
648 3379 753 3438 felices
783 3395 819 3438 ac
852 3381 958 3438 beatos
990 3379 1063 3437 illos
1097 3379 1292 3451 arbitrantes,
1327 3378 1382 3452 qui
1415 3383 1504 3436 antea

238 3491 373 3544 mortem
395 3485 546 3543 obierunt.
569 3485 633 3544 Nos
656 3501 763 3544 rursus
779 3487 908 3560 inquam
930 3486 987 3543 hos
1003 3485 1083 3543 inter
1099 3483 1217 3542 medios
1233 3483 1502 3558 nephandissimos

239 3592 380 3650 inimicos
413 3597 443 3649 et
466 3589 540 3649 fidei
562 3596 666 3650 nostre
689 3591 816 3650 rabidos
840 3593 943 3650 hostes
973 3591 1108 3665 expositi
1137 3605 1173 3649 ac
1195 3603 1304 3648 eorum
1328 3589 1504 3648 fortissimis

239 3699 364 3757 aciebus
387 3698 530 3772 oppressi
552 3697 703 3772 cogimur,
726 3698 862 3756 velimus
885 3697 1028 3769 nolimus,
1061 3712 1254 3771 quamquam
1276 3695 1421 3768 religioni
1446 3710 1500 3754 no·

238 3811 301 3864 stre
314 3805 442 3863 minime
465 3811 655 3878 congrueret,
673 3820 735 3864 non
751 3805 845 3864 modo
861 3805 1028 3878 ingenium,
1045 3819 1156 3862 verum
1178 3805 1286 3876 eciam,
1302 3805 1397 3876 prout
1411 3801 1503 3859 nobis

239 3911 389 3984 possibile
413 3915 467 3984 est,
491 3911 573 3970 vires
596 3911 753 3984 adhibere,
785 3912 900 3985 quibus
923 3909 1131 3968 mediantibus
1154 3909 1295 3986 hostibus
1318 3913 1348 3965 et
1369 3907 1502 3965 inimicis

238 4016 399 4075 antedictis
422 4018 564 4075 resistere
587 4022 617 4075 et
648 4022 824 4091 presentem
847 4023 986 4076 nostram
1009 4016 1168 4074 civitatem
1198 4030 1252 4073 seu
1284 4013 1501 4085 municionem,

239 4123 326 4179 cuius
348 4123 412 4180 iam
436 4123 543 4180 divina
565 4121 688 4182 favente
718 4123 887 4182 clemencia
917 4139 955 4181 ex
985 4122 1107 4188 indulto
1140 4121 1329 4179 serenissimi
1351 4119 1503 4194 principis

239 4234 269 4285 et
292 4227 420 4300 domini,
452 4227 570 4286 domini
601 4229 724 4301 Mathie,
757 4228 805 4286 dei
837 4229 941 4302 gracia
972 4227 1053 4301 regis
1076 4227 1243 4299 Hungarie‚
1275 4225 1420 4284 Bohemie
1444 4229 1501 4283 etc.

239 4331 358 4391 domini
380 4335 477 4392 nostri
507 4337 658 4393 naturalis
692 4342 722 4394 et
753 4335 984 4408 graciosissimi,
1015 4349 1133 4392 necnon
1156 4333 1255 4390 eciam
1278 4331 1316 4389 de
1339 4331 1500 4389 voluntate

239 4446 268 4496 et
292 4440 495 4513 permissione
526 4441 690 4499 reverendi
719 4442 751 4500 in
780 4441 904 4500 Christo
932 4440 1030 4514 patris
1061 4439 1180 4498 domini
1211 4437 1341 4496 Osualdi
1363 4436 1503 4511 episcopi

238 4551 268 4602 et
291 4545 404 4618 prelati
427 4547 524 4604 nostri
547 4548 629 4605 bona
653 4545 853 4605 fundamenta
875 4544 954 4622 jacta
978 4552 1007 4604 et
1031 4561 1089 4620 pro
1114 4545 1224 4603 maiori
1248 4549 1336 4618 parte
1359 4558 1503 4602 consum·

238 4657 321 4708 mata
344 4652 487 4725 existunt,
510 4653 551 4710 ab
574 4667 683 4711 eorum
706 4653 881 4711 incursibus
905 4658 1005 4710 tutare
1028 4659 1058 4710 et
1081 4650 1240 4709 defensare
1263 4651 1426 4724 possimus.
1444 4649 1502 4707 His

237 4757 333 4830 igitur
369 4763 399 4814 et
431 4758 647 4817 huiuscemodi
679 4760 871 4833 respectibus
902 4758 1045 4833 permoti,
1077 4758 1193 4815 talibus
1224 4755 1357 4829 denique
1387 4754 1503 4813 aculeis

239 4864 345 4936 puncti
368 4868 398 4921 et
422 4864 547 4936 incitati,
572 4863 767 4923 advertentes
789 4865 1009 4923 nichilominus
1033 4863 1152 4922 dietum
1167 4861 1248 4920 illud
1271 4862 1437 4935 sapientis:
1459 4876 1499 4918 ve

238 4970 306 5040 soli,
323 4971 396 5043 quia
412 4986 484 5028 cum
500 4970 652 5043 ceciderit,
673 4987 735 5029 non
757 4971 886 5029 habebit
908 4970 1142 5040 sublevantem;
1166 4967 1359 5026 considerata
1383 4968 1501 5039 magni-

238 5075 343 5134 tudine
367 5081 397 5134 et
426 5077 635 5150 amplitudine
666 5076 804 5134 eiusdem
836 5077 969 5135 civitatis
1000 5075 1066 5133 sive
1098 5073 1281 5132 municionis
1312 5079 1429 5143 nostre,
1462 5071 1501 5129 ad

1403 5193 1439 5247 25
