3736 5826
635 571 708 630 Doc.
726 581 758 644 5.
785 603 824 612 —
849 571 905 628 An.
930 584 1020 648 1402.
1446 585 1461 639 5

133 788 303 846 concessa,
332 777 379 836 de
409 783 633 854 quibuslibet
656 786 745 844 bonis
767 786 908 860 ipsorum
940 790 970 842 et
1004 785 1108 855 rebus,
1143 783 1209 842 tani
1243 781 1389 840 videlicet
1426 781 1464 840 de

129 882 285 953 ipsorum
314 884 515 948 beneficiis
540 891 698 964 acquisitis
722 907 818 964 quam
840 891 903 949 alio
926 905 1123 965 quocumque
1148 889 1242 948 modo
1275 889 1401 963 plenam
1433 895 1463 946 et

131 988 380 1050 omnimodam
406 997 566 1055 testandi
589 1003 619 1056 et
642 997 673 1056 in
696 999 808 1056 ultimo
832 1002 907 1056 roto
930 996 1114 1072 disponendi
1134 1001 1317 1069 potestatem
1333 1009 1392 1069 pro
1408 1011 1463 1053 sue

137 1094 246 1153 libeto
271 1099 482 1159 voluntatis
513 1104 598 1161 etin
621 1104 722 1178 ipsius
745 1103 974 1162 testamentarie
1009 1103 1225 1176 disposicionis
1257 1117 1312 1160 seu
1342 1101 1464 1160 ordina·

134 1200 242 1260 cionis
269 1201 429 1264 fuissent
458 1217 498 1267 et
523 1216 622 1268 essent
646 1210 706 1284 ipsi
730 1215 892 1270 eteorum
916 1208 1149 1283 predecessores
1176 1205 1254 1284 juris
1269 1208 1462 1282 possessione

137 1301 287 1380 pacifica
313 1317 351 1369 et
380 1314 511 1386 quieta
534 1316 586 1374 vel
608 1301 705 1388 quasi,
718 1331 813 1389 quam
837 1315 965 1390 quidem
988 1313 1241 1372 consuetudinem
1265 1319 1295 1372 et
1309 1313 1464 1390 prescrip·

139 1413 246 1474 cionis
259 1417 544 1480 observanciam
559 1421 770 1495 plurimorum
783 1429 962 1480 nostrorum
977 1420 1233 1496 predecessorum
1249 1419 1463 1493 predictorum

136 1520 342 1581 litterarum
380 1528 588 1585 testimoniis
617 1527 737 1586 ibidem
772 1529 965 1602 specietenus
995 1541 1101 1584 coram
1132 1526 1222 1584 nobis
1253 1526 1462 1584 exhibitarum

142 1629 403 1702 approbabant
431 1632 508 1692 fore
531 1633 765 1706 confirmatam;
782 1634 992 1709 supplicantes
1015 1633 1105 1691 nobis
1120 1633 1280 1690 humiliter
1296 1637 1326 1690 et
1342 1631 1463 1704 devote,

143 1738 321 1806 quatenus
350 1752 421 1796 nos
452 1740 554 1798 eciam
587 1740 730 1813 ipsorum
752 1739 946 1798 laudabilem
969 1737 1222 1798 consuetudinem
1243 1738 1463 1812 approbantes,

144 1845 353 1900 nostrarum
381 1843 598 1918 dignaremur
620 1845 769 1904 roborare
792 1845 963 1920 patrocinio
993 1845 1177 1903 litterarum.
1212 1843 1275 1902 Nos
1298 1844 1393 1918 igitur
1416 1845 1462 1917 ip·

148 1959 271 2005 sorum
309 1947 421 2024 justis
456 1957 489 2010 et
518 1949 737 2027 jurisconsonis
759 1951 968 2026 peticionibus
992 1949 1194 2026 paternaliter
1217 1949 1364 2016 inclinati,
1389 1951 1462 2023 quia

149 2066 191 2108 ex
216 2053 386 2126 ipsorum
414 2057 675 2132 predecessorum
699 2037 877 2117 nostrorum
900 2058 1076 2115 litterarum
1100 2056 1266 2128 tenoribus,
1302 2070 1380 2128 quos
1410 2056 1463 2114 hic

152 2172 217 2230 pro
243 2159 468 2222 sufficienter
490 2165 644 2238 expressis
668 2169 698 2222 et
721 2163 918 2238 presentibus
941 2178 999 2237 pro
1023 2163 1145 2220 insertis
1169 2162 1284 2236 habere
1312 2161 1459 2218 volumus

155 2271 188 2320 et
213 2265 405 2340 habemus,
432 2269 546 2342 quibus
570 2271 666 2327 eciam
692 2269 811 2343 absque
834 2269 1028 2328 exhibicione
1051 2255 1191 2341 ipsarum
1215 2267 1357 2341 priorum
1380 2267 1462 2324 litte·

156 2384 286 2443 rarum,
315 2372 363 2430 de
393 2376 512 2448 quibus
535 2390 630 2448 supra
652 2375 688 2432 fit
710 2377 840 2447 mencio,
865 2391 989 2449 semper
1010 2379 1042 2431 et
1065 2374 1182 2447 ubique
1205 2373 1302 2431 fidem
1317 2372 1459 2430 adhiberi

160 2476 326 2536 volumus
354 2485 392 2537 et
416 2480 620 2552 declaramus
655 2467 864 2556 comperimus
887 2479 970 2538 clare
993 2480 1109 2538 dictam
1140 2478 1394 2538 consuetudinem
1418 2485 1462 2536 te·

163 2582 274 2641 standi
310 2583 392 2644 sore
425 2587 520 2645 fuisse
551 2592 580 2644 et
611 2603 679 2663 esse
707 2587 747 2644 ab
770 2589 897 2660 antiquo
929 2585 967 2644 de
990 2585 1071 2657 stilo,
1096 2599 1183 2643 more
1206 2590 1236 2642 et
1259 2585 1461 2644 observancia

167 2688 323 2749 eiusdem
358 2699 467 2751 nostre
496 2694 705 2766 zagrabiensis
735 2694 863 2752 ecclesie
886 2694 928 2751 ita
951 2707 1008 2766 per
1031 2692 1136 2749 omnia
1159 2695 1276 2749 tentam
1302 2697 1332 2748 et
1355 2691 1461 2749 obser·

168 2801 281 2854 vatam
310 2813 352 2856 ac
374 2799 471 2857 modo
496 2801 659 2884 prehabito
683 2799 834 2873 legittime
858 2800 1064 2874 prescriptam
1087 2805 1116 2856 et
1143 2815 1200 2873 per
1215 2797 1370 2856 antefatos
1390 2814 1459 2872 pre·

175 2899 372 2962 decessores
408 2911 530 2963 nostros
560 2905 793 2978 confirmatam,
829 2907 994 2978 omniaque
1025 2905 1086 2962 alia
1117 2911 1147 2963 et
1177 2887 1301 2977 singula
1332 2911 1456 2962 narrata

178 3007 332 3080 ipsorum
359 3013 492 3069 veritate
516 3011 629 3084 fulciri,
659 3011 730 3069 ideo
759 3027 815 3070 nos
845 3029 884 3070 ex
915 3019 998 3069 certa
1020 3013 1149 3070 sciencia
1173 3017 1278 3068 nostra
1303 3016 1333 3068 et
1355 3011 1459 3068 animo

176 3112 363 3175 deliberato
395 3117 548 3192 prefatam
580 3119 722 3192 ipsorum
754 3109 886 3175 fratrum
917 3123 1095 3174 nostrorum
1126 3123 1156 3174 et
1187 3117 1321 3174 aliarum
1361 3117 1459 3190 ipsius

183 3219 319 3279 ecclesie
344 3229 450 3281 nostre
474 3237 677 3296 personarum
695 3223 888 3281 laudabilem
904 3223 1157 3281 consuetudinem
1173 3227 1275 3280 ratam
1290 3229 1319 3280 et
1335 3235 1457 3296 gratam

182 3323 340 3386 habentes
365 3335 395 3386 et
418 3329 637 3404 approbantes,
662 3331 811 3403 presentis
835 3330 940 3404 scripti
964 3329 1174 3388 stabilimento
1192 3329 1413 3386 confirmamus
1429 3337 1459 3386 et

187 3430 309 3491 eisdem
334 3435 467 3508 singulis
491 3435 691 3508 singulariter
713 3451 749 3492 ac
772 3449 880 3494 eorum
898 3435 1026 3492 cuilibet
1046 3436 1228 3493 auctoritate
1251 3441 1358 3492 nostra
1374 3434 1457 3493 ordi-

185 3538 273 3596 naria
298 3556 363 3614 qua
386 3539 555 3614 fungimur,
579 3543 676 3599 eciam
700 3543 727 3598 si
749 3557 871 3599 necesse
895 3541 975 3598 toret
998 3541 1098 3600 denuo
1120 3547 1150 3598 et
1172 3556 1253 3599 nove
1269 3547 1372 3599 nostre
1388 3557 1459 3599 con·

189 3647 338 3706 cessionis
362 3649 453 3706 titulo
476 3649 514 3706 de
537 3651 641 3723 gracia
665 3650 795 3724 speciali
818 3647 928 3706 damus
952 3653 982 3704 et
999 3646 1196 3704 concedimus
1211 3647 1459 3705 irrevocabiliter

189 3749 227 3808 de
247 3754 382 3828 singulis
405 3769 514 3813 eorum
537 3755 635 3827 bonis,
661 3757 727 3814 sive
750 3755 919 3814 decorum
950 3753 1107 3810 beneficiis
1138 3755 1204 3812 sive
1235 3754 1457 3827 qualicumque

192 3859 284 3918 modo
316 3861 475 3934 acquisitis
502 3866 531 3920 et
562 3861 688 3934 habitis,
721 3861 826 3935 eisque
857 3865 887 3918 et
917 3875 1027 3918 eorum
1054 3860 1182 3918 cuilibet
1205 3875 1223 3917 a
1246 3858 1304 3917 deo
1327 3859 1457 3930 collatis,

191 3966 365 4026 mobilibus
388 3967 535 4026 videlicet
563 3973 593 4027 et
622 3969 840 4026 immobilibus
871 3968 990 4026 invita
1014 3967 1129 4041 pariter
1152 3972 1182 4024 et
1205 3968 1236 4024 in
1260 3971 1368 4037 morte,
1393 3971 1457 4023 tam

195 4085 212 4128 a
233 4071 303 4148 J'ure
326 4091 422 4161 quam
444 4076 484 4132 ab
507 4076 633 4134 bomine
657 4089 842 4147 concessam,
856 4073 988 4132 testandi
1010 4079 1040 4132 et
1063 4079 1281 4131 testamentum
1306 4088 1360 4130 seu
1382 4071 1456 4129 ulti-

193 4193 276 4239 mam
301 4181 496 4240 roluntatem
520 4181 652 4240 faciendi
675 4187 706 4240 et
728 4180 880 4239 condendi
903 4182 989 4238 iuxta
1019 4181 1159 4253 ipsorum
1188 4180 1314 4238 libitum
1346 4179 1456 4236 volun·

195 4287 263 4344 tatis
286 4287 461 4360 plenariam
495 4294 525 4347 et
555 4287 770 4346 omnimodam
794 4288 953 4362 potestatis
977 4287 1165 4344 facultatem.
1201 4288 1237 4344 Et
1260 4286 1332 4359 quia
1358 4286 1456 4343 eciam

195 4399 287 4463 prout
309 4395 450 4466 ipsorum
473 4395 587 4469 peticio
618 4395 833 4468 subiungebat,
865 4399 931 4452 tum
963 4409 1020 4468 per
1055 4395 1137 4451 cives
1172 4393 1307 4450 civitatis
1341 4393 1455 4450 montis

195 4495 354 4557 Grecensis
385 4501 592 4572 zagrabiensis
624 4502 764 4575 ipsorum
795 4515 866 4558 area
898 4501 1078 4573 capitularis
1111 4497 1210 4556 fuerat
1241 4499 1395 4556 hostiliter
1425 4505 1455 4556 et

194 4602 367 4664 immaniter
395 4606 475 4678 ignis
508 4606 651 4664 incendio
682 4585 887 4678 concremata,
918 4605 1035 4664 eisdem
1066 4605 1254 4664 reverendus
1289 4611 1378 4678 pater
1400 4603 1454 4661 do·

194 4711 291 4770 minus
314 4711 478 4794 Johannes,
502 4719 575 4771 tunc
597 4712 736 4787 predicta
759 4712 811 4772 dei
834 4718 864 4771 et
887 4701 1057 4788 apostolice
1073 4711 1154 4770 sedis
1170 4713 1273 4784 gracia
1289 4713 1455 4786 episcopus

193 4818 406 4890 zagrabiensis,
431 4835 510 4876 nunc
534 4833 609 4876 vero
633 4820 884 4892 archiepiscopus
909 4819 1086 4888 colocensis,
1110 4795 1214 4876 noster
1246 4818 1453 4891 predecessor,

191 4923 267 4982 hanc
291 4925 464 4982 contulerat
485 4925 663 4984 donacionis
686 4927 914 4999 prerogativam
939 4931 973 4984 ut
996 4926 1184 4998 quicumque
1211 4926 1316 4997 aliqua
1333 4924 1454 4981 edificia

191 5031 220 5088 in
244 5029 355 5089 eadem
377 5046 449 5090 area
471 5031 636 5105 capitulari
656 5037 853 5104 construeret,
870 5032 908 5090 de
926 5031 1041 5089 valoris
1060 5031 1241 5090 eorumdem
1258 5030 1452 5088 edificiorum
