3828 5822
673 544 747 601 Dec.
771 551 837 617 271.
865 573 903 584 ·-
927 543 984 602 An.
1007 554 1095 621 1472.
1445 561 1505 622 335

242 757 344 816 curias
376 757 514 816 eiusdem
534 745 674 833 'capituli
700 772 756 814 ros
788 758 993 832 personaliter
1024 765 1129 816 contra
1151 761 1346 818 voluntatem
1369 759 1508 818 eiusdem

240 877 302 922 non
326 863 526 935 descendatis,
549 865 793 936 hominibusque
815 865 927 923 vestris
949 863 1068 924 ibidem
1091 864 1272 924 descensum
1289 863 1390 924 facere
1405 866 1508 924 nulla·

241 976 329 1028 tenus
360 970 564 1043 permittatis,
592 969 746 1044 prefatam
778 970 874 1027 eciam
901 975 1015 1042 laxam,
1045 969 1141 1029 modo
1171 973 1325 1046 premisso
1354 970 1394 1029 ad
1426 973 1508 1030 bona

240 1075 378 1134 eiusdem
409 1076 538 1152 capituli
569 1077 680 1134 iniuste
709 1076 899 1148 impositam,
923 1077 1047 1149 exigere
1078 1083 1108 1135 et
1138 1085 1325 1152 extorquere
1348 1077 1399 1136 vel
1423 1077 1507 1136 idem

240 1187 294 1239 aut
316 1182 458 1240 homines
480 1197 553 1240 suos
576 1187 705 1263 propter
726 1195 789 1240 non
812 1183 1002 1241 solucionem
1025 1182 1165 1241 eiusdem
1195 1182 1418 1257 quoquomodo
1441 1198 1507 1241 mo-

240 1286 354 1345 lestare
376 1293 406 1345 et
429 1287 654 1362 dampnificare
677 1287 715 1345 de
739 1293 903 1362 ceteroque
926 1288 1022 1346 aliam
1037 1295 1142 1347 taram
1158 1289 1351 1363 superbona
1366 1287 1507 1348 eiusdem

240 1397 347 1452 contra
369 1393 529 1452 libertates
552 1393 690 1452 eiusdem
714 1393 882 1467 premissas
903 1393 1064 1467 imponere
1080 1393 1304 1469 quoquomodo
1320 1396 1507 1468 presumatis

240 1505 294 1557 aut
316 1499 383 1558 sitis
404 1501 471 1558 ausi
492 1499 588 1558 modo
610 1499 747 1572 aliquali.
770 1499 968 1558 Presentibus
992 1501 1145 1575 perlectis,
1167 1501 1326 1559 exhibenti
1349 1501 1506 1560 restitutis.

239 1605 357 1664 Datum
380 1604 457 1663 feria
479 1606 574 1664 tercia
598 1606 743 1680 proxima
766 1617 837 1678 post
869 1605 983 1664 festum
1012 1607 1096 1666 beati
1128 1607 1288 1666 Michaelis
1318 1607 1505 1681 archangeli.

239 1712 330 1769 Anno
354 1711 473 1769 domini
495 1711 666 1770 millesimo
689 1710 994 1785 quadringentesimo
1017 1699 1246 1786 septuagesimo
1271 1713 1383 1786 primo.
1407 1713 1507 1787 Regni

238 1816 337 1875 nostri
359 1831 440 1875 anuo
463 1817 705 1890 quartodecimo,
730 1817 940 1876 coronacionis
963 1833 1038 1876 vero
1062 1825 1182 1878 octavo.

345 2005 479 2070 originale
497 2006 525 2056 in
543 2006 638 2058 charta.
676 2009 709 2056 Iu
726 2006 841 2070 margine
860 2006 978 2056 inferiori
996 2007 1150 2073 impressum
1168 2013 1207 2057 est
1225 2005 1350 2072 sigillum.
1383 2009 1417 2058 Iu
1434 2008 1503 2061 areli¹

238 2110 296 2146 veo.
317 2094 379 2162 Cap.
399 2095 501 2159 ragrab.
520 2096 582 2148 Act.
601 2111 657 2162 cap.
676 2101 728 2147 aut.
748 2096 810 2148 fasc.
832 2108 853 2147 1.
873 2111 912 2148 nr.
935 2107 974 2146 12.
1028 2101 1029 2105 ’

843 2377 921 2446 271.

345 2571 426 2620 Anno
448 2582 522 2635 1472,
543 2582 584 2623 20.
604 2572 672 2625 maii.
693 2574 790 2624 Budae.

238 2716 268 2774 Α
288 2715 419 2786 Mathia,
443 2715 620 2790 Hungariae
643 2724 691 2774 etc.
714 2735 788 2791 rege,
818 2717 1002 2774 communitas
1031 2717 1156 2775 civitatis
1177 2736 1198 2774 a
1214 2719 1405 2796 proventibus
1426 2737 1503 2776 mar·

237 2837 423 2906 dulinalr'bus,
438 2838 663 2910 ambustam,
674 2840 931 2914 contributionequc
941 2840 1181 2898 extraordinaria
1192 2841 1343 2912 solvendis,
1354 2842 1503 2902 liberatur.

861 2979 902 3028 De
921 2979 1100 3028 commissione
1118 2979 1222 3044 propria
1240 2979 1339 3030 domini
1357 2980 1433 3044 regia·

348 3107 411 3166 Nos
434 3109 565 3166 Mathias
589 3109 639 3167 dei
662 3108 765 3182 gracia
789 3125 844 3166 rex
867 3109 1033 3181 Hungarie‚
1058 3107 1203 3166 Bohemie
1220 3114 1274 3166 etc.
1297 3107 1417 3166 Tenore
1434 3124 1502 3182 pre·

237 3215 375 3272 sericium
398 3214 609 3287 significamus
625 3215 740 3288 quibus
763 3213 888 3288 expedit
913 3215 1079 3284 universis,
1104 3215 1187 3287 quod
1210 3221 1349 3272 nostum
1372 3213 1412 3271 ad
1428 3229 1503 3272 non·

236 3321 409 3378 nullorum'
421 3319 563 3378 fidelium
580 3311 758 3380 nostrorum
783 3321 960 3378 humillime
983 3319 1224 3394 supplicacionis
1247 3319 1430 3378 instanciam
1447 3336 1503 3394 per

237 3441 290 3484 eos
325 3440 383 3498 pro
424 3433 512 3499 parte
542 3424 684 3484 fidelium
715 3433 892 3484 nostrorum
923 3424 1113 3499 prudentum
1142 3431 1175 3483 et
1204 3425 1502 3498 circumspectorum

157 3597 162 3612 ⁸
236 3529 356 3605 judicis
378 3528 562 3606 juratorum,
585 3535 821 3605 ceterorumque
845 3531 962 3590 civium
985 3537 1016 3590 et
1038 3531 1269 3590 communitatis
1292 3531 1427 3589 civitatis
1446 3545 1500 3589 no·

237 3645 300 3695 stre
336 3637 451 3695 montis
475 3635 637 3694 Grecensis
668 3637 707 3695 de
729 3637 814 3696 iuxta
838 3637 1021 3711 Zagrabiam
1044 3643 1149 3696 nostre
1170 3641 1337 3712 propterea
1362 3641 1503 3710 porrecte

236 3743 398 3814 maiestati,
430 3747 498 3800 tum
529 3743 627 3800 eciam
658 3743 859 3801 consideratis
889 3741 1031 3801 fidelium
1062 3743 1285 3816 obsequiorum
1310 3741 1429 3801 meritis
1452 3757 1502 3800 eo·

236 3848 380 3905 rumdem
413 3849 537 3918 civium,
564 3863 625 3920 que
655 3847 748 3906 iidem
773 3850 912 3923 primum
942 3849 1214 3924 predecessoribus
1239 3849 1353 3907 nostris
1375 3848 1502 3921 regibus

237 3953 396 4026 Hungarie
419 3959 449 4011 et
472 3967 558 4010 sacre
580 3968 691 4010 corone
714 3955 801 4027 regni
825 3956 922 4014 nostri
944 3961 975 4014 et
998 3955 1124 4014 tandem
1147 3955 1246 4014 eciam
1269 3955 1422 4013 maiestati
1446 3967 1500 4013 no·

236 4064 300 4117 stre
322 4059 382 4116 sub
405 4058 585 4116 diversitate
601 4065 778 4134 temporum
796 4065 889 4134 atque
903 4061 1045 4119 locorum
1063 4061 1282 4131 exhibuissent,
1309 4066 1339 4118 et
1354 4061 1502 4135 precipue

237 4163 438 4222 consideratis
469 4163 533 4221 illis
561 4165 816 4237 oppressionibus
838 4173 868 4223 et
891 4167 1128 4237 calamitatibus,
1152 4181 1272 4225 necnon
1294 4166 1449 4224 sumtibus
1472 4171 1502 4224 et

236 4271 387 4344 expensis,
411 4285 489 4342 quas
521 4285 578 4343 pro
609 4269 787 4328 defensione
809 4277 839 4330 et
862 4273 1098 4331 conservacione
1120 4273 1208 4331 illius
1232 4272 1366 4331 civitatis
1388 4277 1501 4344 nostre,

237 4391 298 4448 que
321 4375 448 4434 cottidie
470 4375 612 4432 hostibus
636 4375 709 4434 fidei
733 4357 852 4434 obiecta
877 4385 931 4450 est,
956 4377 1114 4448 fecissent;
1145 4379 1285 4436 volentes
1308 4378 1403 4450 igitur
1426 4377 1502 4450 ipsis

236 4481 357 4540 civibus
380 4489 411 4538 et
441 4480 657 4538 communitati
681 4497 738 4553 pro
762 4483 854 4540 tantis
877 4484 1018 4556 ipsorum
1041 4485 1180 4543 serviciis
1204 4485 1315 4542 saltem
1337 4484 1370 4542 in
1393 4483 1501 4556 aliquo

236 4587 375 4660 graciam
407 4592 546 4644 nostram
577 4587 696 4658 regiam
727 4588 897 4659 ostendere,
928 4590 1024 4648 utin
1050 4597 1209 4664 posterum
1232 4604 1269 4647 eo
1293 4589 1500 4647 lervenciores

236 4694 274 4750 ad
300 4693 431 4750 servicia
447 4699 553 4750 nostra
568 4691 747 4764 reddantur,
764 4693 888 4752 eosdem
905 4695 989 4754 cives
1005 4702 1034 4754 et
1050 4697 1305 4754 communitatem
1330 4695 1410 4753 dicte
1426 4695 1501 4752 civi-

235 4799 307 4858 tatis
338 4805 443 4857 nostre
475 4798 590 4855 montis
621 4795 784 4856 Grecensis
814 4798 933 4858 scilicet
964 4801 1080 4858 incolas
1112 4801 1143 4859 in
1174 4801 1326 4858 suburbio
1361 4798 1500 4858 eiusdem

236 4911 473 4975 commorantes,
487 4907 645 4978 presentes
668 4889 698 4962 et
721 4902 851 4975 futuros,
874 4921 893 4962 a
916 4905 1075 4964 solucione
1097 4912 1161 4964 tam
1184 4912 1396 4980 proventuum
1418 4919 1502 4962 mar·

237 5012 429 5071 durinalium
450 5010 542 5068 nobis
575 5013 605 5066 et
636 5007 712 5067 fisco
740 5017 847 5069 nostro
877 5011 1044 5086 provenire
1067 5011 1259 5083 debencium,
1284 5025 1379 5085 quam
1403 5006 1500 5069 eciam
