3932 5806
725 583 796 642 Doc.
819 591 884 658 171.
907 614 949 625 -
973 581 1029 638 An.
1054 591 1142 658 1453·
1504 595 1564 656 233

301 801 491 875 Benedictus,
514 801 712 876 gvardianus
736 797 864 857 claustri
888 798 984 858 sancti
1014 797 1170 858 Francisci
1194 795 1390 869 confessoris,
1416 795 1567 869 Zagrabie

300 908 430 982 fundati,
454 910 486 968 in
508 923 563 967 sua
586 913 616 966 et
638 907 737 966 tocius
758 909 926 963 conventus
947 903 1080 962 fratrum
1096 904 1322 962 monachorum
1337 903 1455 963 ordinis
1470 903 1568 962 sancti

300 1015 456 1074 Francisci
479 1013 620 1090 predicti,
644 1013 676 1072 in
698 1011 809 1071 eodem
833 1011 970 1069 claustro
993 1010 1091 1070 sancti
1113 1011 1267 1069 Francisci
1290 1026 1372 1069 nunc
1384 1025 1567 1084 permanen-

300 1123 383 1181 cium
417 1125 448 1180 et
481 1120 540 1180 deo
575 1120 687 1179 devote
724 1119 949 1177 famolancium
982 1117 1131 1192 personis,
1167 1133 1204 1176 ac
1226 1117 1360 1192 provida
1385 1123 1416 1176 et
1439 1118 1568 1176 honesta

300 1229 426 1287 domina
449 1227 620 1286 Katherina
634 1230 753 1298 vocata,
776 1225 886 1284 relicta
909 1224 967 1283 viri
990 1222 1122 1282 condam
1143 1223 1269 1298 providi
1292 1234 1322 1282 et
1345 1225 1466 1282 honesti
1488 1224 1565 1281 Mat-

300 1337 361 1408 hye
377 1333 452 1393 dicti
466 1332 591 1405 Farkas,
614 1333 693 1392 olim
713 1329 805 1408 jurati
830 1336 861 1390 et
880 1331 1016 1390 concivis
1038 1331 1144 1402 nostri,
1160 1330 1220 1389 tilii
1241 1331 1343 1404 Egidii
1359 1331 1398 1388 de
1413 1329 1567 1402 Klokoch,

300 1441 435 1499 concivis
458 1443 573 1511 nostra,
596 1437 637 1497 ad
659 1443 800 1497 nostram
821 1437 1027 1512 personaliter
1043 1437 1199 1495 venientes
1216 1438 1410 1512 presenciam
1435 1435 1567 1496 confessi

301 1547 426 1606 suntin
449 1547 531 1604 hunc
553 1545 696 1604 modum:
719 1549 755 1602 ut
774 1545 836 1620 ipsi
860 1543 1019 1617 quoddam
1040 1541 1136 1602 fenile
1156 1543 1270 1618 prefati
1293 1543 1426 1601 condam
1443 1544 1568 1616 Mathye

300 1653 416 1714 Farkas
439 1655 471 1711 in
493 1667 605 1726 campo
629 1656 660 1710 et
682 1651 838 1710 territorio
860 1655 967 1710 nostro
990 1666 1044 1708 seu
1068 1651 1202 1708 civitatis
1225 1650 1353 1725 prefate,
1378 1652 1457 1708 inter
1473 1649 1567 1708 fenile

303 1760 362 1818 viri
386 1757 513 1834 providi
534 1765 564 1817 et
579 1758 700 1816 honesti
722 1757 879 1816 Valentini
914 1757 1043 1815 senioris
1076 1755 1188 1832 judicis
1224 1763 1253 1814 et
1287 1757 1424 1814 concivis
1459 1756 1566 1828 nostri,

303 1866 362 1926 filii
384 1865 517 1924 condam
540 1865 699 1923 Michaelis
721 1861 840 1940 judicis,
864 1863 938 1922 dicti
961 1861 1128 1934 Saronych,
1163 1863 1203 1920 ab
1234 1862 1400 1934 occidente,
1432 1867 1463 1921 et
1485 1863 1565 1920 inter

301 1974 368 2032 vias
391 1986 578 2044 communes,
594 1985 689 2028 unam
712 1985 730 2027 a
752 1969 972 2044 septemtrione
995 1974 1026 2027 et
1048 1969 1145 2026 aliam
1167 1969 1208 2027 ab
1223 1969 1341 2027 oriente
1366 1969 1470 2042 situm,
1497 1984 1567 2026 nec·

302 2079 364 2138 n'on
387 2080 467 2137 inter
489 2077 601 2136 dumos
622 2076 748 2150 spineos
770 2091 824 2134 seu
858 2075 965 2134 locum
1000 2075 1118 2148 Zygeth
1151 2081 1255 2134 nostre
1294 2075 1567 2134 communitatisa

299 2185 429 2244 meridie
451 2185 595 2244 habitum
618 2189 647 2242 et
670 2185 812 2257 existens,
835 2183 940 2256 ipsum
961 2183 1078 2242 scilicet
1101 2181 1233 2242 condam
1256 2184 1426 2256 Mathyam,
1443 2181 1564 2240 dictum

304 2292 429 2365 Farkas,
452 2307 470 2348 a
492 2291 593 2366 proba
606 2295 636 2349 et
658 2289 758 2348 nobili
781 2287 907 2348 domina
929 2291 1023 2348 Lucia
1046 2294 1164 2362 vocata,
1188 2290 1254 2348 filia
1279 2289 1411 2348 condam
1422 2287 1567 2362 Symonis

304 2399 379 2457 dicti
402 2397 615 2473 Chepernych,
640 2395 717 2454 olim
730 2397 866 2455 concivis
888 2398 994 2468 nostri,
1017 2411 1098 2454 nunc
1119 2401 1261 2455 consorte
1276 2397 1430 2470 legittima
1452 2395 1568 2454 nobilis

302 2505 447 2567 similiter
469 2504 529 2562 viri
552 2503 678 2575 Mathye
700 2502 837 2574 litterati,
860 2502 919 2560 filii
940 2502 1072 2560 condam
1095 2503 1213 2586 Jacobi,
1243 2504 1321 2562 olim
1342 2501 1502 2560 castellani
1529 2499 1568 2558 de

301 2609 497 2682 Medwewar‚
513 2609 573 2668 tilii
596 2607 728 2668 condam
751 2606 879 2682 Georgii
901 2607 940 2666 de
963 2608 1045 2668 dicta
1068 2609 1220 2683 Klokoch,
1236 2608 1303 2686 jure
1326 2608 1567 2685 permutacionis

302 2721 333 2776 et
355 2716 529 2775 concambii
563 2715 747 2774 litteratorie
785 2728 980 2788 concernens,
1002 2721 1097 2790 prout
1129 2717 1190 2774 hoc
1223 2717 1255 2775 in
1292 2715 1429 2791 quadam
1463 2715 1567 2774 littera

229 2857 232 2862 -
300 2827 406 2880 nostra
428 2837 481 2880 seu
505 2821 638 2880 civitatis
660 2825 765 2879 nostre
788 2819 988 2894 privilegiali,
1012 2825 1155 2896 tempore
1178 2821 1331 2881 iudicatus
1354 2823 1416 2880 viri
1433 2820 1565 2879 condam

301 2929 428 3004 providi
450 2934 481 2987 et
501 2929 623 2987 honesti
645 2927 767 2986 Nicolai
788 2927 867 2986 olim
892 2925 1004 3004 J'udicis
1027 2933 1057 2986 et
1074 2929 1210 2988 concivis
1225 2929 1332 3000 nostri,
1354 2929 1414 2988 filii
1428 2929 1568 3001 Fabiani,

303 3035 342 3093 de
364 3049 444 3093 anno
468 3033 586 3093 domini
609 3034 780 3092 millesimo
804 3032 1109 3107 quadringentesimo
1132 3036 1290 3094 tricesimo
1307 3036 1415 3110 quinto
1439 3035 1568 3094 infesto

304 3142 422 3200 scilicet
445 3141 529 3200 beati
563 3140 733 3199 Clementis
767 3155 857 3215 pape,
894 3140 1012 3198 dudum
1048 3143 1213 3216 preteritis,
1252 3159 1312 3217 pro
1348 3148 1437 3217 parte
1470 3145 1567 3217 ipsius

303 3246 435 3305 condam
457 3247 582 3319 Mathye
605 3247 721 3305 Farkas
737 3247 903 3322 superinde
919 3247 1059 3306 confecta
1082 3253 1112 3306 et
1135 3255 1277 3306 emanata
1300 3264 1336 3307 ac
1359 3264 1464 3308 coram
1477 3251 1568 3308 nobis

269 3385 274 3392 ·
301 3355 334 3412 in
365 3353 468 3427 specie
502 3353 654 3427 producta
687 3369 833 3428 expresse
867 3352 1005 3412 vidimus
1040 3355 1197 3425 contineri,
1232 3371 1289 3430 per
1321 3357 1426 3430 ipsum
1464 3357 1568 3430 itaque

303 3455 436 3517 condam
459 3459 619 3533 Mathyam
642 3460 758 3519 Farkas
781 3461 813 3519 in
835 3477 890 3519 sue
913 3461 1026 3520 ultime
1059 3462 1230 3521 voluntatis
1264 3463 1389 3536 eulogio
1423 3464 1568 3522 commis·

303 3567 392 3624 sariis
415 3572 445 3624 et
479 3567 697 3626 executoribus
730 3569 905 3626 testamenti
940 3570 988 3626 sui
1021 3569 1161 3628 verbalis
1196 3575 1267 3644 post
1301 3576 1435 3628 mortem
1470 3571 1567 3646 ipsius

301 3671 426 3730 domine
459 3673 628 3732 Katherine
651 3675 757 3732 uxoris
782 3689 837 3732 sue
856 3675 951 3733 vendi
974 3681 1004 3734 et
1035 3691 1095 3751 pro
1129 3678 1233 3734 anima
1271 3691 1326 3736 sua
1360 3677 1494 3752 expendi
1528 3675 1568 3734 ad

301 3778 477 3853 predictum
491 3779 663 3838 claustrum
686 3782 783 3839 sancti
805 3781 961 3840 Francisci
983 3786 1014 3842 et
1035 3782 1076 3840 ad
1111 3784 1216 3858 ipsum
1245 3787 1345 3842 totum
1381 3789 1568 3842 conventum

301 3885 435 3943 fratrum
457 3885 597 3944 eiusdem
624 3886 752 3945 claustri
775 3887 987 3960 commissum,
1008 3893 1102 3962 prout
1124 3889 1291 3963 superinde
1314 3890 1475 3948 exrelatu
1498 3891 1568 3965 plu·

299 3992 454 4050 rimorum
476 3991 707 4066 fidedignorum
728 3997 760 4052 et
782 3995 982 4052 honestorum
1005 3996 1148 4054 virorum
1183 3996 1441 4056 certitudinaliter
1465 3996 1567 4056 edocti

299 4113 407 4157 sumus
430 4101 461 4156 et
489 4097 658 4170 informati,
693 4099 789 4156 simul
812 4115 884 4158 cum
906 4101 1052 4159 omnibus
1076 4101 1218 4161 eiusdem
1241 4103 1344 4162 senilis
1367 4103 1565 4174 utilitatibus,

299 4203 430 4282 juribus,
464 4205 581 4276 usibus,
615 4205 844 4278 integritatibus
877 4211 908 4264 et
942 4207 1141 4280 pertinenciis
1175 4211 1329 4269 universis
1360 4211 1461 4269 nobili
1496 4211 1565 4268 viro

301 4309 445 4382 Georgio‚
468 4309 535 4368 filio
559 4311 659 4368 Mauri
682 4309 721 4368 de
743 4311 826 4370 dicta
848 4311 1000 4386 Klokoch,
1016 4315 1136 4373 sororio
1153 4315 1299 4374 videlicet
1320 4317 1417 4394 ipsius
1441 4315 1567 4374 domine

299 4415 478 4488 Katherine,
502 4431 537 4474 ac
560 4432 618 4491 per
639 4418 744 4491 ipsum
779 4417 958 4492 Georgium,
981 4421 1125 4494 Martin0,
1161 4421 1228 4480 filio
1263 4421 1401 4480 eiusdem
1432 4421 1566 4496 Georgii,

300 4519 413 4597 Wojlro
436 4523 663 4596 cognominato
687 4539 727 4582 ex
749 4523 859 4581 eodem
882 4524 1018 4599 Georgto
1042 4533 1072 4585 et
1096 4545 1136 4586 ex
1157 4529 1258 4602 proba
1282 4545 1319 4588 ac
1349 4530 1478 4588 honesta
1511 4531 1566 4590 do·

299 4629 384 4686 mina
399 4616 569 4702 Etyza'beth
592 4635 712 4702 vocata,
735 4645 842 4690 sorore
875 4633 1014 4692 eiusdem
1040 4635 1165 4694 domine
1189 4637 1357 4697 Katherine
1392 4639 1512 4696 uterina
1536 4645 1567 4697 et

300 4735 425 4806 carnali,
449 4741 589 4795 consorte
612 4752 688 4795 vero
711 4737 865 4810 legittima
888 4739 987 4814 ipsius
1010 4740 1146 4815 Georgii,
1177 4743 1332 4816 legittime
1355 4745 1519 4818 progenito
1535 4751 1565 4804 et

300 4846 472 4915 procreato,
496 4856 531 4900 ac
554 4859 611 4916 per
633 4857 685 4901 eos
707 4845 849 4918 ipsorum
872 4845 1038 4905 heredibus
1062 4863 1120 4922 pro
1140 4849 1318 4923 quindecim
1340 4850 1463 4908 florenis
1499 4851 1565 4910 auri

301 4963 358 5021 per
382 4946 521 5008 eundem.
538 4948 707 5022 Georgium
731 4951 885 5008 sororium
906 4953 1003 5024 ipsius
1028 4953 1153 5012 domine
1176 4955 1352 5028 Katherine,
1380 4957 1481 5014 eidem
1510 4956 1564 5014 do·

301 5054 384 5112 mine
408 5054 575 5114 Katherine
599 5065 628 5114 et
652 5056 773 5132 prefato
797 5057 886 5115 fratri
910 5057 1074 5119 Benedicto
1098 5061 1288 5134 guardiam,
1316 5069 1409 5137 prout
1434 5063 1564 5137 ipsimet
