3764 5924
643 514 784 574 Adtende
793 528 826 592 3.
852 549 893 560 -
916 517 972 576 An.
996 514 1088 598 1467.
1434 542 1495 600 527

234 727 328 786 sentis
356 727 466 802 scripti
504 729 602 788 nostri
643 731 815 806 patrocinio
851 733 1021 808 mediante,
1045 735 1142 794 salvis
1158 734 1280 813 juribus
1313 740 1429 804 alienis.
1461 743 1497 806 In

233 833 321 892 cuius
350 832 396 892 rei
418 835 612 907 memoriam,
635 835 879 914 firmitatemque
902 845 1094 914 perpetuam,
1118 847 1275 918 presentes
1290 847 1497 908 concessimus

233 936 353 997 litteras
375 944 497 1000 nostras
509 941 723 1016 privilegiales
744 942 905 1018 pendentis
921 945 1067 1006 autentici
1089 947 1218 1008 maioris
1239 951 1314 1010 novi
1337 950 1495 1027 dupplicis

234 1042 333 1116 sigilli
355 1045 464 1118 nost1i‚
486 1061 548 1120 quo
572 1053 607 1106 ut
628 1063 685 1108 rex
701 1049 886 1124 Hungariae
907 1051 1034 1122 utimur,
1051 1053 1222 1114 munimine
1243 1056 1414 1116 roboratas.
1436 1058 1498 1116 Da·

233 1155 298 1210 tam
329 1165 387 1226 per
412 1167 523 1212 manus
554 1155 742 1214 venerabilis
773 1155 893 1216 domini
922 1157 1039 1216 Mathie
1061 1157 1101 1218 de
1123 1158 1323 1234 Gathaloucz,
1346 1165 1497 1240 prepositi

232 1255 362 1316 ecclesie
393 1257 732 1336 qninqneecclesierrsis,
766 1262 838 1320 aule
869 1267 974 1322 nostre
1005 1265 1144 1338 sumpmi
1176 1266 1362 1340 cancellarii,
1393 1269 1497 1329 fidelis

238 1363 336 1422 nostri
353 1362 466 1426 dilecti.
482 1369 573 1424 Anno
589 1365 706 1426 domini
723 1369 893 1428 millesimo
908 1370 1213 1446 quadringentesimo
1229 1374 1385 1434 tricesimo
1397 1381 1495 1449 sexto,

236 1468 345 1542 quinto
373 1469 478 1530 Nonas
501 1473 616 1532 mensis
637 1473 723 1560 Julii.
747 1474 927 1548 Regnorum
950 1482 1130 1536 nostrorum
1152 1492 1233 1538 anno
1255 1479 1415 1554 Hungarie
1438 1487 1494 1542 etc.

231 1574 497 1650 quinquagesimo,
527 1579 742 1638 Romanorum
773 1581 926 1655 vigesimo
956 1588 1054 1658 sexto,
1077 1584 1225 1645 Bohemie
1247 1585 1413 1662 sedecimo,
1436 1588 1494 1646 im·

230 1681 311 1756 perii
333 1697 409 1742 vero
432 1689 555 1758 quarto.

336 1801 470 1867 Originale
493 1803 522 1854 in
545 1803 700 1858 membrana.
725 1805 753 1856 A
778 1816 843 1856 aona
861 1807 957 1856 sericea
974 1807 1052 1884 rubra
1068 1813 1094 1858 et
1112 1807 1172 1858 alba
1199 1808 1294 1876 pendet
1313 1810 1436 1874 sigillum.
1456 1813 1488 1860 In

228 1889 325 1944 archiv.
343 1906 401 1941 ven.
421 1890 506 1957 Capit.
525 1892 626 1956 sagrab.
646 1893 707 1945 Act.
727 1894 804 1959 capit.
823 1901 875 1944 ant.
894 1895 956 1947 iasa.
977 1907 1000 1948 2.
1021 1911 1057 1948 nr.
1079 1909 1120 1960 33.

842 2073 875 2138 3.

333 2194 415 2245 Anno
436 2193 511 2260 1467,
529 2205 572 2262 25.
590 2195 660 2245 maii.
680 2195 828 2260 Zagrabiae.

231 2303 354 2374 Thema,
377 2303 496 2378 capitula
517 2303 682 2378 trituraret,
705 2323 727 2363 a
750 2305 948 2364 communitate
970 2305 1097 2364 civitatis
1118 2323 1134 2364 e
1155 2307 1277 2364 vinculis
1292 2307 1399 2382 emdso,
1414 2309 1492 2386 capi·

227 2410 318 2468 tulum
340 2409 459 2484 sagrab.
483 2426 545 2468 cum
566 2409 764 2469 communitate
777 2411 902 2470 civitatis
924 2413 1028 2470 orontis
1050 2409 1201 2470 Grecensis
1217 2419 1318 2486 pacem
1339 2415 1491 2472 comtr'toit.

334 2553 398 2614 Nos
429 2555 603 2630 capitulum
623 2549 765 2636 (ecclesie
796 2547 1026 2635 zagrabi)ensis.
1057 2557 1206 2615 Memorio
1237 2556 1493 2616 commendamus

226 2677 284 2736 per
302 2668 470 2735 presentes,
492 2661 577 2737 quod
607 2663 680 2721 licet
710 2663 927 2737 circumspecti
960 2668 991 2722 et
1015 2661 1141 2737 providi
1164 2659 1266 2734 index,
1288 2659 1390 2738 jurati,
1414 2667 1493 2722 cete-

225 2766 316 2840 rique
338 2758 434 2846 (cives
456 2773 487 2826 et
508 2769 647 2844 hospites
670 2761 818 2844 civitatis)
842 2769 956 2828 montis
972 2767 1134 2828 Grecensis
1152 2768 1190 2828 de
1205 2769 1291 2828 iuxta
1306 2767 1491 2841 Zagrabiam

224 2870 265 2930 ad
288 2873 449 2946 querelam
473 2875 613 2933 Mihowil
636 2875 676 2934 de
697 2874 865 2946 Modrusio,
889 2874 1043 2933 Thomam
1067 2875 1248 2946 litteratum,
1278 2874 1437 2933 hominem
1459 2881 1490 2934 et

225 2977 426 3038 tributarium
449 2985 600 3052 nostrum,
624 2985 753 3056 propter
777 2986 879 3040 certos
896 2983 968 3039 subs
991 2994 1134 3039 excessus
1155 2979 1352 3038 detinuerunt
1373 2984 1403 3038 et
1426 2978 1492 3038 diu·

224 3083 292 3142 cius
315 3084 348 3143 in
370 3099 480 3144 eorum
502 3087 637 3146 vinculis
660 3092 882 3157 servaverunt;
906 3092 1010 3146 tamen
1033 3086 1106 3160 quia
1130 3085 1204 3144 dicti
1227 3086 1311 3144 cives
1340 3084 1381 3142 ad
1411 3085 1490 3158 peti·

224 3188 346 3248 monem
375 3195 514 3249 nostram
544 3191 678 3251 eundem
707 3193 955 3264 extramiserunt‚
986 3191 1056 3250 ideo
1087 3192 1289 3266 promisimus
1314 3195 1344 3250 et
1366 3205 1490 3264 presen-

225 3292 309 3352 tibus
332 3297 556 3370 promittimus,
579 3297 664 3372 quod
688 3313 758 3356 cum
782 3296 899 3356 eisdem
923 3297 1045 3356 civibus
1069 3297 1192 3356 racione
1216 3297 1325 3370 previa
1348 3310 1410 3356 non
1425 3295 1487 3354 liti·

223 3399 369 3474 gabimus
402 3419 459 3460 nec
494 3403 565 3462 lites
599 3403 806 3473 movebimus,
837 3405 941 3478 ipsum
972 3404 1070 3462 eciam
1102 3403 1256 3460 Thomam
1287 3400 1326 3458 ad
1352 3399 1489 3458 dandum

224 3505 342 3565 eisdem
378 3507 500 3567 litteras
532 3509 741 3583 expeditorias
774 3524 832 3583 pro
861 3508 1040 3568 detonsione
1071 3510 1223 3582 premissa
1253 3507 1429 3566 tenebimur
1459 3514 1489 3564 et

224 3609 376 3671 faciemus
392 3614 424 3672 in
439 3629 484 3688 eo,
501 3623 536 3673 ut
550 3631 650 3690 neque
665 3616 732 3690 ipse
748 3616 885 3689 litigabit
906 3631 978 3673 cum
1001 3615 1085 3689 ipsis,
1109 3620 1138 3673 et
1160 3629 1217 3672 nec
1239 3615 1283 3672 eis
1304 3612 1356 3670 vel
1378 3627 1488 3671 eorum

223 3716 314 3777 alteri
338 3734 449 3792 perse
472 3726 524 3778 aut
547 3719 649 3780 tacere
671 3730 702 3779 et
725 3727 872 3795 cognatos
894 3736 966 3779 suos
998 3721 1049 3779 vel
1070 3719 1210 3794 aliquam
1233 3720 1327 3777 aliam
1350 3719 1487 3792 interpo-

222 3823 315 3882 sitam
334 3822 501 3898 personam
524 3827 592 3885 ullo
607 3842 746 3902 unquam
768 3833 910 3902 tempore
933 3827 1039 3901 aliqua
1063 3825 1208 3900 dampna,
1224 3830 1408 3883 nocumenta
1439 3825 1490 3882 vel

222 3927 445 4002 impedimenta
478 3932 630 4006 irrogabit
659 3933 712 3992 vel
750 3933 883 4007 irrogari
912 3932 1112 4007 procurabit3
1147 3931 1288 3989 volentes
1322 3937 1490 4004 propterea

222 4049 294 4092 cum
317 4036 439 4096 civibus
462 4041 633 4112 prenotatis
655 4040 687 4098 in
702 4040 784 4098 bone
806 4039 893 4114 pacis
916 4039 1028 4097 unione
1052 4045 1082 4095 et
1104 4037 1268 4094 concordia
1291 4051 1487 4110 permanere,

222 4139 419 4200 decrevimus
442 4150 472 4202 et
495 4145 691 4218 presentibus
714 4145 909 4204 decernimus
932 4144 1067 4203 arbitros
1091 4158 1147 4216 per
1169 4155 1235 4212 nos,
1264 4149 1370 4200 nostra
1401 4141 1488 4200 vide·

221 4245 295 4305 licet
318 4262 376 4321 pro
398 4254 503 4324 parte,
534 4257 597 4310 tres
619 4257 650 4310 et
673 4251 734 4325 ipsi
757 4252 839 4310 cives
862 4249 1006 4309 similiter
1028 4247 1158 4307 totidem
1180 4247 1340 4321 eligendos
1356 4252 1386 4306 et
1408 4248 1487 4322 quit·

222 4352 297 4426 quid
318 4369 376 4428 per
398 4355 497 4415 dictos
519 4358 654 4416 arbitros
677 4358 711 4416 in'
732 4358 878 4417 omnibus
908 4357 1104 4428 differenciis,
1135 4353 1403 4426 contencionibns,
1426 4353 1487 4412 dis-

221 4459 415 4519 sensionibus
438 4467 468 4519 et
491 4464 711 4522 controversiis
733 4464 892 4523 internos
914 4463 1017 4534 motis,
1041 4461 1193 4520 suscitatis
1225 4466 1255 4518 et
1278 4459 1401 4532 exortis,
1435 4474 1488 4517 an·

221 4563 294 4624 ditis
324 4567 438 4626 nostris
472 4575 503 4627 et
536 4569 677 4643 ipsorum
711 4569 827 4628 civium
863 4567 1143 4643 proposicionibus,
1178 4565 1422 4639 allegacionibus
1457 4570 1488 4623 et

219 4673 483 4746 responsionibus,
506 4674 658 4733 universis
681 4675 780 4732 eciam
802 4671 924 4748 juribus
948 4679 978 4732 et
1000 4672 1193 4732 litteratoriis
1216 4671 1428 4730 instrumentis
1453 4677 1484 4729 et

220 4778 291 4838 aliis
313 4779 533 4852 probabilibus
556 4779 748 4839 documentis
771 4787 836 4838 tam
858 4779 973 4839 nostris
996 4793 1093 4853 quam
1123 4778 1238 4837 civium
1262 4775 1486 4852 predictorum,

218 4883 407 4944 arbitratum
429 4891 458 4945 et
483 4885 665 4946 conclusum
684 4885 785 4959 fuerit,
809 4884 1022 4961 promittimus
1045 4889 1149 4942 ratum
1172 4889 1203 4941 et
1225 4881 1353 4940 firmum
1376 4881 1484 4940 obser-

219 5005 310 5063 vare;
333 5005 430 5065 quare
452 4993 508 5052 ubi
530 4998 583 5050 aut
606 4992 638 5051 id
661 4991 762 5051 lacere
796 4991 962 5064 nollemus,
986 5000 1098 5049 extunc
1128 5003 1262 5060 causam,
1288 5003 1383 5062 quarn
1414 5003 1484 5044 cum
