3930 5802
408 501 467 564 168
823 501 896 558 Dec.
920 515 986 558 122.
1013 534 1050 544 -
1076 496 1248 578 An.1438.

405 723 529 776 octavas
553 715 623 775 festi
653 717 898 792 Epiphaniarum
923 717 1043 776 domini
1071 718 1190 790 regiam
1225 718 1257 776 in
1290 718 1483 790 presenciam
1517 718 1670 792 legittime

409 831 552 882 evocatos
588 823 654 881 fore
688 825 906 897 comperiisent
928 823 1110 894 manifeste;
1147 823 1186 881 ad
1210 823 1415 896 quasquidem
1439 830 1565 883 octavas
1599 823 1669 884 festi

403 930 488 987 beati
509 929 619 1012 Jacobl
641 929 778 1004 apostoli
800 930 915 1004 prefati
944 931 976 989 in
999 945 1125 988 causam
1157 929 1278 988 attracti
1311 945 1368 1002 per
1391 935 1573 989 annotatum
1596 946 1669 1006 pro-

404 1039 577 1094 curatorem
601 1035 676 1094 dicti
699 1036 830 1110 capituli
853 1037 884 1094 in
909 1051 1041 1110 persona
1064 1034 1202 1094 eiusdem
1226 1035 1371 1108 congruis
1394 1035 1505 1094 diebus
1525 1038 1668 1110 ipsarum

404 1145 585 1200 octavarum
609 1157 715 1199 coram
739 1141 849 1200 eodem
872 1143 985 1200 comite
1008 1142 1143 1200 Mathius
1177 1140 1338 1214 expectati,
1373 1141 1512 1200 eiusdem
1534 1143 1568 1202 in
1598 1159 1669 1218 pre·

403 1249 538 1304 senciam
554 1262 614 1305 non
637 1248 800 1319 venissent,
816 1263 916 1322 neque
938 1249 1102 1313 misissent,
1118 1263 1151 1305 se
1166 1245 1375 1305 mediantibus
1397 1247 1510 1306 litteris
1525 1248 1667 1308 eiusdem

403 1349 602 1430 judicialibus
615 1353 725 1412 exinde
749 1353 895 1412 conlectis
916 1352 1074 1430 injudicio
1097 1353 1240 1425 agravari
1263 1353 1484 1426 permittentes,
1509 1355 1670 1428 postulans

404 1458 544 1534 prelatus
567 1465 751 1534 procurator
773 1461 910 1520 annotati
943 1460 1073 1534 capituli
1107 1458 1209 1517 eidem
1244 1473 1282 1516 ex
1311 1463 1398 1532 parte
1422 1466 1669 1520 memoratorum

404 1565 435 1623 in
460 1580 585 1623 causam
608 1571 810 1624 attractorum
842 1581 898 1640 per
931 1567 1035 1640 ipsum
1059 1567 1090 1624 in
1125 1565 1285 1638 premissis
1307 1562 1385 1642 juris
1419 1566 1588 1639 equitatem
1612 1567 1669 1624 im·

404 1671 520 1745 pertiri.
543 1671 581 1729 Et
604 1672 677 1745 quia
700 1671 795 1730 iidem
817 1673 849 1731 in
871 1687 998 1730 causam
1028 1671 1150 1728 attracti
1184 1669 1224 1727 ad
1261 1669 1414 1743 premissa
1436 1670 1505 1729 vice
1527 1672 1669 1730 terciaria

405 1777 553 1834 evocandi
571 1777 637 1836 lore
659 1779 720 1836 visi
741 1777 877 1850 luissent,
901 1793 960 1853 pro
982 1793 1020 1836 eo
1041 1777 1124 1836 idem
1141 1791 1245 1835 comes
1261 1777 1411 1834 Mathevvs
1434 1781 1571 1835 vestram
1593 1777 1669 1836 ami·

405 1884 516 1942 eiciam
541 1883 726 1942 litteratorie
748 1885 909 1959 petivisset
939 1885 1113 1958 diligenter,
1148 1889 1299 1957 quatenus
1331 1890 1472 1941 vestrum
1507 1884 1669 1942 mitteretis

404 1989 563 2048 hominem
584 2005 642 2064 pro
665 1991 842 2048 testimonio
864 1989 1068 2064 fidedignum,
1091 2003 1153 2063 quo
1176 1993 1320 2062 presente
1342 1989 1438 2047 homo
1461 1990 1564 2063 regius
1587 1987 1668 2048 infra

404 2095 608 2154 declarandus
631 2102 838 2155 memoratum
861 2095 1062 2171 Stephanum,
1094 2095 1197 2154 filium
1227 2095 1395 2166 Michaelis,
1426 2099 1498 2153 ωηο
1520 2093 1668 2170 judicem,

405 2203 598 2276 Michaelem,
622 2203 723 2262 filium
758 2203 940 2276 Sebastiani,
975 2202 1168 2261 Anthonium
1201 2201 1352 2274 Italicum,
1384 2201 1537 2260 Briccium
1571 2202 1668 2260 Dom-

405 2309 557 2381 brensem,
582 2309 707 2368 Petrum
739 2311 932 2382 Hungarum,
956 2299 1128 2382 Georgium
1162 2313 1314 2365 sartorem
1348 2313 1378 2365 et
1401 2307 1568 2366 Nicolaum
1591 2307 1669 2367 alias

403 2411 530 2492 Judices,
552 2429 670 2474 necnon
693 2415 865 2474 Fabianum
887 2417 1069 2485 litteratum,
1092 2415 1220 2486 Fryche,
1243 2413 1391 2484 Blasium,
1414 2413 1517 2472 filium
1540 2413 1669 2488 Wythe·

403 2521 480 2594 aych
501 2527 531 2579 et
549 2519 728 2595 Georgium,
744 2521 846 2580 lilium
870 2522 1033 2594 Francisci,
1055 2517 1180 2596 juratos,
1197 2520 1280 2578 cives
1303 2523 1333 2577 et
1355 2519 1494 2593 hospites
1517 2525 1548 2579 et
1571 2526 1669 2580 totam

405 2628 660 2685 communitatem
684 2627 765 2686 dicte
787 2629 920 2686 civitatis
943 2629 1057 2686 montis
1079 2625 1241 2685 Grecensis
1264 2626 1297 2684 in
1319 2626 1480 2700 premissis
1501 2627 1668 2701 perhemp-

405 2733 483 2791 torie
505 2748 720 2808 responsuros,
736 2735 953 2807 racionemque
975 2732 1134 2791 efficacem
1157 2731 1333 2790 reddituros
1356 2747 1392 2789 ac
1415 2731 1454 2790 de
1484 2729 1600 2809 judicio
1623 2733 1669 2791 vi·

405 2839 482 2911 ginti
504 2839 637 2898 duamm
661 2855 837 2898 marcarum
859 2838 955 2916 judici
979 2845 1009 2897 et
1043 2839 1126 2913 parti
1155 2836 1285 2896 adverse
1318 2836 1529 2896 satisfacturos
1563 2843 1669 2898 contra

405 2951 586 3004 annotatum
609 2946 782 3020 capitulum
805 2944 885 3004 dicte
908 2946 1036 3004 ecclesie
1059 2943 1266 3017 zagrabiensis
1281 2943 1322 3000 ad
1339 2950 1463 3002 octavas
1487 2943 1557 3004 festi
1586 2946 1668 3005 beati

405 3052 566 3111 Michaelis
588 3053 766 3126 archangeli
790 3058 864 3110 tunc
898 3057 1043 3110 venturas
1065 3051 1185 3124 regiam
1216 3057 1359 3108 evocaret
1392 3052 1425 3108 in
1459 3052 1669 3125 presenciam;

405 3163 435 3218 et
465 3165 537 3232 post
558 3160 615 3218 hec
645 3161 742 3234 ipsius
766 3159 959 3217 evocacionis
981 3157 1093 3216 seriem
1116 3171 1187 3214 cum
1209 3156 1389 3214 nominibus
1412 3165 1612 3215 evocatorum
1628 3157 1668 3216 ad

405 3264 529 3323 easdem
551 3271 675 3324 octavas
699 3265 826 3324 domino
847 3269 954 3324 nostro
976 3265 1042 3336 regi
1064 3263 1200 3321 fideliter
1222 3263 1441 3322 rescriberetis.
1476 3263 1541 3322 Vos
1573 3265 1668 3337 igitur

404 3371 538 3444 receptis
561 3371 651 3429 dictis
674 3372 787 3430 litteris
809 3372 946 3429 annotati
969 3371 1092 3428 comitis
1114 3370 1264 3427 Mathews
1287 3370 1471 3428 evocatoriis
1501 3368 1588 3446 juxta
1620 3387 1668 3430 ea·

404 3477 549 3534 rumdem
573 3479 794 3536 continenciam
819 3491 953 3534 unacum
976 3477 1136 3534 Demetrio
1159 3475 1198 3533 de
1221 3476 1402 3547 Derenorva,
1425 3477 1551 3536 homine
1574 3479 1668 3552 regio,

404 3587 543 3642 vestrum
568 3584 727 3642 hominem
748 3583 894 3641 videlicet
910 3581 1080 3656 Georgium
1103 3583 1251 3641 clericum
1275 3581 1313 3640 de
1329 3581 1467 3640 Swsicha
1484 3583 1570 3643 chori
1588 3584 1668 3644 dicte

404 3689 533 3748 ecclesie
553 3695 654 3748 vestre
685 3689 928 3764 prebendarium
960 3689 1000 3746 ad
1030 3690 1216 3762 premissam
1247 3689 1465 3747 evocacionem
1494 3689 1668 3750 faciendam

404 3801 508 3854 vestro
531 3810 589 3870 pro
612 3797 789 3854 testimonio
821 3795 1068 3854 transmisissetis
1090 3795 1293 3869 fidedignum,
1316 3795 1370 3869 qui
1399 3795 1525 3855 tandem
1558 3797 1668 3856 exinde

403 3901 443 3959 ad
467 3917 524 3959 vos
548 3902 674 3972 reversi,
698 3901 789 3960 vobis
814 3901 1006 3960 concorditer
1029 3902 1214 3973 retulissent,
1238 3901 1323 3976 quod
1346 3903 1407 3976 ipsi
1430 3903 1563 3962 sabbato
1594 3919 1665 3978 pro·

403 4009 489 4066 ximo
512 4012 583 4065 ante
606 4007 719 4066 festum
743 4009 827 4066 beati
849 4009 964 4066 Mathei
987 4007 1121 4082 apostoli
1144 4014 1174 4066 et
1203 4009 1402 4081 ewangeliste
1424 4010 1455 4068 in
1479 4025 1560 4068 anno
1583 4011 1665 4070 dicto

404 4113 523 4172 domini
546 4113 773 4172 MCCCCXXX
804 4119 915 4187 quarto
945 4117 1137 4188 preteritum,
1172 4114 1310 4188 prefatos
1339 4116 1532 4189 Michaelem,
1564 4117 1666 4176 filium

379 4219 584 4290 ·Sebastiani,
627 4219 780 4278 Briccium
814 4219 1059 4292 Dombrensem,
1093 4220 1265 4295 Georgium
1299 4229 1460 4295 sartorem,
1491 4223 1666 4296 Nicolaum,

402 4326 530 4384 Petrum
552 4327 747 4399 Hungarum,
786 4327 977 4384 Anthonium
1011 4327 1162 4398 Italicum,
1194 4328 1270 4386 alias
1304 4326 1430 4404 judices,
1465 4328 1666 4404 Stephanum,

402 4433 505 4490 filium
522 4434 689 4504 Michaelis,
706 4438 778 4490 tunc
800 4431 945 4508 judicem,
962 4433 1149 4506 Gregorium
1180 4434 1341 4508 llvvdasty,
1379 4436 1550 4494 Fabianum
1585 4437 1666 4495 litte·

401 4545 513 4612 ratum,
536 4541 663 4613 Fryche,
681 4539 826 4612 Blasium,
850 4539 950 4598 lilium
967 4540 1168 4614 Wythezych
1190 4540 1369 4615 Georgium,
1386 4542 1489 4600 lilium
1511 4543 1665 4602 Francisci

402 4651 432 4704 et
454 4647 533 4704 alios
569 4644 687 4723 juratos
721 4663 757 4704 ac
788 4653 905 4704 ceteros
938 4647 1021 4705 cives
1052 4653 1082 4706 et
1115 4653 1212 4706 totam
1244 4649 1498 4707 communitatem
1533 4649 1666 4708 civitatis

402 4753 516 4810 montis
540 4751 704 4810 Grecensis
728 4757 833 4811 contra
856 4758 1035 4811 annotatum
1059 4755 1232 4828 capitulum
1247 4755 1375 4813 ecclesie
1396 4755 1603 4828 zagrabiensis
1625 4755 1665 4814 ad

402 4860 553 4931 premissa
588 4859 624 4915 ad
663 4859 760 4916 dictas
793 4868 917 4916 octavas
953 4859 1022 4917 lesti
1044 4861 1127 4918 beati
1150 4861 1310 4918 Michaelis
1336 4862 1513 4934 archangeli
1547 4863 1665 4934 regiam

402 4972 580 5022 evocassent
605 4966 634 5022 in
664 4967 871 5040 presenciam;
902 4965 940 5022 ad
972 4966 1177 5042 quasquidem
1202 4975 1326 5024 octavas
1350 4967 1463 5040 prefati
1487 4968 1518 5024 in
1541 4981 1665 5026 causam
