3828 5822
640 599 714 668 Dor.
731 611 808 674 320·⁴
832 631 873 642 -
897 597 953 669 Aa
976 593 1070 676 1480·
1406 614 1477 686 ,403

209 815 362 874 decanum
396 815 449 873 vel
484 815 669 888 magistrum
700 814 880 884 huiusmodi
910 813 1065 882 societatis
1095 813 1280 882 constituere
1312 813 1432 887 posint·
1448 819 1485 896 qt.

208 921 342 992 v'aleant,
376 921 431 994 qui
465 921 567 993 ipsam
601 921 780 990 societatem
814 925 901 994 regat
933 926 963 988 et
996 920 1156 988 universas
1177 935 1296 978 ¹causas
1331 924 1475 1000 pretextu

209 1027 328 1085 arcium
352 1030 383 1084 et
409 1026 557 1085 laborum
588 1027 731 1101 ipsorum
765 1027 912 1096 apulias
943 1026 1213 1104 qualitercumque
1244 1024 1388 1112 oriendae
1418 1025 1477 1107 im.-

208 1133 320 1206 primis
346 1132 457 1204 videat,
482 1131 609 1200 dirimat
631 1139 661 1191 et
675 1132 849 1204 ;discuciat;
873 1137 903 1199 et
928 1132 1011 1207 quod
1034 1131 1141 1202 nullus
1165 1131 1291 1192 omnino
1313 1131 1477 1200 homiuum

208 1238 296 1312 ipsos¹
316 1238 369 1298 uel
391 1237 532 1311 aliquem
554 1254 594 1296 ex
616 1238 697 1312 ipsis
716 1238 750 1306 iq
772 1239 1022 1312 quibuscumque
1042 1238 1143 1296 causis
1158 1239 1280 1296 racione
1291 1237 1477 1319 ¹huiusmodi

207 1344 327 1402 arcium
358 1349 389 1402 et
419 1343 565 1402 laborum
587 1344 729 1418 ipsorum
760 1345 791 1407 in
824 1345 1016 1419 presenciam
1047 1343 1158 1402 iudicis
1183 1351 1213 1412 et
1235 1343 1410 1411 iuratorum
1432 1323 1473 1402 ci·

207 1432 298 1508 ‘vium
320 1449 458 1526 eiusdem
482 1449 618 1516 ciuitatis¹
641 1455 746 1518 nostre
768 1449 822 1520 vei
844 1450 980 1526 aliorum
1002 1449 1142 1520 iudicum
1162 1450 1261 1524 aliter,
1278 1463 1374 1536 quam,
1389 1429 1476 1524 prius

208 1555 390 1614 huiusmodi
415 1571 507 1614 cause
530 1571 587 1628 per
609 1557 796 1630 magistrum
819 1556 900 1626 dicte
922 1555 1076 1626 societatis
1108 1555 1250 1629 ipsorum
1278 1553 1426 1629 discusse,
1445 1560 1476 1624 qt

208 1661 342 1721 iudicate
363 1661 487 1734 fuerint,
509 1663 676 1730 convenire
697 1663 803 1737 possit.
825 1662 912 1736 Item,
935 1661 1019 1736 quod
1041 1676 1134 1720 nemo
1156 1661 1236 1720 inter
1259 1661 1475 1748 eosmagister

208 1768 330 1826 arcium
355 1773 385 1826 et
408 1767 553 1826 laborum
578 1769 718 1843 ipsorum
739 1767 808 1838 fieri
830 1768 937 1842 possit,
960 1767 1020 1828 nisi
1042 1768 1077 1837 is,
1101 1767 1154 1840 qui
1174 1765 1292 1824 eisdem
1315 1773 1346 1824 et
1376 1767 1475 1836 ,socle-

207 1875 263 1932 tati
287 1889 396 1932 eorum
419 1873 459 1932 ad
481 1873 661 1932 huiusmodi
683 1879 764 1933 artes
786 1873 943 1933 sufficiens
973 1872 1140 1954 videbitur,
1164 1878 1195 1938 et
1217 1871 1257 1930 ad
1279 1873 1395 1950 ipsum,
1408 1887 1474 1961 ma·

207 1979 369 2062 gistepium
390 1979 509 2048 arcium
532 1985 563 2049 et
585 1981 764 2039 societatem
786 1995 844 2056 per
866 1979 1051 2052 magistrum
1074 1977 1214 2060 eiusdem
1237 1978 1399 2065 societatis,
1417 1957 1472 2051 qui

207 2100 267 2160 pro
290 2093 431 2160 ternpore
462 2084 557 2144 fuerit
581 2079 773 2158 constitutus,
797 2089 974 2160 acceptatus
998 2083 1101 2157 luerit,
1124 2091 1154 2143 et
1176 2065 1308 2171 talis'in'·
1327 2084 1472 2174 magiste-

205 2192 288 2250 rium
322 2191 537 2267 acceptandus,
568 2193 672 2266 primo
702 2192 917 2251 communitati
950 2191 1105 2250 societatis
1140 2189 1218 2252 duos
1240 2174 1372 2248 florenos
1404 2167 1473 2248 auri

209 2303 239 2354 et
263 2303 397 2371 quatuor
418 2299 518 2356 libras
542 2313 611 2356 cere
633 2297 771 2370 soluerit,
793 2299 846 2356 vel
869 2297 1020 2370 magistro
1035 2295 1173 2354 eiusdem
1189 2295 1343 2354 societatis
1358 2299 1389 2353 et
1403 2295 1473 2353 aliis

205 2404 363 2477 magistris
384 2419 482 2462 unum
505 2403 675 2478 prandium
698 2403 826 2462 dederit.
848 2403 1001 2476 Preterea‚
1026 2401 1110 2476 quod
1133 2401 1240 2460 nullus
1255 2399 1395 2475 pelliterr,
1410 2399 1471 2458 sel·

204 2509 288 2583 lipar
310 2515 341 2568 et
362 2509 474 2568 artifex
498 2509 657 2569 frenorum
680 2515 710 2570 et
733 2509 989 2588 corrigiariarum
1014 2515 1102 2596 extra
1125 2507 1304 2596 societatem
1327 2507 1469 2594 ipsorum

204 2615 395 2688 constitutus,
418 2615 530 2674 audeat
550 2631 604 2674 seu
628 2622 787 2690 presumat
810 2617 842 2674 in
857 2615 926 2689 ipsa
949 2615 1074 2673 civitate
1090 2619 1171 2672 artes
1187 2610 1367 2672 huiusmodi
1383 2627 1470 2670 exer·

203 2736 280 2792 cere,
303 2721 330 2780 si
353 2722 407 2795 qui
435 2736 511 2780 vero
542 2728 727 2795 exercerent,
758 2721 869 2781 talium
893 2721 1076 2797 pellificum,
1103 2721 1302 2795 selliparium
1323 2719 1375 2804 v'el
1397 2719 1471 2778 arti-

202 2805 298 2885 ficum
320 2807 445 2886 labores
469 2827 617 2900 magister
639 2827 738 2902 ipsius
759 2829 913 2887 societatis
935 2824 1050 2888 libere
1065 2827 1184 2886 auffere
1217 2826 1327 2901 possit
1356 2824 1470 2886 Nuuns

202 2913 301 2992 eciam
324 2939 479 2992 mercator
501 2933 554 2992 vel
577 2935 659 2992 alter
679 2925 775 2993 homo
797 2935 976 3010 negociator
999 2934 1147 3009 pelliceas
1179 2933 1231 2991 vel
1255 2931 1340 2990 alios
1369 2936 1470 2992 extra·

201 3033 288 3098 neos'
306 3039 430 3098 labores
462 3039 582 3098 arcium
614 3027 859 3114 prescriptarum
889 3041 921 3098 in
955 3040 1023 3114 ipsa
1054 3039 1178 3097 civitate
1200 3043 1309 3110 nostra
1329 3036 1467 3098 uendere

201 3123 370 3219 presumat,
398 3125 458 3204 nisi
490 3147 632 3220 tempore
661 3145 870 3205 nundinarum
900 3161 954 3204 seu
984 3144 1126 3202 fororum
1158 3142 1350 3214 annualium,
1364 3163 1365 3167 ¹
1381 3141 1472 3206 etsai

202 3252 366 3326 quippiam
399 3252 581 3311 huiusmodi
615 3252 763 3327 pelliceas
795 3252 846 3312 vel
881 3252 961 3310 alios
990 3255 1152 3309 extraneos
1182 3249 1308 3308 labores
1335 3247 1470 3312 vendere

199 3357 462 3431 attemptaverint,
484 3358 633 3431 magister
656 3357 736 3417 dicte
759 3359 914 3422 societatis
938 3356 1099 3424 auferendi
1121 3355 1258 3432 liberam
1280 3354 1394 3426 habeat
1410 3369 1467 3429 po-

199 3463 316 3522 testatis
338 3463 519 3522 facultatem
544 3480 583 3522 ex
605 3465 741 3538 presenti
757 3465 952 3524 concessione
973 3467 1086 3522 nostra.
1103 3461 1255 3536 Quocirca
1278 3461 1369 3520 vobis
1391 3460 1468 3519 fide·

199 3569 284 3627 libus
316 3570 430 3628 nostris
461 3570 629 3644 capitaneis
662 3571 715 3630 vel
749 3570 986 3646 vicecapitaneis
1021 3585 1078 3644 per
1107 3583 1163 3626 nos
1194 3567 1247 3625 vel
1276 3581 1468 3625 successores

199 3680 323 3733 nostros
346 3690 442 3748 reges,
473 3677 505 3734 in
536 3675 657 3749 prelata
685 3677 811 3735 civitate
840 3681 946 3735 nostra
970 3673 1200 3745 constituendis,
1223 3673 1298 3731 item
1321 3672 1416 3731 iudici
1438 3677 1469 3732 et

199 3781 317 3850 iuratis,
340 3781 512 3854 ceterisque
533 3781 655 3839 civibus
679 3782 777 3856 ipsius
802 3783 935 3841 civitatis
958 3787 1062 3840 nostre
1078 3780 1273 3855 presentibus
1290 3784 1321 3838 et
1343 3778 1465 3852 futuris,

198 3888 394 3960 presencium
428 3887 575 3946 noticiam
597 3887 760 3960 habituris,
794 3890 907 3947 harum
947 3888 1025 3946 serie
1059 3877 1193 3945 firmiter
1223 3882 1415 3960 precipimus
1438 3891 1469 3944 et

198 3991 394 4065 mandamus,
416 3998 568 4067 quatenus
591 3992 705 4058 amodo
728 3993 873 4068 deinceps
895 3993 1037 4069 prefatos
1058 3991 1234 4080 pellifices,
1251 3992 1414 4065 sellipares
1437 3995 1467 4049 et

197 4096 333 4163 artifices
364 4096 523 4158 frenorum
554 4103 584 4156 ct
615 4099 867 4172 corrigiariarum
897 4101 950 4158 vel
981 4099 1120 4173 aliquem
1151 4114 1189 4161 ex
1212 4099 1289 4174 ipsis
1312 4098 1344 4156 in
1367 4097 1467 4164 causis

196 4203 387 4278 supradictis
420 4210 564 4280 pretextu
600 4204 718 4262 scilicet
750 4205 931 4264 huiusmodi
961 4206 1080 4264 arcium
1104 4211 1134 4262 ct
1154 4205 1301 4272 laborum
1324 4179 1466 4287 ipsorum¹

196 4309 334 4376 iudicare
355 4309 409 4376 vel
433 4316 537 4374 vestro
560 4315 677 4368 asstare
699 4310 848 4370 iudicatui
863 4311 1061 4386 compellere,
1078 4317 1131 4368 aut
1146 4309 1225 4368 alias
1240 4309 1352 4392 quovis
1367 4287 1465 4400 modo!¹

196 4419 303 4482 contra
326 4415 460 4476 formam
472 4415 653 4475 huiusmodi
668 4423 771 4475 nostre
783 4418 922 4491 graciose
936 4417 1103 4501 annuencie
1119 4415 1342 4504 quoquomodo
1365 4414 1466 4497 impe:

196 4520 271 4593 dire,
292 4522 459 4590 molestare
474 4527 535 4582 aut
558 4523 741 4597 perturbare
764 4530 794 4581 et
818 4523 1128 4606 damnificare-nullo
1151 4537 1303 4596 umquam
1320 4517 1466 4608 ternpore}

195 4628 391 4702 presumatis,
414 4629 490 4702 quin
513 4629 622 4703 pocius
646 4628 765 4687 eisdem
789 4629 1214 4704 pellificibus,selliparibus
1237 4633 1268 4689 et
1281 4625 1463 4716 artificibus

194 4732 356 4800 frenorum
378 4740 409 4793 et
430 4736 683 4809 corrigiariarum
706 4737 737 4794 in
760 4735 936 4796 auferendis
967 4736 1137 4822 laboribus:
1161 4734 1314 4802 extraneis
1337 4727 1464 4812 omnem

193 4841 406 4910 assistenciam
439 4839 542 4908 iacere
572 4849 601 4900 et
635 4842 721 4916 ipsos
751 4847 859 4900 contra
882 4856 1096 4916 quoscumque
1109 4842 1151 4927 in
1172 4839 1334 4914 oblacione
1356 4839 1463 4911 huius:

194 4946 281 5018 modi¹
303 4945 450 5005 laborum
474 4952 692 5006 extraneorum
717 4947 871 5023 impedire
894 4949 1042 5018 volentes,
1067 4948 1146 5008 tueri
1170 4953 1200 5008 et
1222 4943 1464 5028 protegerede,

193 5053 300 5111 beatis.
331 5052 396 5113 Ubi
426 5057 531 5112 autem
566 5068 623 5111 ros
645 5053 683 5112 ad
711 5054 864 5129 premissa
887 5053 1027 5122 iacienda
1050 5053 1131 5115 forte
1153 5053 1262 5140 tavare
1284 5053 1464 5142 aliquorum

1356 5151 1374 5190 ss
