3764 5924
430 545 492 612 ⁵1⁶
776 542 850 603 Boc·
867 554 943 620 393·
961 555 1038 620 394-
1066 577 1102 586 -
1127 544 1303 622 Art-1499·
1402 566 1404 570 ⁴

428 756 582 814 libertatis
605 772 715 816 eorum
745 763 883 832 pretacte
905 764 1011 832 petere
1034 773 1088 816 seu
1111 759 1245 832 exigere,
1270 760 1397 834 petique
1417 776 1471 818 seu
1494 760 1581 833 exigi
1601 759 1701 818 facere

428 863 624 936 aliquatenus
644 865 831 939 presumatis
846 880 903 923 nec
919 865 986 923 sitis
1009 865 1077 923 ausi
1098 865 1193 924 modo
1215 867 1355 940 aliquali
1380 866 1445 926 Ubi
1466 873 1574 925 autem
1607 867 1698 940 quip-

428 969 513 1043 piam
538 985 576 1028 ex
598 970 690 1028 vobis
721 970 753 1028 in
784 969 944 1044 premissis
976 985 1064 1028 secus
1087 968 1189 1028 facere
1213 972 1454 1047 attemptaverit,
1477 977 1595 1031 extunc
1618 987 1701 1030 com·

428 1076 571 1134 misimus
594 1082 624 1134 et
644 1077 840 1150 presentibus
863 1076 985 1134 firmius
1001 1076 1228 1135 committimus
1253 1077 1334 1136 bano
1358 1079 1412 1136 vel
1434 1079 1597 1137 vicebanis
1613 1077 1701 1151 regni

427 1183 526 1240 nostri
548 1181 713 1241 Sclauonie
736 1198 772 1240 ac
794 1183 961 1241 comitibus
980 1182 1033 1240 vel
1057 1183 1294 1243 vicecomitibus
1316 1191 1347 1242 et
1368 1183 1524 1260 judicibus
1539 1185 1700 1243 nobilium

427 1287 557 1346 illorum
579 1289 826 1362 comitatuum,
857 1289 889 1347 in
912 1289 1028 1362 quibus
1051 1287 1190 1347 fortassis
1214 1290 1394 1350 huiusmodi
1416 1290 1566 1348 mandata
1589 1295 1697 1348 nostra

427 1409 489 1452 non
521 1396 770 1468 observarentur,
800 1400 835 1453 ut
857 1396 919 1468 ipsi
941 1409 998 1452 vos
1023 1401 1053 1454 et
1089 1395 1265 1469 quemlibet
1298 1401 1438 1455 vestrum
1471 1396 1512 1454 ad
1536 1396 1693 1471 premissa

432 1499 573 1558 facienda
596 1516 653 1575 per
676 1501 779 1560 omnia
810 1499 948 1558 remedia
971 1500 1064 1558 solita
1087 1505 1116 1559 et
1139 1507 1285 1560 consveta
1315 1509 1415 1561 artent
1437 1508 1468 1561 et
1491 1501 1698 1577 compellant.

427 1603 522 1664 Secu's
557 1607 653 1680 igitur
684 1623 745 1666 non
780 1606 899 1664 facturi.
940 1607 1138 1665 Presentibus
1174 1608 1327 1680 perlectis,
1351 1609 1510 1667 exhibenti
1533 1608 1695 1666 restitutis

426 1711 542 1770 Datum
575 1712 661 1772 Bude
696 1711 827 1771 infesto
851 1713 934 1770 beati
964 1711 1177 1771 Bartholomei
1199 1714 1342 1786 apostoli.
1367 1716 1456 1772 Anno
1480 1714 1604 1772 domini
1628 1713 1698 1770 mil·

425 1818 537 1878 lesimo
572 1819 877 1893 quadringentesimo
911 1819 1113 1892 nonagesimo
1149 1824 1266 1877 octavo.
1294 1819 1474 1892 Regnorum
1512 1825 1695 1879 nostrorum

425 1924 584 1998 Hungarie
606 1931 661 1984 etc.
685 1941 765 1984 anno
788 1940 880 1996 nono,
905 1923 1051 1983 Bobemie
1074 1939 1150 1982 vero
1173 1924 1326 1998 vigesimo
1349 1940 1438 1984 nono.

530 2077 664 2142 Originale
683 2076 710 2128 in
729 2077 824 2130 charta.
843 2080 876 2127 In
894 2077 1009 2128 inferiori
1026 2077 1141 2142 margine
1163 2079 1316 2143 impressum
1335 2086 1375 2128 est
1394 2078 1518 2143 sigillum.
1541 2081 1576 2128 Iu
1601 2077 1696 2128 archiv.

424 2167 470 2218 lib.
483 2183 535 2231 reg.
555 2168 604 2221 civ.
622 2167 723 2232 zagrab.

1014 2380 1102 2446 393.

531 2522 612 2572 Anno
635 2530 709 2584 1499.
730 2533 753 2584 9.
767 2521 866 2586 aprilis.
888 2505 1006 2572 Casmae.

536 2681 660 2730 osvaldus
686 2681 756 2746 episc.
788 2681 890 2746 sagrada
909 2681 996 2747 fratri
1020 2697 1065 2729 suo
1092 2681 1203 2745 Alsmaso,
1227 2682 1426 2746 praeposituram
1453 2683 1555 2746 nagrab.
1593 2679 1701 2746 capituli

426 2773 522 2836 confert

532 2917 734 2977 venerabiles
765 2917 888 2992 fratres,
922 2918 1014 2976 nobis
1046 2919 1164 2977 sincere
1194 2917 1308 2976 dilecti.
1340 2918 1577 2993 Preposituram
1612 2917 1696 2976 illius

428 3023 558 3084 ecclesie
581 3029 686 3082 nostre
709 3021 917 3097 zagrabiensis
955 3039 1028 3083 cum
1058 3023 1238 3082 canonicatu
1270 3024 1459 3083 contulimus
1491 3031 1521 3083 et
1554 3024 1696 3083 dedimus

429 3130 562 3189 Allonso
596 3129 691 3200 Thuz,
723 3129 811 3188 fratri
833 3135 950 3202 nostro,
971 3131 1058 3188 cuius
1081 3131 1331 3204 procuratorium
1347 3131 1445 3188 eciam
1468 3131 1519 3189 bic
1543 3127 1697 3189 transmit-

430 3237 514 3308 titur,
536 3235 607 3295 ideo
639 3251 697 3310 per
725 3235 864 3310 aliquem
895 3237 927 3293 in
946 3250 1056 3294 eorum
1080 3236 1295 3310 procuratorio
1330 3234 1564 3294 denominatam
1589 3233 1695 3295 instal-

430 3342 584 3400 lacionem
604 3341 674 3400 fieri
698 3339 828 3412 laetate
851 3341 997 3416 pecunias
1020 3347 1125 3399 autem
1148 3355 1207 3415 pro
1229 3341 1410 3399 huiusmodi
1425 3341 1642 3401 installacione
1658 3337 1695 3396 ad

429 3447 686 3506 informacionem
710 3447 793 3505 viam
815 3463 871 3521 per
893 3447 1045 3505 curialem
1067 3452 1219 3518 nostrum,
1244 3447 1294 3505 cui
1316 3445 1483 3520 superinde
1498 3447 1691 3522 scripsimus,

432 3553 506 3611 dare
529 3553 749 3612 commisimus.
774 3553 819 3610 Ex
842 3553 977 3611 Chasma
1000 3551 1077 3610 feria
1100 3553 1194 3611 tercia
1217 3561 1288 3626 post
1303 3545 1473 3624 Ambrosii,
1490 3567 1572 3612 anno
1603 3567 1693 3628 1499.

540 3707 646 3770 Georgii
667 3707 837 3758 Marcelovid.
858 3707 984 3770 Regesta.
1004 3706 1075 3757 MSC
1094 3708 1121 3756 in
1139 3705 1261 3758 biblioth.
1281 3707 1363 3758 dioec.
1383 3707 1483 3770 zagrab.

1016 3920 1105 3986 394.

540 4061 620 4110 Auno
642 4070 707 4124 1499
739 4073 778 4126 15.
797 4061 894 4126 aprilis.
915 4046 1029 4113 Casmae.

640 4189 686 4247 Ab
715 4186 844 4248 Osvaldo
866 4190 991 4263 episcopo
1013 4188 1131 4262 aagrab.
1146 4189 1203 4262 pia
1226 4189 1323 4264 legata
1346 4191 1488 4264 leganmr.

540 4353 575 4411 ln
597 4352 722 4411 nomine
744 4352 863 4412 domini
878 4353 975 4411 nostri
999 4353 1071 4436 Jesu
1094 4351 1218 4411 Christi.
1244 4355 1352 4410 Amen.
1369 4353 1434 4426 Ego
1457 4351 1612 4410 Osualdus
1628 4349 1688 4423 epi·

437 4474 550 4531 scopus
572 4459 701 4518 ecclesie
732 4459 938 4532 zagrabiensis
961 4465 1016 4517 etc.
1040 4473 1231 4532 quamquam
1254 4457 1379 4516 volente
1402 4456 1461 4516 deo
1483 4472 1614 4530 corpore
1635 4455 1690 4512 sim

437 4563 588 4637 infirmus,
605 4570 707 4622 mente
721 4569 825 4622 tamen
847 4580 904 4637 per
927 4566 1031 4622 omnia
1052 4579 1152 4635 sanus,
1175 4563 1315 4621 recolens
1328 4563 1411 4637 quod
1436 4564 1541 4622 brevis
1563 4569 1609 4621 est
1631 4560 1690 4617 vita

438 4670 572 4730 hominis
600 4676 630 4729 et
660 4672 764 4730 subito
792 4671 906 4742 labilis,
938 4671 1140 4744 mortalisque
1163 4670 1299 4728 humana
1329 4669 1468 4728 condicio
1500 4674 1530 4727 et
1552 4669 1689 4742 ignorans

439 4793 500 4851 qua
522 4777 599 4834 hora
623 4776 768 4835 dominus
792 4778 910 4848 veniat;
931 4792 970 4835 ne
992 4776 1086 4849 igitur
1110 4777 1185 4834 dum
1202 4780 1329 4850 repente
1345 4777 1472 4849 venerit,
1488 4775 1687 4835 dormientem

438 4884 581 4954 inveniat,
604 4882 656 4941 au't
680 4883 762 4956 quod
787 4882 827 4941 ad
850 4882 1025 4958 proiectum
1048 4883 1159 4954 anime,
1183 4888 1284 4941 morte
1307 4882 1411 4942 forsan
1434 4883 1637 4957 preveniente,
1658 4876 1687 4934 iu

438 4992 502 5048 vita
524 5005 585 5048 non
609 4990 773 5064 potuerim,
796 5005 835 5048 ne
851 4995 921 5064 post
943 4995 1078 5049 mortem
1102 4989 1220 5063 pariter
1242 4990 1462 5063 negligeretur,
1485 4987 1524 5046 de
1555 4989 1646 5048 rebus
1661 4985 1687 5039 et

1843 2293 1848 2452 l

1840 2607 1847 3053 l
