3948 5804
933 884 992 952 ¹76.

433 1063 515 1113 Anno
536 1075 612 1125 1434,
632 1073 657 1126 7.
678 1061 838 1126 septembris.
859 1060 1007 1125 Zagrabiae.

327 1243 526 1313 flamannus,
554 1241 650 1300 Cileae
671 1259 763 1301 comcs
784 1249 813 1300 ct
839 1240 973 1298 Croatiac
994 1240 1095 1310 banus,
1118 1241 1240 1298 mundat
1259 1238 1385 1314 capitulo
1399 1237 1547 1309 dusmensi,
1563 1244 1598 1295 ut

400 1350 556 1424 capitulum
577 1349 699 1428 aagrab.
722 1348 753 1404 in
776 1348 932 1422 legitimam
946 1347 1153 1422 possessionem
1175 1345 1332 1422 Kraljeuec
1353 1351 1508 1403 statuatur.

432 1529 551 1589 Amicis
574 1529 639 1586 suis
660 1527 848 1600 reverendis,
871 1525 1010 1602 capitulo
1033 1524 1161 1583 ecclesie
1184 1523 1381 1596 chasmensis,
1419 1524 1595 1582 Hermanus

326 1637 416 1710 Cilie,
432 1637 624 1710 Zagorieque
647 1649 751 1693 comes
774 1640 829 1692 etc.
853 1634 940 1706 regni
962 1631 1125 1690 Sclauonie
1140 1631 1248 1700 banus,
1264 1631 1437 1688 amiciciam
1452 1635 1594 1704 paratam

328 1759 401 1803 cum
424 1744 552 1801 honore.
576 1742 698 1800 Dicitur
718 1741 809 1799 nobis
823 1741 857 1800 in
885 1739 1025 1814 personis
1058 1735 1290 1796 honorabilium
1324 1737 1465 1796 virorum
1495 1737 1595 1797 domi·

326 1864 440 1908 norum
463 1849 682 1907 canonicorum
704 1847 742 1905 de
765 1847 905 1930 capitulo
927 1845 1055 1904 ecclesie
1086 1844 1293 1917 zagrabiensis
1323 1858 1359 1902 ac
1389 1845 1517 1902 rectoris
1551 1844 1596 1902 al·

329 1957 405 2014 taris
428 1959 532 2014 sancte
554 1955 654 2012 crucis
677 1955 709 2012 in
739 1953 847 2012 eadem
879 1953 1009 2012 ecclesia
1037 1949 1215 2010 kathedrali
1244 1950 1437 2023 zagrabiensi
1466 1949 1595 2023 fundati,

325 2060 485 2136 quomodo
508 2061 569 2135 ipsi
591 2061 623 2119 in
647 2060 820 2118 dominium
851 2060 1082 2133 possessionum
1113 2057 1303 2130 Kralyowch
1333 2071 1369 2114 ac
1404 2055 1525 2130 Cherye
1555 2056 1596 2114 ad

324 2169 427 2243 ipsam
450 2167 639 2240 Kralyowch
662 2167 837 2241 spectantis,
863 2182 920 2224 nec
950 2179 1012 2222 non
1035 2165 1145 2223 tributi
1167 2165 1199 2222 in
1222 2163 1331 2221 eadem
1362 2163 1484 2236 Cherye
1514 2164 1596 2237 exigi

330 2275 423 2346 soliti,
445 2274 520 2332 item
543 2271 699 2346 Kobylalr,
723 2272 873 2346 Zywblye
888 2277 919 2330 et
941 2270 1059 2330 Naarth
1082 2274 1272 2342 vocatarum,
1303 2270 1335 2328 in
1367 2271 1517 2328 comitatu
1546 2285 1595 2328 za·

326 2381 483 2454 grabiensi
498 2381 699 2438 existencium
715 2385 745 2438 et
759 2380 947 2451 habitarum,
971 2379 1056 2452 ipsos
1075 2375 1204 2454 juridice
1227 2377 1489 2447 concernencium,
1506 2377 1596 2449 legit-

328 2489 403 2544 time
433 2486 552 2545 vellent
581 2488 717 2558 introire,
741 2503 836 2562 super
855 2500 919 2560 quo
947 2493 1083 2543 vestram
1115 2485 1291 2543 amiciciam
1322 2483 1519 2561 presentibus
1541 2500 1595 2558 pe·

324 2593 419 2650 timus
442 2599 627 2664 reverenter,
652 2599 803 2667 quatenus
826 2598 967 2651 restrum
991 2593 1120 2650 mittatis
1142 2593 1302 2650 hominem
1326 2607 1385 2667 pro
1417 2590 1595 2650 testimonio

324 2697 527 2772 fidedignum,
551 2715 613 2772 quo
637 2704 779 2773 presente
812 2698 959 2756 Nicolaus
995 2698 1048 2756 vel
1082 2697 1244 2771 Georgius,
1275 2698 1334 2756 filii
1366 2697 1513 2770 Ladislai,
1536 2696 1595 2755 filii

324 2803 501 2864 Ladomerii
524 2805 562 2862 de
585 2805 789 2877 Radomerch,
814 2811 868 2863 aut
890 2805 1022 2872 Marcus,
1045 2803 1129 2862 filius
1150 2804 1299 2886 Johannis
1323 2804 1362 2863 de
1390 2805 1515 2878 Chawa,
1548 2804 1596 2862 sin

325 2912 467 2984 Michael,
491 2911 577 2970 filius
599 2911 720 2970 Nicolai
743 2911 782 2970 de
814 2911 955 2984 Kisgora,
987 2911 1053 2968 sive
1083 2911 1245 2993 Johannes,
1277 2910 1362 2970 filius
1393 2911 1527 2970 Emerici
1557 2910 1596 2970 de

327 3017 474 3092 Nezpesa,
498 3019 569 3076 aliis
591 3018 780 3088 absentibus,
803 3018 900 3075 homo
922 3023 1034 3088 noster,
1058 3015 1099 3074 ad
1122 3016 1216 3076 facies
1247 3020 1494 3092 prescriptorum
1524 3031 1595 3092 pos·

329 3127 501 3183 sessionum
533 3129 563 3182 et
593 3124 703 3182 tributi
732 3125 841 3182 vicinis
865 3129 895 3181 et
925 3125 1144 3184 commetaneis
1176 3124 1357 3183 earumdem
1391 3129 1421 3182 et
1456 3123 1595 3182 eiusdem

324 3231 477 3288 universis
499 3231 578 3288 inibi
600 3230 753 3304 legittime
763 3231 946 3310 'convocatis
958 3237 988 3289 et
1003 3231 1199 3304 presentibus
1218 3229 1402 3303 accedendo,
1419 3229 1596 3289 introducat

329 3335 467 3410 prefatos
498 3337 642 3395 dominos
672 3337 834 3395 canonicos
872 3337 1000 3396 ecclesie
1037 3337 1244 3411 zagrabiensis
1274 3343 1305 3396 et
1334 3343 1489 3396 rectorem
1520 3335 1595 3396 dicti

325 3442 434 3502 altaris
458 3447 561 3502 sancte
584 3444 684 3502 crucis
707 3445 739 3501 in
768 3442 942 3501 dominium
973 3443 1154 3502 earumdem
1176 3449 1207 3503 et
1242 3443 1392 3516 eiusdem,
1413 3448 1591 3518 statuatque

324 3549 450 3609 easdem
474 3555 505 3608 et
527 3549 612 3608 idem
635 3549 753 3608 eisdem
783 3548 851 3626 jure
873 3549 950 3624 ipsis
972 3550 1170 3609 incumbente
1200 3557 1352 3625 perpetuo
1382 3550 1593 3625 possidendas,

324 3657 350 3714 si
372 3671 434 3714 non
457 3656 550 3715 fuerit
573 3655 799 3716 contradictum
807 3676 815 3728 ;
845 3656 1086 3714 contradictores
1117 3671 1201 3729 vero,
1232 3658 1259 3716 si
1289 3658 1343 3732 qui
1376 3656 1498 3730 tuerint,
1522 3659 1595 3715 citet

323 3777 376 3820 eos
420 3768 527 3821 contra
559 3767 721 3822 annotatos
755 3761 898 3821 dominos
933 3763 1095 3820 canonicos
1128 3763 1343 3837 zagrabienses
1378 3768 1407 3822 et
1441 3769 1594 3822 rectorem

323 3869 430 3927 altaris
452 3868 584 3942 predicti
605 3873 745 3928 nostram
768 3870 800 3927 in
823 3869 1016 3943 presenciam
1039 3871 1070 3928 in
1093 3869 1198 3928 sedem
1214 3870 1447 3944 zagrabiensem
1470 3869 1510 3928 ad
1532 3874 1592 3928 ter·

323 3976 443 4032 minum
467 3980 703 4049 competentem,
727 3977 883 4033 racionem
915 3975 1169 4034 contradiccionis
1201 3991 1309 4034 eorum
1338 3975 1532 4046 reddituros;
1563 3979 1594 4034 et

322 4087 395 4156 post
417 4082 474 4140 hec
494 4083 633 4155 ipsarum
665 4082 904 4156 possessionarie
937 4081 1177 4140 introduccionis
1207 4087 1237 4141 et
1270 4083 1449 4141 statucionis
1480 4083 1593 4140 seriem

323 4203 392 4244 cum
416 4189 593 4245 nominibus
616 4188 879 4246 contradictorum
895 4193 924 4246 et
945 4189 1118 4260 citatorum,
1134 4190 1160 4246 si
1180 4189 1234 4262 qui
1249 4187 1372 4260 tuerint,
1396 4189 1591 4262 terminoque

322 4293 477 4365 assignato
515 4295 606 4352 nobis
636 4295 843 4352 amicabiliter
880 4295 1063 4353 rescribatis.
1103 4294 1262 4352 Presentes
1293 4295 1398 4367 sigillo
1439 4291 1589 4368 Stephani

322 4399 492 4472 Kwhinger
515 4399 553 4457 de
577 4399 722 4472 Bathyna,
751 4401 873 4458 comitis
898 4402 996 4458 nostri
1011 4401 1226 4474 zagrabiensis‚
1254 4399 1382 4460 fecimus
1410 4401 1593 4474 consignari.

322 4505 437 4563 Datum
468 4505 618 4579 Zagrabie
640 4507 672 4564 in
694 4507 803 4580 vigilia
826 4507 896 4566 festi
918 4508 1087 4565 nativitatis
1110 4508 1198 4566 beate
1221 4509 1317 4568 Marie
1340 4508 1477 4582 virginis.
1501 4509 1591 4567 Anno

322 4609 441 4670 domini
463 4612 633 4680 millesimo
657 4613 960 4686 quadringentesimo
984 4614 1139 4672 tricesimo
1164 4620 1282 4688 quarto.

428 4801 452 4850 E
471 4807 631 4867 transumpto
650 4801 758 4868 capituli
777 4802 943 4861 chasmensis,
963 4809 992 4851 ut
1010 4802 1126 4853 interius.
1146 4803 1212 4854 Doc.
1232 4805 1273 4867 78.
