3948 5804
807 559 880 618 Doc,
905 561 952 636 65.
979 594 1017 604 —
1042 562 1099 622 Aa.
1124 576 1214 642 1433.

975 773 1034 838 65.

479 910 560 960 Auno
581 922 656 975 1433,
677 925 718 976 24.
735 914 817 979 Junii.
836 915 984 980 Zagrabiae.

374 1037 554 1109 IrVermanus,
583 1039 679 1099 Ce'lem
698 1060 786 1100 comes
808 1049 836 1100 et
855 1043 956 1112 banus,
985 1043 1154 1118 quibusdam
1177 1043 1313 1118 personis
1342 1044 1471 1116 mundat,
1500 1053 1536 1102 ut
1558 1045 1638 1120 fines

373 1145 581 1203 communitatis
603 1147 677 1204 cinit.
701 1146 853 1207 Grecensis
874 1158 904 1208 et
924 1150 1046 1224 capituli
1065 1151 1097 1208 in
1119 1151 1188 1208 vt‘cis
1211 1151 1317 1222 Rudas,
1341 1151 1447 1210 Vrable
1468 1157 1497 1208 et
1523 1148 1638 1226 Grijc

662 1255 733 1324 sitis,
755 1255 789 1312 de
811 1256 914 1332 qut'bus
928 1258 984 1332 jus
1006 1257 1170 1332 ambigitur,
1193 1255 1348 1332 explorent.

441 1443 446 1450 .
479 1395 676 1455 Hermannus
699 1397 787 1470 Cilie,
808 1397 997 1474 Sagarisque
1020 1415 1123 1459 comes
1152 1407 1207 1462 etc.
1230 1404 1318 1476 regni
1345 1401 1508 1462 Sclauonie
1531 1403 1637 1461 banus.

374 1499 556 1560 Reverendo
578 1504 611 1562 iu
633 1502 757 1563 Christo
773 1507 864 1578 patri,
887 1508 988 1565 amico
1004 1508 1164 1566 carissimo
1187 1513 1218 1568 et
1240 1509 1335 1580 fideli,
1359 1509 1486 1568 domino
1504 1507 1638 1591 Johanni

374 1610 522 1684 episcopo
544 1609 710 1682 Tynnieusi
732 1627 788 1668 nec
811 1627 872 1670 non
899 1613 1092 1684 honorabili,
1126 1616 1259 1688 egregiis
1293 1621 1323 1674 et
1357 1615 1534 1682 nobilibus,
1556 1612 1638 1672 fide·

374 1717 457 1774 libus
481 1715 610 1790 dilectis,
634 1717 761 1778 domino
784 1717 913 1776 Nicolao
937 1719 976 1778 de
999 1721 1132 1793 Orbana,
1156 1721 1265 1783 lectori
1287 1722 1415 1780 ecclesie
1438 1720 1637 1790 chasmensis,

374 1823 466 1881 Petro
488 1822 566 1896 nde,
590 1823 707 1884 vicario
730 1825 762 1882 in
784 1826 1012 1900 temporalibus
1035 1827 1233 1902 episcopatus
1255 1827 1472 1900 zagrabiensis,
1502 1826 1638 1900 Georgio

374 1929 413 1987 de
436 1929 558 2002 Bigzad
581 1929 715 2013 Johanni
738 1930 986 2006 Weriunburger
1008 1935 1169 2006 capitaneo
1192 1940 1298 1992 nostro
1321 1933 1496 2006 Sagoriensi
1519 1939 1550 1992 et
1571 1947 1638 1990 ma·

374 2037 471 2110 gistro
494 2037 639 2095 Michaeli
663 2035 701 2094 de
723 2037 830 2095 Rauen
854 2039 986 2096 salutem
1012 2055 1083 2096 cum
1107 2039 1284 2098 dileccione.
1316 2039 1397 2114 Quia
1427 2039 1545 2098 factum
1575 2037 1638 2097 dis·

374 2144 524 2202 sensionis
547 2145 628 2202 inter
650 2145 845 2206 venerabiles
867 2147 958 2204 nobis
981 2145 1112 2204 dilectos
1141 2145 1284 2204 dominos
1315 2147 1480 2205 canonicos
1510 2145 1638 2203 ecclesie

374 2250 582 2324 zagrabiensis
605 2266 643 2308 ex
665 2266 727 2310 una
750 2257 780 2308 et
803 2251 952 2326 providos
974 2252 1059 2310 viros
1081 2253 1172 2310 uobis
1193 2252 1330 2322 dilectos,
1345 2250 1489 2328 judicem,
1511 2250 1637 2327 juratos,

375 2363 554 2430 ceterosque
576 2357 659 2414 cives
682 2363 712 2414 et
726 2358 865 2432 hospites
886 2357 1020 2416 civitatis
1035 2359 1150 2417 montis
1166 2358 1329 2418 Grecensis
1344 2361 1430 2418 iuxta
1453 2358 1639 2432 Zagrabiam

375 2465 517 2540 partibus
540 2480 579 2522 ex
601 2465 708 2535 altera,
725 2465 763 2523 de
786 2471 816 2523 et
838 2480 932 2538 super
955 2463 1144 2538 quibusdam
1168 2466 1259 2523 terris
1274 2465 1465 2524 arrabilibus
1488 2471 1519 2523 et
1540 2464 1638 2539 pratis

375 2571 456 2630 circa
478 2577 576 2629 metas
599 2572 830 2646 possessionum
857 2570 959 2629 Rodes
982 2587 1018 2629 ac
1047 2571 1171 2630 Rabocz
1201 2578 1232 2629 et
1262 2571 1427 2644 Gvrimlye
1456 2577 1638 2630 vocatarum

374 2679 489 2736 habitis
512 2685 543 2736 et
573 2677 793 2748 adiacentibus,
831 2678 908 2736 alias
937 2677 1057 2736 dudum
1086 2685 1193 2737 exorte
1224 2686 1254 2737 et
1284 2694 1341 2752 per
1370 2692 1436 2764 vos,
1466 2677 1553 2736 cuius
1574 2676 1638 2735 iam

374 2784 469 2842 tercia
491 2785 544 2842 vel
567 2791 677 2857 quarta
701 2783 773 2842 anni
803 2783 929 2842 instaret
951 2785 1120 2857 revolucio,
1143 2799 1203 2842 una
1226 2801 1298 2844 cum
1329 2783 1488 2859 quondam
1510 2783 1637 2842 domiuo

373 2891 514 2975 Johanue
537 2891 683 2964 episcopo
706 2891 900 2963 zagrabiensi
922 2892 1154 2950 reambulatum
1170 2897 1200 2949 et
1215 2892 1354 2950 revisum
1370 2891 1478 2950 etiam
1501 2888 1540 2948 de
1555 2903 1638 2948 novo

375 3005 481 3070 partes
504 2997 585 3055 inter
607 2996 762 3070 predictas
792 2999 1008 3056 resuscitatum
1040 3013 1097 3072 per
1119 3003 1256 3056 vestram
1279 2996 1463 3056 fidelitatem
1487 2995 1638 3070 quemad·

374 3103 505 3161 modum
529 3105 606 3162 alias
630 3104 769 3162 revisum
793 3105 902 3176 extitit,
926 3105 1039 3163 iterum
1055 3105 1249 3164 reambulari
1270 3105 1419 3162 volumus
1442 3110 1473 3162 et
1495 3103 1637 3162 revideri.

375 3209 531 3268 Fidelitati
555 3211 651 3285 igitur
672 3219 775 3268 vestre
799 3212 1023 3270 committimus
1046 3211 1179 3270 firmiter
1202 3217 1233 3269 et
1262 3210 1456 3282 mandamus,
1487 3222 1639 3283 quatenus

374 3331 449 3374 mox
472 3318 546 3375 visis
570 3317 766 3390 presentibus
789 3317 858 3391 ipso
882 3317 932 3375 die
947 3317 1103 3376 dominico
1125 3312 1272 3392 proximo
1288 3317 1401 3374 festum
1418 3317 1515 3374 sancti
1529 3315 1639 3399 Jacobi

375 3422 580 3496 precedente,
615 3423 656 3481 ad
687 3423 780 3481 facies
811 3423 963 3482 dictarum
993 3430 1147 3482 terrarum
1177 3431 1208 3482 et
1237 3429 1400 3498 pratorum
1429 3421 1638 3496 procedentes,

374 3531 513 3603 inibique
536 3531 732 3604 presentibus
754 3530 897 3603 partibus
920 3531 1068 3604 utrisque,
1091 3543 1169 3604 quas
1191 3531 1303 3588 harum
1319 3530 1398 3587 serie
1421 3527 1510 3586 adid
1532 3527 1639 3585 venire

374 3634 528 3711 jubemus,
553 3641 651 3694 metas
674 3643 704 3694 et
727 3636 843 3694 limites
874 3636 1101 3709 prelibatarum
1132 3642 1285 3693 terrarum
1308 3635 1477 3693 arabilium
1508 3640 1539 3691 et
1568 3648 1639 3707 pra-

374 3751 479 3800 torum
501 3743 579 3800 alias
602 3759 658 3816 per
680 3757 738 3800 vos
760 3743 877 3800 revisas
901 3758 1009 3800 rursus
1024 3757 1080 3800 suo
1097 3741 1191 3800 modo
1213 3741 1411 3800 reambulare
1435 3747 1465 3798 et
1486 3739 1637 3809 revidere,

374 3849 647 3922 reambulatasque
670 3855 700 3906 et
722 3849 840 3906 revisas
870 3863 942 3906 cum
972 3849 1051 3906 serie
1080 3850 1182 3923 prime
1211 3847 1481 3918 reambulacionis,
1513 3846 1545 3904 iu
1577 3859 1639 3919 quo

374 3961 457 4013 statu
479 3957 539 4012 hoc
563 3955 679 4013 sactum
703 3962 813 4013 eotunc
837 3955 1016 4013 dimiseritis
1046 3959 1159 4028 etque
1188 3954 1343 4012 dictarum
1367 3953 1509 4028 parcium
1532 3957 1639 4010 contra

374 4062 554 4120 huiusmodi
576 4067 714 4120 vestram
740 4061 952 4120 dimissionem
976 4063 1095 4120 venerit
1117 4069 1171 4118 aut
1194 4059 1311 4132 fecerit,
1334 4061 1424 4118 nobis
1447 4059 1560 4118 vestris
1584 4075 1639 4134 pa·

376 4171 511 4227 tentibus
535 4169 647 4226 litteris
678 4169 793 4226 clarius
825 4168 1006 4226 denotatum
1036 4169 1195 4226 remittere
1226 4167 1373 4236 debeatis
1404 4173 1439 4225 ut
1469 4165 1639 4224 secundum

375 4277 434 4335 hoc
457 4281 632 4349 pretactum
656 4275 773 4333 factum
790 4275 942 4348 proximis
958 4275 989 4331 in
1006 4275 1132 4346 octavis,
1150 4274 1268 4332 scilicet
1283 4274 1379 4332 sancti
1394 4274 1502 4357 Jacobi
1521 4273 1639 4332 ibidem

375 4383 534 4456 Zagrabie,
557 4385 715 4456 utrimque
739 4381 908 4453 audiendis,
932 4396 969 4438 eo
992 4381 1104 4440 melius
1128 4380 1270 4438 decidere
1293 4385 1324 4439 et
1347 4379 1534 4438 concludere
1554 4380 1639 4438 vale-

375 4505 472 4549 amus.
497 4490 535 4547 Et
557 4505 644 4547 secus
667 4504 728 4547 non
760 4489 878 4546 facturi.
910 4488 1108 4545 Presentihus
1138 4503 1264 4561 quoque
1294 4487 1449 4560 perlectis,
1480 4485 1569 4544 reddi
1591 4483 1638 4561 ju·

375 4597 486 4654 bemus
509 4595 707 4670 presentauti.
732 4595 848 4654 Datum
866 4595 935 4668 ipso
951 4595 1001 4650 die
1016 4595 1114 4652 sancti
1128 4594 1278 4676 Johannis
1294 4595 1430 4668 baptiste
1453 4595 1512 4651 sub
1535 4599 1636 4651 castro

375 4711 481 4760 nostro
505 4703 617 4760 Montis
640 4703 763 4775 regalis.
790 4703 879 4758 Anno
902 4699 1022 4757 domini
1044 4701 1214 4758 millesimo
1249 4699 1554 4772 quadringentesimo
1585 4699 1639 4758 tri·

376 4811 490 4868 cesimo
514 4811 618 4868 tercio.
1086 4818 1239 4868 Commissio
1258 4819 1363 4884 propria
1381 4819 1478 4868 domini
1497 4819 1567 4868 bani.

481 4946 614 5010 Originale
632 4946 659 4994 in
679 4945 774 4997 charta.
795 4948 826 4994 In
846 4945 959 5008 margine
977 4943 1092 4992 inferiori
1114 4944 1266 5008 impressum
1293 4951 1331 4992 est
1358 4943 1478 5007 sigillum.
1507 4944 1539 4990 In
1568 4942 1628 4990 arch

376 5053 432 5090 ven.
452 5037 535 5103 Capit.
554 5036 616 5087 eccl.
636 5035 736 5100 zagrab.
756 5039 817 5088 Act.
838 5037 900 5101 Cap.
920 5041 971 5086 aut.
991 5035 1051 5085 fasc.
1075 5046 1113 5086 10.
1133 5049 1170 5085 nr.
1191 5045 1231 5086 22.
