3932 5806
395 500 455 579 248
806 497 880 556 Doc.
904 492 974 572 185.
1001 529 1037 540 -
1063 489 1234 574 An.1456.

391 714 547 787 ignorant,
571 726 688 782 census,
712 709 842 784 fructus,
865 711 1014 784 redditus,
1037 718 1217 788 proventus,
1240 717 1347 784 terras,
1363 709 1480 784 domos,
1505 711 1656 785 grangias,

391 819 515 891 casalia,
539 817 656 893 predia,
680 817 826 890 maneria,
842 818 956 890 vineas,
980 823 1074 890 ortos,
1090 832 1227 893 campos,
1243 817 1388 891 virgulta,
1413 823 1510 891 prata,
1534 833 1656 904 pascua,

389 939 527 998 nemora,
550 925 655 997 silvas,
689 923 877 998 molendina,
908 929 1027 999 stagna,
1058 925 1153 998 lacus,
1185 925 1343 1000 piscarias,
1374 924 1516 999 piscinas,
1551 939 1656 998 aquas,

390 1043 544 1106 aquarum
566 1029 723 1103 decursus,
758 1031 895 1104 arbores,
927 1032 1078 1090 arborum
1108 1031 1237 1104 fructus,
1272 1032 1367 1107 ligna,
1401 1035 1514 1105 postes,
1543 1029 1656 1102 trebes,

390 1140 522 1214 plantas,
545 1137 619 1210 viui,
642 1136 740 1204 bladi,
763 1136 920 1210 frumenti,
943 1137 1040 1210 ordei,
1064 1153 1169 1210 avene,
1194 1137 1335 1211 siliginis,
1358 1137 1428 1209 olei,
1450 1136 1655 1210 leguminum,

392 1245 469 1316 auri,
504 1245 623 1318 argenti
654 1243 803 1304 monetati
832 1247 863 1302 et
891 1258 953 1304 non
983 1245 1132 1304 monetati
1162 1245 1356 1318 quantitates,
1387 1243 1508 1315 calices,
1538 1257 1652 1315 cruces,

393 1356 575 1413 ornamenta
591 1350 807 1432 ecclesiastica,
831 1326 953 1423 tocalia,
976 1355 1100 1422 tasseas,
1124 1351 1241 1425 ciphos,
1258 1350 1440 1420 cochlearia,
1462 1363 1538 1410 vasa
1553 1363 1656 1422 aurea,

390 1461 534 1532 argentea
558 1461 589 1515 et
611 1455 766 1529 deaurata,
791 1471 869 1529 crea,
892 1461 1027 1528 stannea,
1050 1471 1170 1532 pannos
1200 1457 1315 1528 laneos,
1339 1457 1437 1516 lineos
1460 1460 1491 1514 et
1514 1455 1654 1529 sericeos,

389 1563 495 1637 lectos,
526 1562 715 1634 linteamina,
747 1563 932 1636 copertoria,
968 1563 1119 1635 bancalia,
1156 1561 1324 1622 domorum
1357 1562 1509 1633 utensilia,
1544 1567 1653 1637 vestes,

388 1669 515 1743 tunicas,
539 1667 742 1742 foderaturas,
766 1669 939 1742 mantellos,
956 1683 1080 1743 cappas,
1103 1669 1242 1744 capucia,
1259 1682 1364 1744 equos,
1380 1669 1525 1740 iumenta,
1547 1668 1654 1741 boves,

389 1790 506 1843 vaccas.
530 1789 614 1846 oves,
649 1789 769 1849 porcos,
801 1789 910 1849 capras
932 1777 962 1832 et
984 1770 1047 1835 alia'
1070 1775 1227 1848 animalia,
1251 1774 1359 1846 libros,
1395 1775 1513 1834 litteras
1536 1779 1653 1834 autten-

388 1882 473 1955 ticas,
497 1881 701 1942 instrumenta
731 1881 868 1958 publica,
903 1887 1086 1956 contractus,
1121 1881 1315 1953 documenta,
1346 1881 1481 1952 cedulae,
1515 1882 1653 1956 recogni-

387 1988 496 2061 tiones,
521 1987 737 2062 obligationes,
759 1989 898 2062 registra,
932 1990 1097 2064 arreragia,
1133 1993 1324 2061 testamenta,
1355 1988 1524 2062 codicillos,
1555 1992 1653 2060 notas,

385 2094 517 2168 chartas,
537 2094 743 2168 prothocolla,
778 2093 892 2168 debita,
927 2093 1052 2167 credita,
1082 2095 1193 2168 legata,
1223 2095 1425 2170 pecuniarum
1449 2109 1596 2168 summas,
1620 2099 1651 2152 et

360 2258 361 2262 ,
387 2200 538 2260 nonnulla
560 2201 623 2260 alia
645 2201 777 2260 mobilia
799 2206 830 2260 et
852 2201 1029 2262 immobilia
1059 2203 1142 2260 bona
1163 2201 1204 2260 ad
1226 2201 1382 2276 prefatam
1412 2201 1542 2260 domum
1565 2215 1652 2276 spec·

387 2307 483 2366 tantia
505 2311 622 2366 temere
645 2315 675 2366 et
697 2307 851 2366 malitiose
886 2308 1041 2368 occultare
1065 2314 1096 2366 et
1118 2308 1237 2366 occulte
1261 2307 1397 2366 detinere
1420 2312 1648 2382 persummunt,

388 2427 451 2472 non
473 2419 614 2472 curantes
640 2427 675 2471 ea
711 2412 839 2487 prefatis
874 2415 972 2489 priori
995 2421 1025 2473 et
1054 2414 1204 2474 fratribus
1236 2415 1383 2473 exhibere
1412 2415 1444 2472 in
1475 2414 1650 2474 animarum

387 2533 515 2578 suarum
544 2519 720 2594 perieulum
754 2524 785 2578 et
822 2521 964 2594 ipsorum
1000 2521 1114 2595 prioris
1149 2528 1179 2580 et
1215 2520 1348 2580 fratrum
1380 2535 1417 2578 ac
1448 2518 1560 2578 domus
1588 2535 1651 2583 non

386 2624 545 2684 modicum
577 2625 818 2698 detrimentum;
847 2643 942 2702 super
971 2643 1034 2702 quo
1064 2628 1159 2690 iidem
1189 2630 1277 2703 prior
1299 2632 1330 2686 et
1351 2626 1461 2686 fratres
1481 2627 1651 2702 apostolice

385 2729 467 2790 sedis
488 2731 663 2790 remedium
686 2733 903 2808 implorarunt.
941 2734 1094 2808 Quocirca
1118 2734 1299 2794 discrecioni
1322 2739 1424 2791 vestre
1447 2749 1504 2808 per
1526 2738 1651 2808 aposto·

383 2837 444 2894 lica
466 2838 582 2912 scripta
605 2837 798 2913 mandamus,
833 2841 978 2914 quatinus
1010 2841 1124 2899 curatis
1158 2840 1304 2899 omnibus
1336 2838 1438 2898 modis
1469 2839 1649 2900 huiusmodi

384 2943 523 3001 occultos
547 2942 722 3003 detentores
741 2961 899 3012 censuum.
915 2945 1082 3018 fructuum,
1106 2945 1284 3005 reddituum
1300 2949 1330 3004 et
1345 2944 1479 3004 aliorum
1495 2943 1649 3007 bonorum

384 3048 608 3123 predictorum,
631 3050 758 3125 publice
780 3052 812 3110 in
835 3051 974 3110 ecclesiis
996 3067 1103 3110 coram
1137 3051 1257 3126 populo
1287 3067 1345 3126 per
1376 3065 1441 3124 vos,
1475 3051 1529 3110 vel
1551 3052 1650 3111 alium

386 3169 440 3214 seu
463 3155 542 3216 alios
564 3159 723 3230 moneatis,
758 3165 792 3218 ut
813 3157 896 3218 infra
929 3163 1156 3233 competentem
1192 3159 1369 3232 terminum,
1393 3173 1487 3231 quem
1510 3157 1555 3216 eis
1578 3173 1649 3233 pre·

382 3260 513 3322 fixeritis
536 3261 579 3321 ita
602 3262 730 3338 prefatis
753 3265 852 3337 priori
875 3270 906 3322 et
929 3263 1078 3323 fratribus
1102 3280 1120 3323 a
1141 3280 1174 3322 se
1198 3264 1303 3325 debita
1323 3263 1485 3324 restituant
1508 3270 1539 3323 et
1560 3280 1648 3324 reve·

381 3368 454 3439 lent,
490 3380 527 3426 ac
550 3367 683 3443 deipsis
717 3369 846 3444 plenam
868 3376 899 3429 et
918 3369 1057 3430 debitam
1093 3370 1333 3430 satisfactionem
1355 3369 1546 3444 impendant,
1570 3373 1648 3432 etsi

382 3472 414 3531 id
437 3487 500 3532 non
522 3472 764 3548 adimpleverint
797 3475 878 3534 infra
901 3477 1000 3535 alium
1024 3481 1253 3552 competentem
1276 3476 1457 3549 terminum,
1488 3492 1583 3551 quem
1604 3478 1648 3536 eis

381 3577 503 3638 adhoc
526 3581 735 3655 peremptorie
768 3581 918 3641 duxeritis
952 3583 1179 3658 prefigendum,
1203 3587 1316 3642 extunc
1338 3583 1371 3642 in
1396 3597 1448 3641 eos
1471 3585 1647 3657 generalem

380 3685 707 3746 excommunicationis
723 3689 906 3749 sententiam
924 3690 1090 3764 proferatis
1107 3695 1136 3748 et
1152 3703 1221 3748 eam
1245 3689 1367 3748 faciatis
1390 3690 1447 3748 ubi
1470 3695 1500 3749 et
1523 3690 1648 3763 quando

381 3789 527 3866 expedire
549 3791 691 3852 videritis
713 3810 812 3869 usque
835 3796 875 3853 ad
910 3795 1150 3855 satisfactionem
1182 3795 1369 3869 condignam
1399 3796 1567 3855 solenniter
1590 3813 1647 3872 pu·

380 3897 499 3958 blicari.
522 3899 613 3972 Quod
637 3901 748 3960 sinon
771 3903 865 3961 ambo
888 3903 948 3960 hiis
984 3902 1171 3978 exequendis
1194 3903 1356 3976 potueritis
1379 3903 1534 3976 interesse,
1567 3904 1645 3962 alter

380 4008 520 4063 vestrum
543 4021 578 4064 ea
594 4007 798 4067 nihilominus
812 4015 991 4083 exequatur.
1011 4010 1128 4068 Datum
1144 4010 1244 4068 Rome
1265 4009 1350 4084 apud
1373 4015 1494 4068 santam
1510 4010 1641 4068 Mariam

383 4112 542 4171 maiorem.
578 4114 668 4172 Anno
688 4115 907 4173 incarnationis
941 4115 1095 4173 dominice
1132 4116 1302 4174 millesimo
1337 4114 1641 4189 quadringentesimo

381 4218 638 4292 quinquagesimo
668 4226 764 4292 sexto,
798 4219 939 4279 kalendis
973 4223 1168 4296 septembris.
1202 4221 1402 4282 Pontificatus
1435 4222 1534 4280 nostri
1565 4235 1645 4280 anno

380 4323 523 4381 secundo

1236 4412 1278 4477 Jo.
1299 4411 1331 4460 de
1350 4411 1575 4462 Cremonensibus.

485 4585 619 4650 Originale
636 4588 664 4637 in
681 4586 836 4639 membrana.
856 4587 934 4638 Bulla
952 4587 1085 4654 pontificia
1103 4607 1117 4639 e
1135 4605 1199 4640 zona
1217 4589 1322 4639 canabis
1340 4589 1477 4654 dependet.
1497 4591 1529 4639 In
1547 4589 1643 4644 archiv.

377 4689 435 4729 ven.
456 4673 540 4739 Capit.
558 4675 658 4740 zagrab.
