3930 5802
775 516 849 574 Doc.
873 529 940 572 122¹
967 548 1003 558 -
1030 511 1122 592 1438.
1519 519 1576 588 167

312 734 467 806 brensem,
489 734 617 792 Petrum
641 733 833 806 Hungarum,
858 732 1030 806 Georgium
1054 738 1205 792 sartorem
1238 739 1267 791 et
1304 734 1469 792 Nicolaum
1502 735 1580 792 alias

311 839 438 917 judices,
460 855 579 898 necnon
601 840 773 898 Fabianum
789 839 970 910 litteratum,
987 841 1106 913 Fryche
1123 845 1153 898 et
1168 839 1348 912 Georgium,
1366 839 1470 898 filium
1485 840 1578 896 Fran·

315 948 388 1005 cisci
410 961 447 1005 ac
471 946 550 1004 alios
572 943 698 1022 juratos,
722 946 805 1004 cives
829 949 859 1003 et
881 947 1019 1022 hospites
1043 961 1079 1004 ac
1102 951 1200 1006 totam
1225 948 1483 1005 communitatem
1506 962 1577 1020 pre·

312 1052 393 1111 dicte
416 1053 550 1112 civitatis
575 1053 689 1112 montis
713 1052 875 1112 Grecensis
898 1054 930 1112 in
965 1052 1071 1110 eadem
1109 1054 1233 1112 civitate
1266 1055 1381 1112 montis
1416 1052 1578 1111 Grecensis

312 1165 420 1218 contra
453 1164 632 1218 annotatum
668 1159 840 1234 capitulum
875 1159 1002 1218 ecclesie
1037 1160 1244 1231 zagrabiensis
1279 1159 1318 1216 ad
1352 1164 1477 1217 octavas
1507 1159 1577 1218 testi

311 1267 395 1324 beati
419 1265 545 1339 Georgii
567 1266 704 1323 martiris
727 1271 801 1322 tunc
831 1271 977 1324 venturas
1012 1267 1043 1323 in
1078 1267 1162 1339 regie
1196 1267 1368 1324 serenitatis
1399 1273 1578 1324 evocassent

311 1374 513 1447 presenciam,
528 1373 685 1430 racionem
701 1370 740 1429 de
762 1373 923 1446 premissis
945 1371 1137 1442 reddituros;
1161 1372 1200 1430 ad
1224 1372 1429 1446 quasquidem
1453 1377 1577 1430 octavas

312 1480 395 1538 beati
415 1478 575 1537 Michaelis
598 1479 777 1551 archangeli
800 1478 914 1553 prefati
936 1480 968 1537 in
999 1493 1124 1537 causam
1158 1482 1282 1538 attracti
1305 1496 1362 1554 per
1394 1483 1575 1538 annotatum

310 1591 545 1661 procuratorem
569 1585 644 1644 dicti
665 1585 795 1660 capituli
818 1586 850 1644 in
884 1599 1016 1659 persona
1047 1585 1186 1644 eiusdem
1217 1588 1361 1660 congruis
1385 1585 1494 1644 diebus
1528 1587 1576 1659 ip-

310 1709 416 1752 sarum
438 1698 622 1752 octavarum
643 1707 749 1750 coram
772 1693 841 1767 ipso
865 1693 978 1750 comite
1014 1693 1148 1767 Mathius
1183 1695 1345 1768 expectati,
1381 1691 1521 1752 eiusdem
1543 1693 1575 1750 in

312 1800 504 1874 presenciam
519 1815 582 1858 non
596 1800 751 1858 venissent
762 1815 863 1873 neque
884 1800 1048 1871 misissent,
1073 1815 1106 1858 se
1123 1799 1332 1859 mediantibus
1348 1799 1460 1858 litteris
1476 1799 1575 1874 ipsius

311 1904 511 1981 judicialibus
535 1904 645 1964 exinde
668 1904 814 1964 coniectis
839 1906 871 1964 in
893 1903 1009 1981 judicio
1036 1908 1180 1978 agravari
1207 1907 1428 1980 permittentes,
1456 1905 1575 1980 postul-

310 2013 379 2070 lans
401 2017 585 2086 procurator
608 2010 683 2069 dicti
705 2011 835 2085 capituli
859 2009 960 2069 eidem
985 2027 1022 2070 ex
1039 2015 1126 2085 parte
1143 2017 1389 2070 memoratorum
1401 2014 1434 2070 in
1449 2027 1575 2070 causam

312 2124 516 2177 attractorum
539 2134 596 2192 per
618 2119 724 2190 ipsum
747 2118 893 2176 comitem
915 2119 1049 2176 Mathius
1072 2118 1103 2176 in
1127 2120 1287 2192 premissis
1306 2118 1383 2194 juris
1406 2119 1575 2192 equitatem

313 2225 476 2298 impertiri.
499 2226 538 2283 Et
554 2227 628 2298 quia
649 2223 744 2283 iidem
761 2226 793 2284 in
809 2240 934 2284 causam
949 2227 1071 2284 attracti
1086 2225 1124 2283 ad
1142 2227 1294 2300 premissa
1310 2226 1378 2284 vice
1393 2225 1573 2284 secundaria

310 2333 433 2390 evocari
456 2331 645 2404 debuissent,
670 2347 728 2408 pro
752 2349 789 2390 eo
811 2332 897 2391 idem
931 2347 1033 2391 comes
1065 2334 1199 2391 Mathius
1230 2339 1368 2392 vestram
1400 2333 1574 2390 amiciciam
1652 2411 1653 2414 Ἴ

309 2439 492 2498 litteratorie
516 2439 676 2512 petivisset
699 2438 873 2512 diligenter,
897 2444 1047 2511 quatenus
1069 2443 1209 2498 vestrum
1233 2441 1397 2498 mitteretis
1413 2439 1573 2496 hominem

309 2561 369 2619 pro
386 2546 562 2604 testimonio
577 2544 780 2618 fidedignum,
797 2561 859 2618 quo
879 2550 1022 2620 presente
1044 2546 1139 2604 homo
1155 2547 1257 2619 regius
1273 2547 1353 2604 inira
1369 2543 1573 2604 declarandus

310 2658 498 2711 memoratos
521 2654 553 2711 in
575 2667 700 2710 causam
723 2657 870 2710 attractos
893 2651 931 2708 ad
955 2653 1109 2726 premissa
1131 2659 1237 2712 contra
1272 2658 1452 2711 annotatum
1487 2651 1570 2725 capi-

309 2759 411 2817 tulum
436 2759 563 2817 ecclesie
586 2757 794 2831 zagrabiensis
816 2757 856 2815 ad
872 2762 997 2816 octavas
1013 2757 1083 2816 festi
1098 2759 1343 2834 Epiphaniarum
1367 2759 1485 2816 domini
1501 2762 1573 2815 tunc

308 2871 454 2924 venturas
476 2865 595 2938 regiam
619 2870 762 2922 evocaret
778 2865 809 2922 in
825 2864 1026 2937 presenciam,
1051 2869 1081 2922 et
1096 2870 1166 2939 post
1181 2867 1239 2923 hec
1260 2866 1358 2939 ipsius
1381 2865 1573 2922 evocacionis

308 2973 418 3030 seriem
443 2987 515 3029 cum
537 2971 717 3029 nominibus
742 2974 942 3029 evocatorum
965 2969 1005 3028 ad
1028 2976 1155 3030 octavas
1177 2972 1302 3030 easdem
1331 2972 1414 3030 dicto
1445 2970 1572 3028 domino

307 3083 413 3137 nostro
436 3079 502 3150 regi
524 3077 659 3135 fideliter
681 3077 902 3136 rescriberetis.
936 3077 962 3132 A
987 3078 1229 3151 quibusquidem
1252 3079 1370 3136 octavis
1404 3076 1474 3135 sesti
1500 3078 1572 3152 Epi·

307 3185 493 3259 phaniarum
510 3182 629 3240 domini
645 3182 719 3240 dum
743 3197 833 3241 causa
858 3185 999 3258 parcium
1023 3185 1195 3259 prescripta
1218 3194 1322 3259 partes
1345 3185 1424 3242 inter
1447 3183 1571 3242 easdem

308 3290 447 3348 seriebus
470 3289 646 3348 litterarum
671 3289 810 3346 eiusdem
832 3292 954 3350 comitis
978 3292 1111 3348 Mathius
1135 3291 1430 3364 prorogatoriarum
1460 3290 1572 3348 ventil-

307 3397 400 3455 landa
423 3397 463 3454 ad
487 3400 612 3454 octavas
636 3395 705 3453 sesti
728 3396 811 3454 beati
833 3397 942 3478 Jacobi
965 3398 1100 3471 apostoli
1124 3402 1196 3454 tunc
1232 3397 1376 3470 proxime
1408 3397 1570 3470 preteritas

306 3503 521 3578 prorogatorie
545 3501 716 3560 devenisset
724 3519 731 3572 ;
758 3501 884 3560 tandem
917 3505 994 3578 ipsis
1017 3505 1135 3561 octavis
1158 3503 1344 3562 instantibus
1366 3502 1571 3561 Lodomerius

308 3608 347 3666 de
371 3608 554 3666 Adonowch
577 3622 635 3682 pro
658 3611 803 3666 annotato
827 3611 964 3683 capitulo
988 3610 1116 3668 ecclesie
1139 3610 1346 3682 zagrabiensis
1363 3625 1435 3666 cum
1457 3623 1570 3682 procu-

308 3716 432 3774 ratoriis
455 3714 567 3772 litteris
582 3712 721 3771 eiusdem
736 3715 767 3771 in
784 3715 920 3772 eiusdem
938 3717 1060 3774 comitis
1076 3718 1209 3774 Mathius
1226 3716 1351 3773 veniens
1368 3715 1569 3788 presenciam,

306 3823 425 3880 litteras
449 3826 568 3878 vestras
591 3837 685 3894 super
707 3821 776 3894 ipsa
799 3824 983 3881 evocacione
1015 3839 1033 3880 a
1069 3823 1150 3882 dicto
1182 3823 1310 3881 domino
1334 3839 1406 3895 rege
1437 3823 1570 3895 rescrip-

306 3929 440 3986 cionales
463 3926 565 3984 eidem
588 3932 802 4000 presentasset,
827 3928 858 3986 in
882 3929 995 4000 quibus
1017 3930 1085 4002 ipse
1117 3945 1173 4002 per
1204 3929 1387 3986 Michaelem
1422 3927 1461 3984 de
1490 3928 1569 3999 Kys·

308 4049 384 4107 gora
407 4034 528 4106 regium
551 4048 586 4090 ac
610 4033 778 4090 discretum
801 4035 905 4091 virum
933 4036 1085 4116 Jacobum
1109 4036 1317 4110 presbiterum
1340 4035 1426 4092 chori
1442 4034 1569 4094 ecclesie

305 4145 407 4198 vestre
430 4139 682 4214 prebendarium,
714 4143 861 4212 vestrum,
893 4141 1042 4212 homines
1078 4141 1156 4200 feria
1186 4143 1292 4214 quinta
1323 4141 1467 4214 proxima
1498 4148 1569 4216 post

305 4246 418 4304 festum
443 4246 664 4320 Concepcionis
688 4247 817 4319 virginis
841 4248 976 4320 gloriose
999 4251 1030 4306 in
1053 4249 1136 4306 dicto
1166 4263 1246 4306 anno
1277 4247 1466 4323 preteritam,
1499 4265 1568 4323 pre·

305 4353 384 4411 fatos
414 4353 615 4427 Stephanum,
646 4353 749 4412 filium
779 4355 939 4412 Michaelis
970 4361 1044 4414 tunc
1076 4354 1221 4432 judicem,
1245 4354 1440 4426 Michaelem,
1463 4354 1567 4413 filium

305 4457 484 4530 Sebastiani,
508 4461 701 4518 Anthonium
723 4461 877 4536 Italicum,
894 4461 1046 4520 Briccium
1069 4463 1308 4534 Dombrensem‚
1332 4461 1458 4519 Petrum
1481 4463 1567 4520 Hun-

304 4580 423 4638 garum,
448 4565 618 4637 Georgium
641 4571 792 4624 sartorem
816 4572 845 4624 et
868 4567 1032 4625 Nicolaum
1064 4569 1141 4626 alias
1171 4565 1297 4644 judices,
1328 4582 1446 4625 necnon
1476 4567 1567 4626 Fabi·

304 4686 398 4728 anum
433 4672 612 4744 litteratum,
646 4673 776 4746 Fryche,
810 4673 956 4746 Blasium,
981 4675 1082 4733 lilium
1113 4674 1305 4747 Wythezych
1329 4680 1359 4732 et
1387 4674 1566 4747 Georgium,

304 4777 406 4835 filium
422 4779 576 4838 Francisci
592 4785 622 4836 et
637 4781 715 4838 alios
733 4779 858 4856 juratos,
876 4782 1021 4855 hospites,
1046 4783 1128 4840 cives
1152 4787 1293 4840 ettotam
1311 4783 1565 4840 communitatem

305 4884 385 4943 dicte
408 4885 541 4943 civitatis
564 4886 678 4945 montis
701 4886 864 4946 Grecensis
886 4889 918 4945 in
941 4888 1049 4945 eadem
1072 4889 1197 4946 civitate
1219 4889 1332 4946 montis
1348 4888 1510 4947 Grecensis
1526 4889 1563 4946 ad

304 4993 457 5064 premissa
481 4997 587 5050 contra
611 4998 792 5051 annotatum
816 4995 990 5068 capitulum
1014 4995 1142 5054 ecclesie
1165 4995 1371 5068 zagrabiensis
1395 4994 1435 5052 ad
1467 4993 1564 5054 dictas
