3930 5802
719 550 793 612 Doc.
816 545 886 608 162.
911 582 950 592 -
971 548 1027 607 An.
1051 558 1140 626 1452.
1500 563 1557 607 aar

302 655 412 664 -μ

300 774 411 839 torum,
435 761 670 840 celerarumque
692 781 799 824 rerum
829 769 860 823 et
881 765 1037 823 bonorum
1072 763 1233 835 utriusque
1268 778 1359 820 sexus
1390 763 1562 835 hominum,

299 872 340 930 ab
355 873 413 932 hac
428 873 497 931 luce
514 872 546 932 in
561 872 630 947 ipsa
653 872 777 931 civitate
793 871 907 930 montis
930 868 1092 928 Grecensis
1115 867 1341 941 decedencium,
1365 875 1471 927 contra
1494 885 1563 943 pre·

299 977 399 1037 latum
433 977 595 1038 dominum
618 978 769 1036 Mathiam
791 977 948 1050 abbatem,
970 992 1089 1035 necnon
1105 982 1204 1034 totum
1227 980 1412 1034 conventum
1434 975 1565 1050 predicti

300 1085 478 1143 monasterii
501 1085 591 1142 beate
621 1084 717 1142 Marie
733 1069 869 1157 ¹virginis
885 1088 915 1141 et
931 1069 1041 1142 fratres
1056 1081 1204 1154 eiusdem,
1227 1098 1346 1140 necnon
1361 1080 1482 1140 futuros
1497 1083 1563 1140 uni-

300 1206 406 1250 versos
440 1190 579 1250 eiusdem
614 1191 792 1250 monasterii
814 1191 952 1261 abbates,
975 1189 1007 1247 in
1030 1203 1076 1262 eo,
1100 1187 1184 1262 quod
1207 1189 1273 1262 ipse
1297 1187 1441 1246 dominus
1464 1189 1563 1246 abbas

299 1297 467 1356 modernus
490 1303 520 1356 et
553 1298 650 1357 futuri
672 1297 801 1356 abbates
825 1295 900 1354 dicti
921 1295 1101 1353 monasterii
1135 1293 1174 1352 de
1198 1293 1350 1352 universis
1381 1299 1411 1353 et
1433 1295 1564 1368 singulis

300 1403 548 1486 quibuscumque
570 1404 664 1461 rebus
688 1409 753 1461 tam
777 1401 971 1460 funeralibus
995 1415 1090 1475 quarn
1114 1401 1153 1458 de
1178 1401 1248 1459 aliis
1270 1400 1564 1476 quomodocumque

303 1509 439 1568 dimissis
462 1516 515 1568 aut
539 1509 659 1568 donatis
682 1525 740 1583 per
763 1508 984 1583 parrochianos
1005 1523 1058 1565 seu
1094 1506 1274 1580 plebizanos
1306 1506 1422 1580 prefati
1445 1507 1564 1566 domini

300 1616 423 1676 Nicolai
445 1617 574 1692 plebani
598 1615 738 1692 predicte
762 1615 889 1674 ecclesie
912 1613 1008 1673 sancti
1030 1613 1128 1670 Marci
1151 1610 1190 1670 de
1213 1611 1296 1670 dicto
1330 1618 1435 1672 monte
1458 1613 1563 1688 Grecz‚

303 1721 386 1780 cives
410 1722 556 1781 videlicet
578 1723 712 1780 civitatis
735 1721 873 1780 eiusdem
898 1721 1011 1778 montis
1034 1718 1196 1778 Grecensls
1214 1719 1252 1777 de
1267 1719 1354 1778 iuxta
1370 1719 1564 1795 Zagrabiam,

302 1828 412 1902 quiin
442 1829 506 1886 suis
540 1828 686 1886 extremis
720 1843 773 1886 seu
807 1827 927 1886 ultimis
959 1826 1174 1886 voluntatibus
1209 1825 1502 1901 quomodocumque
1535 1835 1565 1887 et

301 1934 569 2009 qualitercumque
592 1935 652 2009 ipsi
669 1934 796 1993 domino
822 1934 938 1992 Mathia
953 1933 1061 1991 abbati
1073 1946 1131 2006 pro
1145 1948 1226 1990 nunc
1241 1933 1383 1991 existenti
1407 1939 1437 1991 et
1453 1933 1565 1994 futuris

302 2041 471 2099 abbatibus
493 2042 525 2100 in
547 2040 658 2099 eodem
681 2040 869 2100 monasterio
900 2039 1084 2112 degentibus
1107 2038 1281 2111 legaverint
1304 2045 1334 2096 et
1369 2043 1564 2100 testamenta·

300 2148 373 2206 liter
396 2146 578 2213 dimiserint.
601 2153 632 2206 et
653 2148 839 2221 generaliter
874 2145 913 2204 de
936 2145 1053 2203 cunctis
1077 2144 1330 2217 obvencionibus,
1354 2145 1566 2219 legacionibus

300 2253 537 2312 testamentariis
561 2254 811 2327 quibuscumque
845 2259 876 2310 et
908 2251 1178 2326 qualitercumque
1211 2255 1241 2308 et
1271 2252 1565 2326 quomodocumque

300 2358 340 2417 ad
363 2374 576 2433 quoscumque
599 2374 673 2417 usus
704 2360 736 2417 in
758 2359 822 2416 vita
844 2373 899 2416 seu
921 2358 954 2416 in
977 2358 1086 2416 mortis
1120 2356 1252 2416 articulo
1290 2357 1378 2431 datis,
1401 2358 1512 2432 legatis
1535 2367 1566 2419 et

301 2463 445 2538 dimissis,
468 2465 528 2538 ipsi
550 2465 669 2524 domini
691 2465 820 2522 abbates
841 2464 1009 2523 modernus
1024 2469 1054 2522 et
1076 2463 1173 2522 futuri
1187 2464 1368 2538 porcionem
1386 2467 1566 2525 canonicam

301 2587 355 2630 seu
379 2575 522 2646 quartam
557 2570 679 2645 prelato
703 2570 829 2629 domino
865 2570 994 2629 Nicolao
1027 2569 1178 2628 moderno
1211 2576 1242 2628 et
1275 2569 1388 2630 futuris
1423 2573 1565 2648 plebanis

295 2676 438 2751 predicte
461 2676 588 2736 ecclesie
611 2678 709 2736 sancti
728 2667 825 2735 Marci
860 2676 933 2736 dare
965 2681 1108 2735 tenentur
1143 2681 1173 2735 et
1203 2677 1330 2735 realiter
1363 2679 1564 2754 respondere,

299 2787 469 2842 sentencias
501 2783 684 2842 diffinitivas
707 2783 890 2842 obtinuisset
915 2789 945 2841 et
967 2787 1164 2858 reportasset,
1188 2782 1227 2841 ad
1262 2784 1478 2859 plurimasque
1500 2803 1565 2844 arn·

301 2890 490 2948 moniciones
513 2905 569 2963 per
592 2895 693 2948 certos
716 2890 868 2964 plebanos
891 2887 992 2948 eidem
1016 2887 1142 2948 domino
1158 2890 1275 2948 Mathie
1291 2891 1399 2949 abbati
1415 2892 1565 2952 moderno

302 2995 405 3068 iactas,
421 2995 506 3054 idem
522 2995 666 3053 dominus
683 2996 781 3053 abbas
797 2995 835 3052 de
851 2994 1030 3053 huiusmodi
1045 2996 1190 3054 canonica
1206 2997 1360 3070 porcione,
1377 3014 1430 3056 seu
1447 3007 1565 3073 quarta,

301 3101 340 3160 de
374 3101 525 3160 universis
560 3102 653 3159 rebus
687 3102 857 3176 prenotatis
890 3101 1012 3159 nullam
1044 3101 1225 3175 impendere
1262 3101 1364 3160 eidem
1396 3106 1565 3165 curavisset

301 3207 556 3278 satisfaccionem,
591 3207 623 3265 in
656 3207 863 3282 preludicium
896 3207 972 3266 iuris
1007 3207 1055 3265 sui
1078 3212 1109 3266 et
1131 3206 1211 3265 dicte
1245 3208 1372 3266 ecclesie
1404 3225 1459 3268 sue
1492 3215 1566 3271 satis

210 3391 212 3398 Ι
301 3313 425 3385 grande.
449 3313 532 3371 Elin
555 3314 621 3371 vim
643 3313 781 3388 predicte
805 3330 858 3372 sue
882 3313 1013 3371 accionis
1048 3319 1207 3371 annotatas
1244 3316 1415 3372 sentencias
1451 3317 1564 3391 prefati

302 3419 420 3478 domini
442 3417 590 3493 Stephani
612 3418 821 3478 archidiaconi
844 3419 1044 3492 kathedralis,
1072 3419 1307 3478 locumtenentis
1336 3421 1484 3494 prelibati
1512 3423 1566 3482 do·

302 3525 380 3584 mini
401 3524 553 3584 Leonardi
576 3526 684 3584 vicarii
705 3527 804 3584 nostri
827 3527 859 3584 in
882 3525 1098 3600 spiritualibus
1120 3526 1283 3599 generalis,
1315 3542 1433 3586 necnon
1468 3531 1565 3588 eciam

302 3634 471 3691 sentencias
495 3633 628 3692 condam
649 3634 778 3692 alterius
800 3633 993 3693 honorabilis
1019 3633 1078 3692 viri
1101 3632 1221 3691 domini
1243 3633 1393 3708 Stephani
1415 3635 1565 3694 archidia-

303 3739 372 3798 coni
396 3737 541 3812 Kemluk,
565 3755 623 3814 pro
654 3744 726 3798 tunc
761 3739 870 3798 vicarii
899 3738 1063 3798 reverendi
1095 3739 1128 3798 in
1150 3738 1274 3798 Christo
1305 3739 1411 3813 patris,
1448 3739 1567 3800 domini

301 3845 484 3918 Eberhardi,
507 3846 646 3920 episcopi
667 3845 807 3904 eiusdem
830 3847 959 3906 ecclesie
981 3845 1198 3918 zagrabiensis,
1223 3845 1451 3920 predecessoris
1467 3850 1565 3906 nostri

302 3951 485 4022 charissimi,
510 3951 617 4010 vicarii
648 3952 794 4010 similiter
815 3953 848 4011 in
871 3953 1088 4027 spiritualibus
1111 3952 1280 4025 generalis;
1304 3951 1431 4010 demum
1456 3953 1566 4012 confir-

303 4057 477 4116 macionem
499 4058 652 4116 sentencie
683 4059 820 4117 annotati
855 4057 988 4117 condam
1022 4057 1142 4117 domini
1176 4057 1325 4132 Stephani
1359 4058 1567 4118 archidiaconi

304 4161 342 4220 de
373 4163 518 4236 Kemlulr,
551 4164 660 4222 vicarii
694 4165 743 4222 sui
776 4165 948 4238 spiritualis
982 4179 1039 4239 per
1073 4163 1206 4223 eundem
1241 4162 1373 4221 condam
1404 4163 1567 4222 dominum

304 4267 519 4326 Eberhardum
544 4269 614 4328 date
636 4277 666 4328 et
681 4273 829 4330 roborate
844 4273 986 4332 exhibuit
1002 4275 1032 4330 et
1054 4271 1245 4346 presentavit
1260 4285 1365 4328 coram
1380 4270 1479 4330 nobis.
1497 4271 1567 4344 Quo

304 4371 410 4431 audito
433 4373 572 4447 prelatus
595 4375 740 4434 dominus
775 4378 906 4436 Mathias
941 4378 1050 4450 abbas,
1085 4392 1142 4434 suo
1177 4381 1207 4434 et
1240 4376 1365 4434 nomine
1399 4383 1567 4435 conventus

304 4478 402 4536 tocius
425 4477 558 4538 fratrum
580 4481 714 4555 predicti
735 4485 914 4542 monasterii
937 4499 1042 4543 coram
1066 4484 1157 4542 nobis
1191 4483 1396 4556 personaliter
1430 4483 1566 4556 astando,

303 4583 464 4658 respondit
486 4601 524 4644 ex
547 4587 680 4644 adverso
695 4603 731 4645 eo
748 4587 859 4647 modo:
875 4589 959 4662 quod
984 4590 1056 4648 licet
1079 4587 1218 4663 prelatus
1242 4587 1386 4646 dominus
1418 4587 1564 4646 Nicolaus

304 4689 457 4763 plebanus
479 4691 617 4765 predicte
640 4695 768 4753 ecclesie
790 4695 887 4754 sancti
923 4696 1021 4754 Marci
1057 4687 1237 4753 huiusmodi
1266 4694 1435 4753 sentencias
1472 4711 1567 4769 super

304 4803 447 4854 annotata
470 4799 617 4872 porcione
640 4802 784 4860 canonica
800 4817 853 4859 seu
866 4807 977 4875 quarta
994 4801 1163 4860 obtinuerit
1178 4805 1208 4859 et
1228 4801 1443 4876 reportaverit,
1462 4806 1564 4858 tamen

305 4902 372 4976 ipse
396 4902 576 4963 huiusmodi
601 4911 743 4979 quartam
768 4923 822 4964 seu
844 4909 1024 4966 canonicam
1047 4908 1228 4982 porcionem
1251 4907 1380 4965 minime
1397 4905 1471 4964 dare
1487 4907 1568 4964 obli-

304 5014 437 5082 garetur,
460 5011 532 5084 quia
555 5011 730 5085 predictum
755 5014 978 5072 monasterium
1001 5029 1058 5088 per
1081 5014 1187 5072 sedern
1210 5013 1417 5089 apostolicam
1440 5013 1480 5070 ab
1501 5027 1567 5070 om·
