3930 5802
399 547 459 600 ¹50
808 531 881 590 Doc.
906 527 973 588 116.
1000 563 1039 574 -
1063 531 1120 589 An.
1145 525 1238 608 1438.

397 749 590 822 preteritum,
614 748 770 822 quendam
794 748 983 807 familiarem
1005 747 1127 806 Nicolai
1151 747 1302 806 aurifabri
1336 747 1412 806 civis
1434 750 1568 808 civitatis
1590 767 1660 824 pre·

395 853 476 914 dicte
499 854 538 912 de
560 856 690 930 Toplica
712 872 820 915 versus
844 855 1030 929 Zagrabiam
1053 856 1085 913 in
1107 855 1157 912 via
1181 855 1282 912 libera
1305 854 1533 930 procedentem,
1558 858 1659 916 homi·

392 977 446 1020 nes
468 963 567 1036 ipsius
589 961 688 1021 Vlrici
711 963 833 1022 comitis
856 977 955 1036 prope
978 959 1128 1020 Rakonok
1150 960 1342 1036 reperiendo
1365 977 1445 1035 equo
1476 979 1548 1021 curn
1578 963 1657 1021 sella

382 1075 425 1128 -et
447 1067 535 1131 freno
558 1069 763 1144 spoliassent;
787 1068 903 1126 eisdem
920 1068 1176 1142 procuratoribus
1189 1067 1249 1126 hoc
1264 1067 1449 1142 simpliciter
1464 1069 1657 1142 negantibus,

384 1176 515 1249 -ipsique
537 1176 611 1234 bani
634 1176 732 1234 nostri
756 1176 859 1234 taliter
888 1175 1030 1233 arbitrati
1054 1173 1190 1245 fuissent,
1222 1173 1307 1248 quod
1337 1173 1476 1249 prefatus
1510 1174 1657 1234 Nicolaus

393 1280 552 1340 aurifaber
575 1281 642 1340 sola
664 1297 720 1341 sua
743 1283 774 1340 in
797 1296 929 1356 persona
952 1296 1048 1355 super
1070 1280 1205 1339 sedecim
1228 1280 1351 1338 florenis
1375 1281 1443 1340 auri
1465 1281 1585 1354 valore,
1601 1282 1659 1340 sci·

392 1387 464 1446 licet
486 1387 558 1461 equi
580 1388 721 1462 predicti,
744 1403 839 1462 super
861 1387 1059 1445 estimacione
1082 1387 1199 1445 scilicet
1222 1385 1361 1446 eiusdem
1383 1385 1487 1464 jurare
1509 1385 1654 1460 deberet,

392 1499 422 1560 et
455 1493 596 1568 deposito
624 1495 693 1569 ipso
720 1492 904 1570 juramento,
928 1499 1085 1566 pretactus
1115 1492 1240 1550 Vlricus
1266 1497 1422 1568 pretactos
1444 1491 1578 1552 sedecim
1602 1485 1659 1550 flo-

393 1615 486 1658 renos
509 1601 578 1659 auri
600 1601 676 1675 ipsis
699 1600 821 1658 civibus
844 1599 966 1658 solvere
988 1603 1150 1657 teneretur.
1181 1599 1254 1657 Post
1287 1598 1548 1673 quarumquidem
1585 1615 1658 1673 que·

394 1706 609 1778 rimoniarum,
633 1705 845 1780 predictorum
868 1706 985 1763 civium
1016 1704 1270 1778 declaracionem,
1294 1712 1510 1780 procuratores
1544 1704 1657 1778 prefati

389 1813 557 1885 Vylbelmi
591 1821 698 1872 contra
730 1813 883 1896 Jacobum
916 1809 1052 1888 iudicem
1088 1811 1169 1870 dicte
1203 1812 1338 1870 civitatis
1360 1811 1392 1870 id
1416 1811 1657 1886 proposuissent,

391 1917 549 1992 quomodo
579 1919 646 1993 ipse
677 1918 834 1993 quendam
864 1917 1049 1976 familiarem
1075 1918 1173 1992 ipsius
1207 1917 1368 1991 Vylbelmi
1391 1917 1429 1976 de
1452 1917 1603 1976 Ralronolr
1624 1919 1657 1976 in

384 2025 458 2083 -suis
481 2025 662 2084 ambasiatis
685 2025 873 2084 destinatum
904 2039 1012 2082 versus
1042 2023 1175 2082 eundern
1205 2024 1411 2097 Vylbelmum
1441 2029 1656 2099 revertentem,

386 2131 470 2190 dum
505 2131 545 2189 ad
580 2132 695 2191 dictam
729 2133 886 2191 civitatem
908 2132 1108 2206 pervenisset,
1130 2131 1214 2190 idem
1237 2131 1372 2214 Jacobus
1394 2129 1497 2206 judex,
1520 2129 1653 2188 eundem

391 2239 493 2296 minus
527 2235 606 2313 juste
640 2239 833 2313 captivasset.
868 2238 936 2296 Hiis
959 2237 1073 2296 auditis
1096 2236 1210 2312 prefati
1233 2237 1342 2296 Petrus
1365 2243 1395 2295 et
1418 2237 1539 2296 Blasius
1564 2237 1655 2309 cives,

388 2349 606 2417 procuratores
629 2343 709 2403 dicte
731 2345 865 2404 civitatis
887 2345 920 2403 in
942 2359 1075 2420 persona
1099 2343 1174 2402 dicti
1197 2344 1307 2427 Jacobi
1336 2342 1448 2420 judicis
1477 2343 1654 2418 respondis·

389 2455 471 2509 sent:
494 2450 579 2525 quod
603 2452 668 2524 ipse
690 2430 823 2510 ¹eundem
848 2466 910 2510 non
931 2452 1126 2525 captivasset,
1150 2449 1204 2509 sed
1227 2450 1331 2509 solum
1354 2451 1394 2508 ad
1417 2451 1578 2524 querelam
1594 2451 1657 2509 cui·

388 2555 500 2616 usdam
522 2557 656 2616 hominis
679 2573 772 2633 super
794 2559 864 2632 ipso
887 2556 1036 2616 familiari
1058 2557 1133 2616 dicti
1156 2557 1307 2616 Vilhelmi
1330 2557 1531 2632 querulantis,
1553 2557 1586 2615 in
1608 2557 1656 2615 sui

389 2664 582 2736 presenciam
605 2663 738 2722 eundem
760 2679 873 2722 vocare
895 2663 1024 2722 fecisset.
1047 2664 1081 2722 ln
1105 2677 1167 2737 quo
1190 2663 1273 2722 facto
1297 2663 1372 2722 dicti
1394 2663 1469 2722 bani
1490 2663 1588 2722 nostri
1610 2668 1654 2720 ta·

388 2769 460 2828 liter
483 2771 626 2832 arbitrati
649 2769 784 2843 fuissent,
809 2771 893 2844 quod
916 2771 984 2844 ipse
1007 2770 1144 2852 Jacobus
1168 2768 1263 2846 judex
1285 2769 1354 2828 sola
1376 2785 1432 2828 sua
1461 2770 1494 2828 in
1524 2783 1656 2843 persona

387 2875 505 2934 ibidem
528 2877 559 2934 in
583 2877 712 2936 ecclesia
734 2879 833 2936 sancti
855 2878 952 2936 Marci
975 2877 1173 2952 ewangeliste
1188 2877 1220 2936 in
1236 2877 1360 2950 civitate
1376 2875 1515 2950 predicta
1529 2874 1654 2952 jurabit,

389 2983 473 3057 quod
498 2983 616 3044 dictum
640 2983 829 3042 familiarem
852 2985 989 3044 annotati
1004 2984 1156 3042 Vilhelmi
1172 2997 1234 3042 non
1250 2984 1443 3058 captivasset.
1467 2983 1554 3056 ltem,
1570 2983 1655 3057 quod

388 3089 464 3148 dum
486 3089 569 3148 idem
592 3089 770 3148 Vilhelmus
792 3091 969 3164 capitaneus
991 3096 1022 3148 et
1045 3090 1231 3148 castellanus
1255 3089 1387 3163 predicti
1411 3090 1503 3148 castri
1526 3089 1649 3148 Medvve

389 3196 544 3269 quendam
567 3197 710 3254 villicum
745 3211 838 3256 suum
861 3196 900 3254 ad
924 3195 1072 3254 emendos
1095 3197 1195 3270 pisces
1217 3211 1276 3271 pro
1299 3210 1360 3255 uno
1384 3195 1500 3255 floreno
1524 3197 1592 3254 auri
1613 3196 1654 3255 ad

388 3301 503 3360 dictam
538 3303 694 3360 civitatem
729 3301 918 3374 destinasset,
954 3307 1027 3360 tunc
1061 3301 1200 3376 prefatus
1233 3302 1369 3386 Jacobus
1402 3300 1497 3378 judex
1520 3302 1653 3362 eundem

388 3411 574 3483 captivasset
598 3415 627 3467 et
650 3416 778 3485 captum
801 3410 921 3469 diucius
944 3416 1162 3484 conservasset,
1186 3415 1216 3468 et
1238 3411 1342 3485 ipsum
1358 3409 1511 3468 florenum
1526 3410 1596 3468 auri
1611 3410 1652 3468 ab

386 3517 456 3592 ipso
490 3518 662 3591 recepisset.
698 3516 820 3590 Quibus
854 3515 974 3587 auditis,
1009 3516 1123 3591 prefati
1157 3523 1374 3592 procuratores
1409 3515 1652 3590 respondissent,

387 3621 471 3696 quod
495 3628 650 3697 pretactus
665 3623 790 3682 villicus
814 3623 888 3681 dicti
911 3622 1071 3696 Vilhelmi,
1087 3625 1164 3682 hora
1187 3623 1276 3696 quasi
1298 3627 1384 3681 sexta
1406 3623 1514 3696 noctis,
1545 3623 1576 3682 in
1611 3625 1652 3682 si·

388 3729 488 3788 leucio
511 3730 570 3788 sub
608 3745 700 3789 muro
732 3731 865 3788 civitatis
896 3730 1034 3805 predicte
1064 3735 1212 3804 tanquam
1243 3730 1424 3804 explorator
1454 3745 1511 3804 per
1541 3730 1652 3803 vigiles

386 3836 525 3896 eiusdem
548 3837 681 3896 civitatis
704 3845 845 3911 repertus
869 3843 898 3896 et
922 3839 966 3896 sic
989 3843 1097 3912 captus
1119 3835 1215 3914 judici
1239 3837 1379 3912 predicto
1402 3836 1510 3896 fuisset
1525 3852 1650 3912 presen-

386 3951 475 4017 tatus,
511 3945 640 4018 ipseque
673 3941 769 4020 judex
803 3943 921 4004 dictum
952 3945 1095 4004 villicum
1127 3946 1264 4004 annotati
1287 3937 1442 4004 Vilhelmi
1464 3959 1523 4020 pro
1546 3945 1652 4004 huius·

385 4051 473 4110 modi
494 4051 558 4110 suis
581 4051 737 4110 demeritis
760 4057 888 4126 captum
910 4058 1120 4110 conservasset
1136 4057 1166 4111 et
1181 4051 1315 4126 tandem,
1330 4067 1387 4126 pro
1403 4051 1649 4110 commutacione

384 4157 608 4216 nonnullorum
631 4158 805 4216 concivium
828 4171 957 4216 suorum
981 4158 1012 4216 in
1035 4158 1214 4232 captivitate
1239 4157 1314 4217 dicti
1336 4157 1486 4217 Vilhelmi
1508 4159 1540 4218 in
1564 4157 1646 4216 dicto

385 4269 488 4324 castro
510 4263 630 4322 Medvve
651 4265 862 4338 existencium,
878 4265 1010 4324 eundem
1033 4264 1120 4342 juxta
1142 4265 1381 4339 disposicionem
1397 4271 1577 4338 treugarum
1593 4280 1650 4339 per

386 4369 484 4428 dictos
519 4369 711 4430 Fridericum
746 4377 776 4430 et
810 4372 951 4431 Vlricum
987 4373 1115 4432 comites
1149 4372 1265 4432 eisdem
1300 4373 1421 4432 civibus
1453 4373 1596 4432 datarum
1619 4377 1650 4431 et

385 4477 609 4551 dispositarum
633 4477 671 4536 de
694 4479 761 4552 ipsa
785 4479 964 4552 captivitate
987 4480 1186 4553 permisisset,
1210 4480 1377 4554 ipsumque
1399 4479 1551 4538 florenum
1582 4480 1650 4538 auri

385 4584 426 4642 ab
449 4584 518 4658 ipso
541 4600 602 4642 non
625 4585 799 4660 recepisset.
822 4585 857 4643 ln
880 4601 942 4659 quo
965 4585 1046 4644 facto
1069 4585 1143 4645 dicti
1165 4586 1239 4644 bani
1261 4587 1359 4645 nostri
1381 4587 1485 4645 taliter
1507 4585 1650 4646 arbitrati

385 4689 522 4762 fuissent,
546 4689 630 4764 quod
653 4690 793 4766 prefatus
823 4692 949 4750 villicus
983 4692 1134 4751 Vilhelmi
1155 4689 1272 4768 jurabit
1294 4693 1361 4751 sola
1383 4708 1440 4752 sua
1461 4693 1492 4752 in
1516 4706 1649 4767 persona

384 4813 478 4871 super
501 4795 583 4856 dicto
607 4813 668 4856 uno
691 4797 808 4856 floreno
831 4799 900 4858 auri
922 4799 1041 4858 ibidem
1064 4798 1215 4872 Zagrabie
1237 4815 1342 4858 coram
1366 4800 1541 4858 testimonio
1564 4801 1649 4874 capi·

385 4903 442 4961 tuli
466 4903 593 4960 ecclesie
616 4904 804 4963 chasmensis
820 4911 996 4979 prenotate;
1019 4906 1147 4980 ipseque
1162 4905 1298 4988 Jacobus
1312 4903 1407 4982 judex
1421 4905 1528 4964 habita
1543 4906 1648 4966 buius·

384 5007 470 5068 modi
492 5007 690 5086 juramentali
713 5011 910 5086 deposicione
929 5013 1034 5087 ipsum
1056 5011 1207 5072 florenum
1237 5013 1305 5072 auri
1335 5013 1437 5072 eidem
1469 5014 1648 5088 persolvere
